[
  {
    "date": "2025-06-30",
    "symbol": "FICO",
    "reportedCurrency": "USD",
    "cik": "0000814547",
    "fillingDate": "2025-07-30",
    "acceptedDate": "2025-07-30 16:16:49",
    "calendarYear": "2025",
    "period": "Q3",
    "revenue": 536415000,
    "costOfRevenue": 87571000,
    "grossProfit": 448844000,
    "grossProfitRatio": 0.8367476674,
    "researchAndDevelopmentExpenses": 47212000,
    "generalAndAdministrativeExpenses": 0,
    "sellingAndMarketingExpenses": 0,
    "sellingGeneralAndAdministrativeExpenses": 139114000,
    "otherExpenses": 0,
    "operatingExpenses": 186326000,
    "costAndExpenses": 273897000,
    "interestIncome": 0,
    "interestExpense": 32899000,
    "depreciationAndAmortization": 3981000,
    "ebitda": 273871000,
    "ebitdaratio": 0.5105580567,
    "operatingIncome": 262518000,
    "operatingIncomeRatio": 0.4893934733,
    "totalOtherIncomeExpensesNet": -25527000,
    "incomeBeforeTax": 236991000,
    "incomeBeforeTaxRatio": 0.4418053186,
    "incomeTaxExpense": 55202000,
    "netIncome": 181789000,
    "netIncomeRatio": 0.3388961904,
    "eps": 7.49,
    "epsdiluted": 7.4,
    "weightedAverageShsOut": 24284000,
    "weightedAverageShsOutDil": 24575000,
    "link": "https://www.sec.gov/Archives/edgar/data/814547/000081454725000022/0000814547-25-000022-index.htm",
    "finalLink": "https://www.sec.gov/Archives/edgar/data/814547/000081454725000022/fico-20250630.htm"
  },
  {
    "date": "2025-03-31",
    "symbol": "FICO",
    "reportedCurrency": "USD",
    "cik": "0000814547",
    "fillingDate": "2025-04-29",
    "acceptedDate": "2025-04-29 16:15:38",
    "calendarYear": "2025",
    "period": "Q2",
    "revenue": 498735000,
    "costOfRevenue": 87630000,
    "grossProfit": 411105000,
    "grossProfitRatio": 0.8242954675,
    "researchAndDevelopmentExpenses": 45037000,
    "generalAndAdministrativeExpenses": 0,
    "sellingAndMarketingExpenses": 0,
    "sellingGeneralAndAdministrativeExpenses": 120420000,
    "otherExpenses": 0,
    "operatingExpenses": 165457000,
    "costAndExpenses": 253087000,
    "interestIncome": 0,
    "interestExpense": 31378000,
    "depreciationAndAmortization": 3415000,
    "ebitda": 247809000,
    "ebitdaratio": 0.496875094,
    "operatingIncome": 245648000,
    "operatingIncomeRatio": 0.4925421316,
    "totalOtherIncomeExpensesNet": -32632000,
    "incomeBeforeTax": 213016000,
    "incomeBeforeTaxRatio": 0.4271125949,
    "incomeTaxExpense": 50401000,
    "netIncome": 162615000,
    "netIncomeRatio": 0.3260549189,
    "eps": 6.67,
    "epsdiluted": 6.59,
    "weightedAverageShsOut": 24389000,
    "weightedAverageShsOutDil": 24685000,
    "link": "https://www.sec.gov/Archives/edgar/data/814547/000081454725000014/0000814547-25-000014-index.htm",
    "finalLink": "https://www.sec.gov/Archives/edgar/data/814547/000081454725000014/fico-20250331.htm"
  },
  {
    "date": "2024-12-31",
    "symbol": "FICO",
    "reportedCurrency": "USD",
    "cik": "0000814547",
    "fillingDate": "2025-02-04",
    "acceptedDate": "2025-02-04 16:16:25",
    "calendarYear": "2025",
    "period": "Q1",
    "revenue": 439968000,
    "costOfRevenue": 87345000,
    "grossProfit": 352623000,
    "grossProfitRatio": 0.8014741981,
    "researchAndDevelopmentExpenses": 45145000,
    "generalAndAdministrativeExpenses": 0,
    "sellingAndMarketingExpenses": 0,
    "sellingGeneralAndAdministrativeExpenses": 127950000,
    "otherExpenses": 0,
    "operatingExpenses": 173095000,
    "costAndExpenses": 260440000,
    "interestIncome": 0,
    "interestExpense": 29488000,
    "depreciationAndAmortization": 3535000,
    "ebitda": 183152000,
    "ebitdaratio": 0.4162848207,
    "operatingIncome": 179528000,
    "operatingIncomeRatio": 0.408047858,
    "totalOtherIncomeExpensesNet": -29399000,
    "incomeBeforeTax": 150129000,
    "incomeBeforeTaxRatio": 0.3412270892,
    "incomeTaxExpense": -2399000,
    "netIncome": 152528000,
    "netIncomeRatio": 0.3466797585,
    "eps": 6.26,
    "epsdiluted": 6.14,
    "weightedAverageShsOut": 24378000,
    "weightedAverageShsOutDil": 24827000,
    "link": "https://www.sec.gov/Archives/edgar/data/814547/000081454725000008/0000814547-25-000008-index.htm",
    "finalLink": "https://www.sec.gov/Archives/edgar/data/814547/000081454725000008/fico-20241231.htm"
  },
  {
    "date": "2024-09-30",
    "symbol": "FICO",
    "reportedCurrency": "USD",
    "cik": "0000814547",
    "fillingDate": "2024-11-06",
    "acceptedDate": "2024-11-06 16:16:04",
    "calendarYear": "2024",
    "period": "Q4",
    "revenue": 453809000,
    "costOfRevenue": 89574000,
    "grossProfit": 364235000,
    "grossProfitRatio": 0.8026174007,
    "researchAndDevelopmentExpenses": 44208000,
    "generalAndAdministrativeExpenses": 0,
    "sellingAndMarketingExpenses": 0,
    "sellingGeneralAndAdministrativeExpenses": 122757000,
    "otherExpenses": 92000,
    "operatingExpenses": 167057000,
    "costAndExpenses": 256631000,
    "interestIncome": 0,
    "interestExpense": 28515000,
    "depreciationAndAmortization": 3815000,
    "ebitda": 203713000,
    "ebitdaratio": 0.4488959011,
    "operatingIncome": 197178000,
    "operatingIncomeRatio": 0.4344955697,
    "totalOtherIncomeExpensesNet": -25795000,
    "incomeBeforeTax": 171383000,
    "incomeBeforeTaxRatio": 0.3776544758,
    "incomeTaxExpense": 35692000,
    "netIncome": 135691000,
    "netIncomeRatio": 0.2990046473,
    "eps": 5.54,
    "epsdiluted": 5.44,
    "weightedAverageShsOut": 24676000,
    "weightedAverageShsOutDil": 25079000,
    "link": "https://www.sec.gov/Archives/edgar/data/814547/000162828024045719/0001628280-24-045719-index.htm",
    "finalLink": "https://www.sec.gov/Archives/edgar/data/814547/000162828024045719/fico-20240930.htm"
  },
  {
    "date": "2024-06-30",
    "symbol": "FICO",
    "reportedCurrency": "USD",
    "cik": "0000814547",
    "fillingDate": "2024-07-31",
    "acceptedDate": "2024-07-31 16:16:14",
    "calendarYear": "2024",
    "period": "Q3",
    "revenue": 447849000,
    "costOfRevenue": 88500000,
    "grossProfit": 359349000,
    "grossProfitRatio": 0.8023887516,
    "researchAndDevelopmentExpenses": 44217000,
    "generalAndAdministrativeExpenses": 0,
    "sellingAndMarketingExpenses": 0,
    "sellingGeneralAndAdministrativeExpenses": 124881000,
    "otherExpenses": 275000,
    "operatingExpenses": 169373000,
    "costAndExpenses": 257598000,
    "interestIncome": 0,
    "interestExpense": 26868000,
    "depreciationAndAmortization": 3834000,
    "ebitda": 198020000,
    "ebitdaratio": 0.4421579595,
    "operatingIncome": 190251000,
    "operatingIncomeRatio": 0.4248105946,
    "totalOtherIncomeExpensesNet": -22933000,
    "incomeBeforeTax": 167318000,
    "incomeBeforeTaxRatio": 0.373603603,
    "incomeTaxExpense": 41062000,
    "netIncome": 126256000,
    "netIncomeRatio": 0.2819164495,
    "eps": 5.12,
    "epsdiluted": 5.05,
    "weightedAverageShsOut": 24646000,
    "weightedAverageShsOutDil": 25015000,
    "link": "https://www.sec.gov/Archives/edgar/data/814547/000081454724000024/0000814547-24-000024-index.htm",
    "finalLink": "https://www.sec.gov/Archives/edgar/data/814547/000081454724000024/fico-20240630.htm"
  },
  {
    "date": "2024-03-31",
    "symbol": "FICO",
    "reportedCurrency": "USD",
    "cik": "0000814547",
    "fillingDate": "2024-04-25",
    "acceptedDate": "2024-04-25 16:17:35",
    "calendarYear": "2024",
    "period": "Q2",
    "revenue": 433809000,
    "costOfRevenue": 87221000,
    "grossProfit": 346588000,
    "grossProfitRatio": 0.7989414696,
    "researchAndDevelopmentExpenses": 40880000,
    "generalAndAdministrativeExpenses": 0,
    "sellingAndMarketingExpenses": 0,
    "sellingGeneralAndAdministrativeExpenses": 110867000,
    "otherExpenses": 275000,
    "operatingExpenses": 152022000,
    "costAndExpenses": 238968000,
    "interestIncome": 0,
    "interestExpense": 26093000,
    "depreciationAndAmortization": 3354000,
    "ebitda": 202181000,
    "ebitdaratio": 0.466059948,
    "operatingIncome": 194841000,
    "operatingIncomeRatio": 0.4491400593,
    "totalOtherIncomeExpensesNet": -22107000,
    "incomeBeforeTax": 172734000,
    "incomeBeforeTaxRatio": 0.3981798441,
    "incomeTaxExpense": 42935000,
    "netIncome": 129799000,
    "netIncomeRatio": 0.2992077158,
    "eps": 5.23,
    "epsdiluted": 5.16,
    "weightedAverageShsOut": 24819000,
    "weightedAverageShsOutDil": 25154000,
    "link": "https://www.sec.gov/Archives/edgar/data/814547/000081454724000016/0000814547-24-000016-index.htm",
    "finalLink": "https://www.sec.gov/Archives/edgar/data/814547/000081454724000016/fico-20240331.htm"
  },
  {
    "date": "2023-12-31",
    "symbol": "FICO",
    "reportedCurrency": "USD",
    "cik": "0000814547",
    "fillingDate": "2024-01-25",
    "acceptedDate": "2024-01-25 16:16:00",
    "calendarYear": "2024",
    "period": "Q1",
    "revenue": 382059000,
    "costOfRevenue": 83461000,
    "grossProfit": 298598000,
    "grossProfitRatio": 0.7815494466,
    "researchAndDevelopmentExpenses": 42635000,
    "generalAndAdministrativeExpenses": 0,
    "sellingAndMarketingExpenses": 0,
    "sellingGeneralAndAdministrativeExpenses": 104329000,
    "otherExpenses": 275000,
    "operatingExpenses": 147239000,
    "costAndExpenses": 230700000,
    "interestIncome": 0,
    "interestExpense": 24162000,
    "depreciationAndAmortization": 2824000,
    "ebitda": 157576000,
    "ebitdaratio": 0.4124389165,
    "operatingIncome": 151359000,
    "operatingIncomeRatio": 0.3961665607,
    "totalOtherIncomeExpensesNet": -20769000,
    "incomeBeforeTax": 130590000,
    "incomeBeforeTaxRatio": 0.3418058467,
    "incomeTaxExpense": 9525000,
    "netIncome": 121065000,
    "netIncomeRatio": 0.3168751423,
    "eps": 4.89,
    "epsdiluted": 4.8,
    "weightedAverageShsOut": 24764000,
    "weightedAverageShsOutDil": 25219000,
    "link": "https://www.sec.gov/Archives/edgar/data/814547/000081454724000005/0000814547-24-000005-index.htm",
    "finalLink": "https://www.sec.gov/Archives/edgar/data/814547/000081454724000005/fico-20231231.htm"
  },
  {
    "date": "2023-09-30",
    "symbol": "FICO",
    "reportedCurrency": "USD",
    "cik": "0000814547",
    "fillingDate": "2023-11-08",
    "acceptedDate": "2023-11-08 16:16:41",
    "calendarYear": "2023",
    "period": "Q4",
    "revenue": 389733000,
    "costOfRevenue": 82832000,
    "grossProfit": 306901000,
    "grossProfitRatio": 0.7874647515,
    "researchAndDevelopmentExpenses": 41596000,
    "generalAndAdministrativeExpenses": 0,
    "sellingAndMarketingExpenses": 0,
    "sellingGeneralAndAdministrativeExpenses": 99331000,
    "otherExpenses": 275000,
    "operatingExpenses": 141202000,
    "costAndExpenses": 224034000,
    "interestIncome": 0,
    "interestExpense": 24304000,
    "depreciationAndAmortization": 2996000,
    "ebitda": 167765000,
    "ebitdaratio": 0.4304613671,
    "operatingIncome": 165699000,
    "operatingIncomeRatio": 0.4251603021,
    "totalOtherIncomeExpensesNet": -25234000,
    "incomeBeforeTax": 140465000,
    "incomeBeforeTaxRatio": 0.3604134112,
    "incomeTaxExpense": 39041000,
    "netIncome": 101424000,
    "netIncomeRatio": 0.2602397026,
    "eps": 4.09,
    "epsdiluted": 4.01,
    "weightedAverageShsOut": 24826000,
    "weightedAverageShsOutDil": 25273000,
    "link": "https://www.sec.gov/Archives/edgar/data/814547/000081454723000022/0000814547-23-000022-index.htm",
    "finalLink": "https://www.sec.gov/Archives/edgar/data/814547/000081454723000022/fico-20230930.htm"
  },
  {
    "date": "2023-06-30",
    "symbol": "FICO",
    "reportedCurrency": "USD",
    "cik": "0000814547",
    "fillingDate": "2023-08-02",
    "acceptedDate": "2023-08-02 16:17:57",
    "calendarYear": "2023",
    "period": "Q3",
    "revenue": 398688000,
    "costOfRevenue": 71846000,
    "grossProfit": 326842000,
    "grossProfitRatio": 0.8197939241,
    "researchAndDevelopmentExpenses": 41455000,
    "generalAndAdministrativeExpenses": 0,
    "sellingAndMarketingExpenses": 0,
    "sellingGeneralAndAdministrativeExpenses": 108081000,
    "otherExpenses": 275000,
    "operatingExpenses": 149811000,
    "costAndExpenses": 221657000,
    "interestIncome": 0,
    "interestExpense": 24545000,
    "depreciationAndAmortization": 3348000,
    "ebitda": 185680000,
    "ebitdaratio": 0.4657275865,
    "operatingIncome": 177031000,
    "operatingIncomeRatio": 0.4440339313,
    "totalOtherIncomeExpensesNet": -19244000,
    "incomeBeforeTax": 157787000,
    "incomeBeforeTaxRatio": 0.3957656112,
    "incomeTaxExpense": 29029000,
    "netIncome": 128758000,
    "netIncomeRatio": 0.3229542901,
    "eps": 5.16,
    "epsdiluted": 5.08,
    "weightedAverageShsOut": 24959000,
    "weightedAverageShsOutDil": 25337000,
    "link": "https://www.sec.gov/Archives/edgar/data/814547/000081454723000013/0000814547-23-000013-index.htm",
    "finalLink": "https://www.sec.gov/Archives/edgar/data/814547/000081454723000013/fico-20230630.htm"
  },
  {
    "date": "2023-03-31",
    "symbol": "FICO",
    "reportedCurrency": "USD",
    "cik": "0000814547",
    "fillingDate": "2023-04-27",
    "acceptedDate": "2023-04-27 16:16:24",
    "calendarYear": "2023",
    "period": "Q2",
    "revenue": 380266000,
    "costOfRevenue": 79806000,
    "grossProfit": 300460000,
    "grossProfitRatio": 0.7901311187,
    "researchAndDevelopmentExpenses": 40266000,
    "generalAndAdministrativeExpenses": 0,
    "sellingAndMarketingExpenses": 0,
    "sellingGeneralAndAdministrativeExpenses": 100158000,
    "otherExpenses": 275000,
    "operatingExpenses": 140699000,
    "costAndExpenses": 220505000,
    "interestIncome": 0,
    "interestExpense": 23897000,
    "depreciationAndAmortization": 4014000,
    "ebitda": 165380000,
    "ebitdaratio": 0.4349060921,
    "operatingIncome": 159761000,
    "operatingIncomeRatio": 0.4201295935,
    "totalOtherIncomeExpensesNet": -22292000,
    "incomeBeforeTax": 137469000,
    "incomeBeforeTaxRatio": 0.3615074711,
    "incomeTaxExpense": 35919000,
    "netIncome": 101550000,
    "netIncomeRatio": 0.2670499072,
    "eps": 4.04,
    "epsdiluted": 4,
    "weightedAverageShsOut": 25116000,
    "weightedAverageShsOutDil": 25419000,
    "link": "https://www.sec.gov/Archives/edgar/data/814547/000081454723000008/0000814547-23-000008-index.htm",
    "finalLink": "https://www.sec.gov/Archives/edgar/data/814547/000081454723000008/fico-20230331.htm"
  },
  {
    "date": "2022-12-31",
    "symbol": "FICO",
    "reportedCurrency": "USD",
    "cik": "0000814547",
    "fillingDate": "2023-01-26",
    "acceptedDate": "2023-01-26 16:24:02",
    "calendarYear": "2023",
    "period": "Q1",
    "revenue": 344870000,
    "costOfRevenue": 76569000,
    "grossProfit": 268301000,
    "grossProfitRatio": 0.7779772088,
    "researchAndDevelopmentExpenses": 36633000,
    "generalAndAdministrativeExpenses": 0,
    "sellingAndMarketingExpenses": 0,
    "sellingGeneralAndAdministrativeExpenses": 92995000,
    "otherExpenses": -1666000,
    "operatingExpenses": 127962000,
    "costAndExpenses": 204531000,
    "interestIncome": 0,
    "interestExpense": 22800000,
    "depreciationAndAmortization": 4280000,
    "ebitda": 144983000,
    "ebitdaratio": 0.4203989909,
    "operatingIncome": 140339000,
    "operatingIncomeRatio": 0.4069330472,
    "totalOtherIncomeExpensesNet": -22436000,
    "incomeBeforeTax": 117903000,
    "incomeBeforeTaxRatio": 0.3418766492,
    "incomeTaxExpense": 20260000,
    "netIncome": 97643000,
    "netIncomeRatio": 0.283129875,
    "eps": 3.9,
    "epsdiluted": 3.84,
    "weightedAverageShsOut": 25045000,
    "weightedAverageShsOutDil": 25443000,
    "link": "https://www.sec.gov/Archives/edgar/data/814547/000081454723000004/0000814547-23-000004-index.htm",
    "finalLink": "https://www.sec.gov/Archives/edgar/data/814547/000081454723000004/fico-20221231.htm"
  },
  {
    "date": "2022-09-30",
    "symbol": "FICO",
    "reportedCurrency": "USD",
    "cik": "0000814547",
    "fillingDate": "2022-11-09",
    "acceptedDate": "2022-11-09 16:25:02",
    "calendarYear": "2022",
    "period": "Q4",
    "revenue": 348748000,
    "costOfRevenue": 82486000,
    "grossProfit": 266262000,
    "grossProfitRatio": 0.7634796472,
    "researchAndDevelopmentExpenses": 35511000,
    "generalAndAdministrativeExpenses": 0,
    "sellingAndMarketingExpenses": 0,
    "sellingGeneralAndAdministrativeExpenses": 96153000,
    "otherExpenses": 442000,
    "operatingExpenses": 132106000,
    "costAndExpenses": 214592000,
    "interestIncome": 0,
    "interestExpense": 20840000,
    "depreciationAndAmortization": 4646000,
    "ebitda": 138596000,
    "ebitdaratio": 0.3974101644,
    "operatingIncome": 134156000,
    "operatingIncomeRatio": 0.3846789086,
    "totalOtherIncomeExpensesNet": -21046000,
    "incomeBeforeTax": 113110000,
    "incomeBeforeTaxRatio": 0.3243316091,
    "incomeTaxExpense": 22411000,
    "netIncome": 90699000,
    "netIncomeRatio": 0.2600703086,
    "eps": 3.6,
    "epsdiluted": 3.55,
    "weightedAverageShsOut": 25221000,
    "weightedAverageShsOutDil": 25573000,
    "link": "https://www.sec.gov/Archives/edgar/data/814547/000081454722000016/0000814547-22-000016-index.htm",
    "finalLink": "https://www.sec.gov/Archives/edgar/data/814547/000081454722000016/fico-20220930.htm"
  },
  {
    "date": "2022-06-30",
    "symbol": "FICO",
    "reportedCurrency": "USD",
    "cik": "0000814547",
    "fillingDate": "2022-08-03",
    "acceptedDate": "2022-08-03 16:17:25",
    "calendarYear": "2022",
    "period": "Q3",
    "revenue": 348966000,
    "costOfRevenue": 78691000,
    "grossProfit": 270275000,
    "grossProfitRatio": 0.7745023871,
    "researchAndDevelopmentExpenses": 35880000,
    "generalAndAdministrativeExpenses": 0,
    "sellingAndMarketingExpenses": 0,
    "sellingGeneralAndAdministrativeExpenses": 93248000,
    "otherExpenses": 532000,
    "operatingExpenses": 129660000,
    "costAndExpenses": 208351000,
    "interestIncome": 0,
    "interestExpense": 18721000,
    "depreciationAndAmortization": 5163000,
    "ebitda": 144778000,
    "ebitdaratio": 0.414877094,
    "operatingIncome": 140615000,
    "operatingIncomeRatio": 0.4029475651,
    "totalOtherIncomeExpensesNet": -19721000,
    "incomeBeforeTax": 120894000,
    "incomeBeforeTaxRatio": 0.3464348962,
    "incomeTaxExpense": 27394000,
    "netIncome": 93500000,
    "netIncomeRatio": 0.2679344119,
    "eps": 3.65,
    "epsdiluted": 3.61,
    "weightedAverageShsOut": 25634000,
    "weightedAverageShsOutDil": 25867000,
    "link": "https://www.sec.gov/Archives/edgar/data/814547/000081454722000013/0000814547-22-000013-index.htm",
    "finalLink": "https://www.sec.gov/Archives/edgar/data/814547/000081454722000013/fico-20220630.htm"
  },
  {
    "date": "2022-03-31",
    "symbol": "FICO",
    "reportedCurrency": "USD",
    "cik": "0000814547",
    "fillingDate": "2022-04-27",
    "acceptedDate": "2022-04-27 16:19:49",
    "calendarYear": "2022",
    "period": "Q2",
    "revenue": 357195000,
    "costOfRevenue": 71794000,
    "grossProfit": 285401000,
    "grossProfitRatio": 0.7990061451,
    "researchAndDevelopmentExpenses": 36387000,
    "generalAndAdministrativeExpenses": 0,
    "sellingAndMarketingExpenses": 0,
    "sellingGeneralAndAdministrativeExpenses": 96414000,
    "otherExpenses": 543000,
    "operatingExpenses": 133344000,
    "costAndExpenses": 205138000,
    "interestIncome": 0,
    "interestExpense": 17211000,
    "depreciationAndAmortization": 5429000,
    "ebitda": 155125000,
    "ebitdaratio": 0.4342865942,
    "operatingIncome": 152057000,
    "operatingIncomeRatio": 0.4256974482,
    "totalOtherIncomeExpensesNet": -19572000,
    "incomeBeforeTax": 132485000,
    "incomeBeforeTaxRatio": 0.370903848,
    "incomeTaxExpense": 28102000,
    "netIncome": 104383000,
    "netIncomeRatio": 0.2922297345,
    "eps": 3.99,
    "epsdiluted": 3.95,
    "weightedAverageShsOut": 26145000,
    "weightedAverageShsOutDil": 26421000,
    "link": "https://www.sec.gov/Archives/edgar/data/814547/000081454722000008/0000814547-22-000008-index.htm",
    "finalLink": "https://www.sec.gov/Archives/edgar/data/814547/000081454722000008/fico-20220331.htm"
  },
  {
    "date": "2021-12-31",
    "symbol": "FICO",
    "reportedCurrency": "USD",
    "cik": "0000814547",
    "fillingDate": "2022-01-27",
    "acceptedDate": "2022-01-27 16:26:46",
    "calendarYear": "2022",
    "period": "Q1",
    "revenue": 322361000,
    "costOfRevenue": 69203000,
    "grossProfit": 253158000,
    "grossProfitRatio": 0.7853245275,
    "researchAndDevelopmentExpenses": 38980000,
    "generalAndAdministrativeExpenses": 0,
    "sellingAndMarketingExpenses": 0,
    "sellingGeneralAndAdministrativeExpenses": 98048000,
    "otherExpenses": 544000,
    "operatingExpenses": 137572000,
    "costAndExpenses": 206775000,
    "interestIncome": 0,
    "interestExpense": 12195000,
    "depreciationAndAmortization": 5227000,
    "ebitda": 122242000,
    "ebitdaratio": 0.379208403,
    "operatingIncome": 115586000,
    "operatingIncomeRatio": 0.358560744,
    "totalOtherIncomeExpensesNet": -10766000,
    "incomeBeforeTax": 104820000,
    "incomeBeforeTaxRatio": 0.3251634038,
    "incomeTaxExpense": 19861000,
    "netIncome": 84959000,
    "netIncomeRatio": 0.2635523528,
    "eps": 3.13,
    "epsdiluted": 3.09,
    "weightedAverageShsOut": 27167000,
    "weightedAverageShsOutDil": 27524000,
    "link": "https://www.sec.gov/Archives/edgar/data/814547/000081454722000003/0000814547-22-000003-index.htm",
    "finalLink": "https://www.sec.gov/Archives/edgar/data/814547/000081454722000003/fico-20211231.htm"
  },
  {
    "date": "2021-09-30",
    "symbol": "FICO",
    "reportedCurrency": "USD",
    "cik": "0000814547",
    "fillingDate": "2021-11-10",
    "acceptedDate": "2021-11-10 16:25:41",
    "calendarYear": "2021",
    "period": "Q4",
    "revenue": 334577000,
    "costOfRevenue": 72361000,
    "grossProfit": 262216000,
    "grossProfitRatio": 0.783723926,
    "researchAndDevelopmentExpenses": 41142000,
    "generalAndAdministrativeExpenses": 0,
    "sellingAndMarketingExpenses": 0,
    "sellingGeneralAndAdministrativeExpenses": 97369000,
    "otherExpenses": 8520000,
    "operatingExpenses": 147031000,
    "costAndExpenses": 219392000,
    "interestIncome": 0,
    "interestExpense": 10490000,
    "depreciationAndAmortization": 5526000,
    "ebitda": 121482000,
    "ebitdaratio": 0.3630913063,
    "operatingIncome": 115185000,
    "operatingIncomeRatio": 0.3442705267,
    "totalOtherIncomeExpensesNet": -9719000,
    "incomeBeforeTax": 105466000,
    "incomeBeforeTaxRatio": 0.3152219071,
    "incomeTaxExpense": 19746000,
    "netIncome": 85720000,
    "netIncomeRatio": 0.2562041025,
    "eps": 3.06,
    "epsdiluted": 3,
    "weightedAverageShsOut": 28043000,
    "weightedAverageShsOutDil": 28531000,
    "link": "https://www.sec.gov/Archives/edgar/data/814547/000081454721000019/0000814547-21-000019-index.htm",
    "finalLink": "https://www.sec.gov/Archives/edgar/data/814547/000081454721000019/fico-20210930.htm"
  },
  {
    "date": "2021-06-30",
    "symbol": "FICO",
    "reportedCurrency": "USD",
    "cik": "0000814547",
    "fillingDate": "2021-08-03",
    "acceptedDate": "2021-08-03 16:28:37",
    "calendarYear": "2021",
    "period": "Q3",
    "revenue": 338184000,
    "costOfRevenue": 82240000,
    "grossProfit": 255944000,
    "grossProfitRatio": 0.7568187732,
    "researchAndDevelopmentExpenses": 45826000,
    "generalAndAdministrativeExpenses": 0,
    "sellingAndMarketingExpenses": 0,
    "sellingGeneralAndAdministrativeExpenses": 107729000,
    "otherExpenses": -91995000,
    "operatingExpenses": 61560000,
    "costAndExpenses": 143800000,
    "interestIncome": 0,
    "interestExpense": 10018000,
    "depreciationAndAmortization": 6365000,
    "ebitda": 204275000,
    "ebitdaratio": 0.6040350815,
    "operatingIncome": 194384000,
    "operatingIncomeRatio": 0.5747876895,
    "totalOtherIncomeExpensesNet": -6492000,
    "incomeBeforeTax": 187892000,
    "incomeBeforeTaxRatio": 0.5555910392,
    "incomeTaxExpense": 36694000,
    "netIncome": 151198000,
    "netIncomeRatio": 0.4470879758,
    "eps": 5.27,
    "epsdiluted": 5.18,
    "weightedAverageShsOut": 28687000,
    "weightedAverageShsOutDil": 29195000,
    "link": "https://www.sec.gov/Archives/edgar/data/814547/000081454721000012/0000814547-21-000012-index.htm",
    "finalLink": "https://www.sec.gov/Archives/edgar/data/814547/000081454721000012/fico-20210630.htm"
  },
  {
    "date": "2021-03-31",
    "symbol": "FICO",
    "reportedCurrency": "USD",
    "cik": "0000814547",
    "fillingDate": "2021-05-05",
    "acceptedDate": "2021-05-05 16:49:16",
    "calendarYear": "2021",
    "period": "Q2",
    "revenue": 331361000,
    "costOfRevenue": 88333000,
    "grossProfit": 243028000,
    "grossProfitRatio": 0.7334236678,
    "researchAndDevelopmentExpenses": 43612000,
    "generalAndAdministrativeExpenses": 0,
    "sellingAndMarketingExpenses": 0,
    "sellingGeneralAndAdministrativeExpenses": 97272000,
    "otherExpenses": 945000,
    "operatingExpenses": 141829000,
    "costAndExpenses": 230162000,
    "interestIncome": 0,
    "interestExpense": 9943000,
    "depreciationAndAmortization": 6675000,
    "ebitda": 108442000,
    "ebitdaratio": 0.3272624117,
    "operatingIncome": 101199000,
    "operatingIncomeRatio": 0.3054040759,
    "totalOtherIncomeExpensesNet": -9375000,
    "incomeBeforeTax": 91824000,
    "incomeBeforeTaxRatio": 0.2771116697,
    "incomeTaxExpense": 23150000,
    "netIncome": 68674000,
    "netIncomeRatio": 0.2072482881,
    "eps": 2.36,
    "epsdiluted": 2.33,
    "weightedAverageShsOut": 29087000,
    "weightedAverageShsOutDil": 29531000,
    "link": "https://www.sec.gov/Archives/edgar/data/814547/000081454721000007/0000814547-21-000007-index.htm",
    "finalLink": "https://www.sec.gov/Archives/edgar/data/814547/000081454721000007/fico-20210331.htm"
  },
  {
    "date": "2020-12-31",
    "symbol": "FICO",
    "reportedCurrency": "USD",
    "cik": "0000814547",
    "fillingDate": "2021-01-28",
    "acceptedDate": "2021-01-28 16:45:19",
    "calendarYear": "2021",
    "period": "Q1",
    "revenue": 312414000,
    "costOfRevenue": 89528000,
    "grossProfit": 222886000,
    "grossProfitRatio": 0.7134315364,
    "researchAndDevelopmentExpenses": 40651000,
    "generalAndAdministrativeExpenses": 0,
    "sellingAndMarketingExpenses": 0,
    "sellingGeneralAndAdministrativeExpenses": 93911000,
    "otherExpenses": -6397000,
    "operatingExpenses": 128165000,
    "costAndExpenses": 217693000,
    "interestIncome": 0,
    "interestExpense": 9641000,
    "depreciationAndAmortization": 7026000,
    "ebitda": 104627000,
    "ebitdaratio": 0.3348985641,
    "operatingIncome": 94721000,
    "operatingIncomeRatio": 0.3031906381,
    "totalOtherIncomeExpensesNet": -6761000,
    "incomeBeforeTax": 87960000,
    "incomeBeforeTaxRatio": 0.2815494824,
    "incomeTaxExpense": 1468000,
    "netIncome": 86492000,
    "netIncomeRatio": 0.2768505893,
    "eps": 2.97,
    "epsdiluted": 2.9,
    "weightedAverageShsOut": 29127000,
    "weightedAverageShsOutDil": 29789000,
    "link": "https://www.sec.gov/Archives/edgar/data/814547/000081454721000003/0000814547-21-000003-index.htm",
    "finalLink": "https://www.sec.gov/Archives/edgar/data/814547/000081454721000003/fico-20201231.htm"
  },
  {
    "date": "2020-09-30",
    "symbol": "FICO",
    "reportedCurrency": "USD",
    "cik": "0000814547",
    "fillingDate": "2020-11-12",
    "acceptedDate": "2020-11-10 17:45:30",
    "calendarYear": "2020",
    "period": "Q4",
    "revenue": 374356000,
    "costOfRevenue": 93676000,
    "grossProfit": 280680000,
    "grossProfitRatio": 0.7497676009,
    "researchAndDevelopmentExpenses": 46706000,
    "generalAndAdministrativeExpenses": 0,
    "sellingAndMarketingExpenses": 0,
    "sellingGeneralAndAdministrativeExpenses": 105612000,
    "otherExpenses": 42872000,
    "operatingExpenses": 195190000,
    "costAndExpenses": 288866000,
    "interestIncome": 0,
    "interestExpense": 9932000,
    "depreciationAndAmortization": 6818000,
    "ebitda": 93183000,
    "ebitdaratio": 0.2489154708,
    "operatingIncome": 85490000,
    "operatingIncomeRatio": 0.228365513,
    "totalOtherIncomeExpensesNet": -9057000,
    "incomeBeforeTax": 76433000,
    "incomeBeforeTaxRatio": 0.2041719647,
    "incomeTaxExpense": 17307000,
    "netIncome": 59126000,
    "netIncomeRatio": 0.1579405699,
    "eps": 2.04,
    "epsdiluted": 1.98,
    "weightedAverageShsOut": 29045000,
    "weightedAverageShsOutDil": 29833000,
    "link": "https://www.sec.gov/Archives/edgar/data/814547/000081454720000012/0000814547-20-000012-index.htm",
    "finalLink": "https://www.sec.gov/Archives/edgar/data/814547/000081454720000012/fico10-k2020.htm"
  },
  {
    "date": "2020-06-30",
    "symbol": "FICO",
    "reportedCurrency": "USD",
    "cik": "0000814547",
    "fillingDate": "2020-07-29",
    "acceptedDate": "2020-07-29 17:26:32",
    "calendarYear": "2020",
    "period": "Q3",
    "revenue": 313731000,
    "costOfRevenue": 88569000,
    "grossProfit": 225162000,
    "grossProfitRatio": 0.7176912705,
    "researchAndDevelopmentExpenses": 41411000,
    "generalAndAdministrativeExpenses": 0,
    "sellingAndMarketingExpenses": 0,
    "sellingGeneralAndAdministrativeExpenses": 99832000,
    "otherExpenses": 1048000,
    "operatingExpenses": 142291000,
    "costAndExpenses": 230860000,
    "interestIncome": 0,
    "interestExpense": 11223000,
    "depreciationAndAmortization": 8014000,
    "ebitda": 95445000,
    "ebitdaratio": 0.3042255945,
    "operatingIncome": 82871000,
    "operatingIncomeRatio": 0.2641466734,
    "totalOtherIncomeExpensesNet": -6663000,
    "incomeBeforeTax": 76208000,
    "incomeBeforeTaxRatio": 0.2429087339,
    "incomeTaxExpense": 12132000,
    "netIncome": 64076000,
    "netIncomeRatio": 0.2042386631,
    "eps": 2.21,
    "epsdiluted": 2.15,
    "weightedAverageShsOut": 29005000,
    "weightedAverageShsOutDil": 29744000,
    "link": "https://www.sec.gov/Archives/edgar/data/814547/000081454720000009/0000814547-20-000009-index.htm",
    "finalLink": "https://www.sec.gov/Archives/edgar/data/814547/000081454720000009/fico10-qq32020.htm"
  },
  {
    "date": "2020-03-31",
    "symbol": "FICO",
    "reportedCurrency": "USD",
    "cik": "0000814547",
    "fillingDate": "2020-04-29",
    "acceptedDate": "2020-04-29 16:50:00",
    "calendarYear": "2020",
    "period": "Q2",
    "revenue": 307971000,
    "costOfRevenue": 88139000,
    "grossProfit": 219832000,
    "grossProfitRatio": 0.7138074689,
    "researchAndDevelopmentExpenses": 39439000,
    "generalAndAdministrativeExpenses": 0,
    "sellingAndMarketingExpenses": 0,
    "sellingGeneralAndAdministrativeExpenses": 103465000,
    "otherExpenses": 1202000,
    "operatingExpenses": 144106000,
    "costAndExpenses": 232245000,
    "interestIncome": 0,
    "interestExpense": 11254000,
    "depreciationAndAmortization": 7679000,
    "ebitda": 81397000,
    "ebitdaratio": 0.2643008595,
    "operatingIncome": 75726000,
    "operatingIncomeRatio": 0.245886788,
    "totalOtherIncomeExpensesNet": -13262000,
    "incomeBeforeTax": 62464000,
    "incomeBeforeTaxRatio": 0.2028242919,
    "incomeTaxExpense": 4176000,
    "netIncome": 58288000,
    "netIncomeRatio": 0.1892645736,
    "eps": 2,
    "epsdiluted": 1.94,
    "weightedAverageShsOut": 29194000,
    "weightedAverageShsOutDil": 29985000,
    "link": "https://www.sec.gov/Archives/edgar/data/814547/000081454720000006/0000814547-20-000006-index.htm",
    "finalLink": "https://www.sec.gov/Archives/edgar/data/814547/000081454720000006/fico10-qq22020.htm"
  },
  {
    "date": "2019-12-31",
    "symbol": "FICO",
    "reportedCurrency": "USD",
    "cik": "0000814547",
    "fillingDate": "2020-01-30",
    "acceptedDate": "2020-01-30 16:25:10",
    "calendarYear": "2020",
    "period": "Q1",
    "revenue": 298504000,
    "costOfRevenue": 90758000,
    "grossProfit": 207746000,
    "grossProfitRatio": 0.6959571731,
    "researchAndDevelopmentExpenses": 38943000,
    "generalAndAdministrativeExpenses": 0,
    "sellingAndMarketingExpenses": 0,
    "sellingGeneralAndAdministrativeExpenses": 112021000,
    "otherExpenses": 4900000,
    "operatingExpenses": 155864000,
    "costAndExpenses": 246622000,
    "interestIncome": 0,
    "interestExpense": 9768000,
    "depreciationAndAmortization": 7856000,
    "ebitda": 59519000,
    "ebitdaratio": 0.1993909629,
    "operatingIncome": 51882000,
    "operatingIncomeRatio": 0.1738067162,
    "totalOtherIncomeExpensesNet": -9987000,
    "incomeBeforeTax": 41895000,
    "incomeBeforeTaxRatio": 0.1403498781,
    "incomeTaxExpense": -13026000,
    "netIncome": 54921000,
    "netIncomeRatio": 0.1839874843,
    "eps": 1.89,
    "epsdiluted": 1.82,
    "weightedAverageShsOut": 29025000,
    "weightedAverageShsOutDil": 30169000,
    "link": "https://www.sec.gov/Archives/edgar/data/814547/000081454720000003/0000814547-20-000003-index.htm",
    "finalLink": "https://www.sec.gov/Archives/edgar/data/814547/000081454720000003/fico10-qq12020.htm"
  },
  {
    "date": "2019-09-30",
    "symbol": "FICO",
    "reportedCurrency": "USD",
    "cik": "0000814547",
    "fillingDate": "2019-11-08",
    "acceptedDate": "2019-11-08 15:20:24",
    "calendarYear": "2019",
    "period": "Q4",
    "revenue": 305344000,
    "costOfRevenue": 87996000,
    "grossProfit": 217348000,
    "grossProfitRatio": 0.7118135611,
    "researchAndDevelopmentExpenses": 39396000,
    "generalAndAdministrativeExpenses": 0,
    "sellingAndMarketingExpenses": 0,
    "sellingGeneralAndAdministrativeExpenses": 105992000,
    "otherExpenses": 1673000,
    "operatingExpenses": 147061000,
    "costAndExpenses": 235057000,
    "interestIncome": 0,
    "interestExpense": 9957000,
    "depreciationAndAmortization": 7878000,
    "ebitda": 78723000,
    "ebitdaratio": 0.2578174125,
    "operatingIncome": 70287000,
    "operatingIncomeRatio": 0.2301895567,
    "totalOtherIncomeExpensesNet": -9399000,
    "incomeBeforeTax": 60888000,
    "incomeBeforeTaxRatio": 0.1994078809,
    "incomeTaxExpense": 6304000,
    "netIncome": 54584000,
    "netIncomeRatio": 0.178762314,
    "eps": 1.89,
    "epsdiluted": 1.8,
    "weightedAverageShsOut": 28918000,
    "weightedAverageShsOutDil": 30290000,
    "link": "https://www.sec.gov/Archives/edgar/data/814547/000081454719000016/0000814547-19-000016-index.htm",
    "finalLink": "https://www.sec.gov/Archives/edgar/data/814547/000081454719000016/fico10-k2019.htm"
  },
  {
    "date": "2019-06-30",
    "symbol": "FICO",
    "reportedCurrency": "USD",
    "cik": "0000814547",
    "fillingDate": "2019-07-31",
    "acceptedDate": "2019-07-31 16:32:37",
    "calendarYear": "2019",
    "period": "Q3",
    "revenue": 314249000,
    "costOfRevenue": 87215000,
    "grossProfit": 227034000,
    "grossProfitRatio": 0.7224653062,
    "researchAndDevelopmentExpenses": 36972000,
    "generalAndAdministrativeExpenses": 0,
    "sellingAndMarketingExpenses": 0,
    "sellingGeneralAndAdministrativeExpenses": 102906000,
    "otherExpenses": 1448000,
    "operatingExpenses": 141326000,
    "costAndExpenses": 228541000,
    "interestIncome": 0,
    "interestExpense": 10111000,
    "depreciationAndAmortization": 7948000,
    "ebitda": 96113000,
    "ebitdaratio": 0.3058498197,
    "operatingIncome": 85708000,
    "operatingIncomeRatio": 0.2727391336,
    "totalOtherIncomeExpensesNet": -7654000,
    "incomeBeforeTax": 78054000,
    "incomeBeforeTaxRatio": 0.248382652,
    "incomeTaxExpense": 13902000,
    "netIncome": 64152000,
    "netIncomeRatio": 0.2041438477,
    "eps": 2.21,
    "epsdiluted": 2.12,
    "weightedAverageShsOut": 28967000,
    "weightedAverageShsOutDil": 30292000,
    "link": "https://www.sec.gov/Archives/edgar/data/814547/000081454719000012/0000814547-19-000012-index.htm",
    "finalLink": "https://www.sec.gov/Archives/edgar/data/814547/000081454719000012/fico10-qq32019.htm"
  },
  {
    "date": "2019-03-31",
    "symbol": "FICO",
    "reportedCurrency": "USD",
    "cik": "0000814547",
    "fillingDate": "2019-04-30",
    "acceptedDate": "2019-04-30 16:31:38",
    "calendarYear": "2019",
    "period": "Q2",
    "revenue": 278234000,
    "costOfRevenue": 85568000,
    "grossProfit": 192666000,
    "grossProfitRatio": 0.6924603032,
    "researchAndDevelopmentExpenses": 37684000,
    "generalAndAdministrativeExpenses": 0,
    "sellingAndMarketingExpenses": 0,
    "sellingGeneralAndAdministrativeExpenses": 104930000,
    "otherExpenses": 1503000,
    "operatingExpenses": 144117000,
    "costAndExpenses": 229685000,
    "interestIncome": 0,
    "interestExpense": 10008000,
    "depreciationAndAmortization": 7819000,
    "ebitda": 57801000,
    "ebitdaratio": 0.2077424039,
    "operatingIncome": 48549000,
    "operatingIncomeRatio": 0.1744898179,
    "totalOtherIncomeExpensesNet": -8575000,
    "incomeBeforeTax": 39974000,
    "incomeBeforeTaxRatio": 0.1436704357,
    "incomeTaxExpense": 6593000,
    "netIncome": 33381000,
    "netIncomeRatio": 0.1199745538,
    "eps": 1.15,
    "epsdiluted": 1.1,
    "weightedAverageShsOut": 29074000,
    "weightedAverageShsOutDil": 30259000,
    "link": "https://www.sec.gov/Archives/edgar/data/814547/000081454719000008/0000814547-19-000008-index.htm",
    "finalLink": "https://www.sec.gov/Archives/edgar/data/814547/000081454719000008/fico10-qq22019.htm"
  },
  {
    "date": "2018-12-31",
    "symbol": "FICO",
    "reportedCurrency": "USD",
    "cik": "0000814547",
    "fillingDate": "2019-01-30",
    "acceptedDate": "2019-01-30 16:35:47",
    "calendarYear": "2019",
    "period": "Q1",
    "revenue": 262256000,
    "costOfRevenue": 76066000,
    "grossProfit": 186190000,
    "grossProfitRatio": 0.7099551583,
    "researchAndDevelopmentExpenses": 35426000,
    "generalAndAdministrativeExpenses": 0,
    "sellingAndMarketingExpenses": 0,
    "sellingGeneralAndAdministrativeExpenses": 100258000,
    "otherExpenses": 1502000,
    "operatingExpenses": 137186000,
    "costAndExpenses": 213252000,
    "interestIncome": 0,
    "interestExpense": 9676000,
    "depreciationAndAmortization": 7967000,
    "ebitda": 54799000,
    "ebitdaratio": 0.2089523214,
    "operatingIncome": 49004000,
    "operatingIncomeRatio": 0.1868555915,
    "totalOtherIncomeExpensesNet": -11848000,
    "incomeBeforeTax": 37156000,
    "incomeBeforeTaxRatio": 0.1416783601,
    "incomeTaxExpense": -2851000,
    "netIncome": 40007000,
    "netIncomeRatio": 0.1525494174,
    "eps": 1.38,
    "epsdiluted": 1.32,
    "weightedAverageShsOut": 28961000,
    "weightedAverageShsOutDil": 30336000,
    "link": "https://www.sec.gov/Archives/edgar/data/814547/000081454719000003/0000814547-19-000003-index.htm",
    "finalLink": "https://www.sec.gov/Archives/edgar/data/814547/000081454719000003/fico10-qq12019.htm"
  },
  {
    "date": "2018-09-30",
    "symbol": "FICO",
    "reportedCurrency": "USD",
    "cik": "0000814547",
    "fillingDate": "2018-11-09",
    "acceptedDate": "2018-11-09 15:45:21",
    "calendarYear": "2018",
    "period": "Q4",
    "revenue": 279791000,
    "costOfRevenue": 79431000,
    "grossProfit": 200360000,
    "grossProfitRatio": 0.7161059505,
    "researchAndDevelopmentExpenses": 34407000,
    "generalAndAdministrativeExpenses": 0,
    "sellingAndMarketingExpenses": 0,
    "sellingGeneralAndAdministrativeExpenses": 93054000,
    "otherExpenses": 1551000,
    "operatingExpenses": 130282000,
    "costAndExpenses": 209713000,
    "interestIncome": 0,
    "interestExpense": 9512000,
    "depreciationAndAmortization": 7853000,
    "ebitda": 88875000,
    "ebitdaratio": 0.3176478157,
    "operatingIncome": 70078000,
    "operatingIncomeRatio": 0.2504655261,
    "totalOtherIncomeExpensesNet": 1432000,
    "incomeBeforeTax": 71510000,
    "incomeBeforeTaxRatio": 0.2555836321,
    "incomeTaxExpense": 21030000,
    "netIncome": 50480000,
    "netIncomeRatio": 0.1804203852,
    "eps": 1.74,
    "epsdiluted": 1.64,
    "weightedAverageShsOut": 29077000,
    "weightedAverageShsOutDil": 30702000,
    "link": "https://www.sec.gov/Archives/edgar/data/814547/000081454718000010/0000814547-18-000010-index.htm",
    "finalLink": "https://www.sec.gov/Archives/edgar/data/814547/000081454718000010/fico10-k2018.htm"
  },
  {
    "date": "2018-06-30",
    "symbol": "FICO",
    "reportedCurrency": "USD",
    "cik": "0000814547",
    "fillingDate": "2018-07-26",
    "acceptedDate": "2018-07-26 16:28:38",
    "calendarYear": "2018",
    "period": "Q3",
    "revenue": 259505000,
    "costOfRevenue": 78390000,
    "grossProfit": 181115000,
    "grossProfitRatio": 0.6979248955,
    "researchAndDevelopmentExpenses": 32483000,
    "generalAndAdministrativeExpenses": 0,
    "sellingAndMarketingExpenses": 0,
    "sellingGeneralAndAdministrativeExpenses": 98685000,
    "otherExpenses": 1571000,
    "operatingExpenses": 131445000,
    "costAndExpenses": 210456000,
    "interestIncome": 0,
    "interestExpense": 8223000,
    "depreciationAndAmortization": 7234000,
    "ebitda": 53359000,
    "ebitdaratio": 0.2056183889,
    "operatingIncome": 44537000,
    "operatingIncomeRatio": 0.1716228974,
    "totalOtherIncomeExpensesNet": -6635000,
    "incomeBeforeTax": 41741000,
    "incomeBeforeTaxRatio": 0.1608485386,
    "incomeTaxExpense": 9380000,
    "netIncome": 32361000,
    "netIncomeRatio": 0.1247027996,
    "eps": 1,
    "epsdiluted": 0.95,
    "weightedAverageShsOut": 29708000,
    "weightedAverageShsOutDil": 31161000,
    "link": "https://www.sec.gov/Archives/edgar/data/814547/000081454718000006/0000814547-18-000006-index.htm",
    "finalLink": "https://www.sec.gov/Archives/edgar/data/814547/000081454718000006/fico10-qq32018.htm"
  },
  {
    "date": "2018-03-31",
    "symbol": "FICO",
    "reportedCurrency": "USD",
    "cik": "0000814547",
    "fillingDate": "2018-04-26",
    "acceptedDate": "2018-04-26 16:33:55",
    "calendarYear": "2018",
    "period": "Q2",
    "revenue": 257858000,
    "costOfRevenue": 78519000,
    "grossProfit": 179339000,
    "grossProfitRatio": 0.695495195,
    "researchAndDevelopmentExpenses": 32519000,
    "generalAndAdministrativeExpenses": 0,
    "sellingAndMarketingExpenses": 0,
    "sellingGeneralAndAdministrativeExpenses": 97057000,
    "otherExpenses": 1684000,
    "operatingExpenses": 130328000,
    "costAndExpenses": 209821000,
    "interestIncome": 0,
    "interestExpense": 7116000,
    "depreciationAndAmortization": 7364000,
    "ebitda": 53642000,
    "ebitdaratio": 0.2080292254,
    "operatingIncome": 46439000,
    "operatingIncomeRatio": 0.1800952462,
    "totalOtherIncomeExpensesNet": -7277000,
    "incomeBeforeTax": 40802000,
    "incomeBeforeTaxRatio": 0.1582343771,
    "incomeTaxExpense": 8527000,
    "netIncome": 32275000,
    "netIncomeRatio": 0.1251657889,
    "eps": 1.08,
    "epsdiluted": 1.03,
    "weightedAverageShsOut": 29985000,
    "weightedAverageShsOutDil": 31300000,
    "link": "https://www.sec.gov/Archives/edgar/data/814547/000081454718000004/0000814547-18-000004-index.htm",
    "finalLink": "https://www.sec.gov/Archives/edgar/data/814547/000081454718000004/fico10-qq22018.htm"
  },
  {
    "date": "2017-12-31",
    "symbol": "FICO",
    "reportedCurrency": "USD",
    "cik": "0000814547",
    "fillingDate": "2018-01-25",
    "acceptedDate": "2018-01-25 16:27:44",
    "calendarYear": "2018",
    "period": "Q1",
    "revenue": 235321000,
    "costOfRevenue": 74359000,
    "grossProfit": 160962000,
    "grossProfitRatio": 0.6840103518,
    "researchAndDevelopmentExpenses": 28974000,
    "generalAndAdministrativeExpenses": 0,
    "sellingAndMarketingExpenses": 0,
    "sellingGeneralAndAdministrativeExpenses": 90296000,
    "otherExpenses": 1788000,
    "operatingExpenses": 121104000,
    "costAndExpenses": 195536000,
    "interestIncome": 0,
    "interestExpense": 6460000,
    "depreciationAndAmortization": 7731000,
    "ebitda": 45069000,
    "ebitdaratio": 0.1915213687,
    "operatingIncome": 36825000,
    "operatingIncomeRatio": 0.1564883712,
    "totalOtherIncomeExpensesNet": -5947000,
    "incomeBeforeTax": 33957000,
    "incomeBeforeTaxRatio": 0.1443007636,
    "incomeTaxExpense": 6658000,
    "netIncome": 27299000,
    "netIncomeRatio": 0.1160074961,
    "eps": 1.09,
    "epsdiluted": 1.04,
    "weightedAverageShsOut": 30078000,
    "weightedAverageShsOutDil": 31561000,
    "link": "https://www.sec.gov/Archives/edgar/data/814547/000162828018000591/0001628280-18-000591-index.htm",
    "finalLink": "https://www.sec.gov/Archives/edgar/data/814547/000162828018000591/fico10-qq12018.htm"
  },
  {
    "date": "2017-09-30",
    "symbol": "FICO",
    "reportedCurrency": "USD",
    "cik": "0000814547",
    "fillingDate": "2017-11-09",
    "acceptedDate": "2017-11-09 15:34:39",
    "calendarYear": "2017",
    "period": "Q4",
    "revenue": 253205000,
    "costOfRevenue": 75202000,
    "grossProfit": 178003000,
    "grossProfitRatio": 0.7029995458,
    "researchAndDevelopmentExpenses": 30226000,
    "generalAndAdministrativeExpenses": 0,
    "sellingAndMarketingExpenses": 0,
    "sellingGeneralAndAdministrativeExpenses": 84262000,
    "otherExpenses": 2712000,
    "operatingExpenses": 117200000,
    "costAndExpenses": 192402000,
    "interestIncome": 0,
    "interestExpense": 6387000,
    "depreciationAndAmortization": 8787000,
    "ebitda": 69376000,
    "ebitdaratio": 0.2739914299,
    "operatingIncome": 60803000,
    "operatingIncomeRatio": 0.2401334887,
    "totalOtherIncomeExpensesNet": -6601000,
    "incomeBeforeTax": 54202000,
    "incomeBeforeTaxRatio": 0.2140637033,
    "incomeTaxExpense": 14158000,
    "netIncome": 40044000,
    "netIncomeRatio": 0.1581485358,
    "eps": 1.31,
    "epsdiluted": 1.25,
    "weightedAverageShsOut": 30534000,
    "weightedAverageShsOutDil": 31963000,
    "link": "https://www.sec.gov/Archives/edgar/data/814547/000081454717000014/0000814547-17-000014-index.htm",
    "finalLink": "https://www.sec.gov/Archives/edgar/data/814547/000081454717000014/fico10-k2017.htm"
  },
  {
    "date": "2017-06-30",
    "symbol": "FICO",
    "reportedCurrency": "USD",
    "cik": "0000814547",
    "fillingDate": "2017-07-31",
    "acceptedDate": "2017-07-31 16:25:04",
    "calendarYear": "2017",
    "period": "Q3",
    "revenue": 230986000,
    "costOfRevenue": 69793000,
    "grossProfit": 161193000,
    "grossProfitRatio": 0.6978474886,
    "researchAndDevelopmentExpenses": 27839000,
    "generalAndAdministrativeExpenses": 0,
    "sellingAndMarketingExpenses": 0,
    "sellingGeneralAndAdministrativeExpenses": 84089000,
    "otherExpenses": 7836000,
    "operatingExpenses": 119764000,
    "costAndExpenses": 189557000,
    "interestIncome": 0,
    "interestExpense": 6653000,
    "depreciationAndAmortization": 9191000,
    "ebitda": 51175000,
    "ebitdaratio": 0.2215502238,
    "operatingIncome": 41429000,
    "operatingIncomeRatio": 0.1793571905,
    "totalOtherIncomeExpensesNet": -6098000,
    "incomeBeforeTax": 35331000,
    "incomeBeforeTaxRatio": 0.1529573221,
    "incomeTaxExpense": 10104000,
    "netIncome": 25227000,
    "netIncomeRatio": 0.1092144113,
    "eps": 0.82,
    "epsdiluted": 0.78,
    "weightedAverageShsOut": 30914000,
    "weightedAverageShsOutDil": 32224000,
    "link": "https://www.sec.gov/Archives/edgar/data/814547/000081454717000011/0000814547-17-000011-index.htm",
    "finalLink": "https://www.sec.gov/Archives/edgar/data/814547/000081454717000011/fico10-qq32017.htm"
  },
  {
    "date": "2017-03-31",
    "symbol": "FICO",
    "reportedCurrency": "USD",
    "cik": "0000814547",
    "fillingDate": "2017-04-27",
    "acceptedDate": "2017-04-27 16:34:23",
    "calendarYear": "2017",
    "period": "Q2",
    "revenue": 228378000,
    "costOfRevenue": 72131000,
    "grossProfit": 156247000,
    "grossProfitRatio": 0.6841595951,
    "researchAndDevelopmentExpenses": 26663000,
    "generalAndAdministrativeExpenses": 0,
    "sellingAndMarketingExpenses": 0,
    "sellingGeneralAndAdministrativeExpenses": 86231000,
    "otherExpenses": 3312000,
    "operatingExpenses": 116206000,
    "costAndExpenses": 188337000,
    "interestIncome": 0,
    "interestExpense": 6578000,
    "depreciationAndAmortization": 9178000,
    "ebitda": 48892000,
    "ebitdaratio": 0.2140836683,
    "operatingIncome": 40041000,
    "operatingIncomeRatio": 0.1753277461,
    "totalOtherIncomeExpensesNet": -6905000,
    "incomeBeforeTax": 33136000,
    "incomeBeforeTaxRatio": 0.1450927848,
    "incomeTaxExpense": 8052000,
    "netIncome": 25084000,
    "netIncomeRatio": 0.1098354482,
    "eps": 0.81,
    "epsdiluted": 0.78,
    "weightedAverageShsOut": 31017000,
    "weightedAverageShsOutDil": 32260000,
    "link": "https://www.sec.gov/Archives/edgar/data/814547/000081454717000008/0000814547-17-000008-index.htm",
    "finalLink": "https://www.sec.gov/Archives/edgar/data/814547/000081454717000008/fico10-qq22017.htm"
  },
  {
    "date": "2016-12-31",
    "symbol": "FICO",
    "reportedCurrency": "USD",
    "cik": "0000814547",
    "fillingDate": "2017-01-31",
    "acceptedDate": "2017-01-31 16:44:05",
    "calendarYear": "2017",
    "period": "Q1",
    "revenue": 219600000,
    "costOfRevenue": 69997000,
    "grossProfit": 149603000,
    "grossProfitRatio": 0.6812522769,
    "researchAndDevelopmentExpenses": 26142000,
    "generalAndAdministrativeExpenses": 0,
    "sellingAndMarketingExpenses": 0,
    "sellingGeneralAndAdministrativeExpenses": 85214000,
    "otherExpenses": 3320000,
    "operatingExpenses": 114676000,
    "costAndExpenses": 184673000,
    "interestIncome": 0,
    "interestExpense": 6172000,
    "depreciationAndAmortization": 9058000,
    "ebitda": 43885000,
    "ebitdaratio": 0.1998406193,
    "operatingIncome": 34927000,
    "operatingIncomeRatio": 0.1590482696,
    "totalOtherIncomeExpensesNet": -6272000,
    "incomeBeforeTax": 28655000,
    "incomeBeforeTaxRatio": 0.1304872495,
    "incomeTaxExpense": -9246000,
    "netIncome": 37901000,
    "netIncomeRatio": 0.1725910747,
    "eps": 1.22,
    "epsdiluted": 1.16,
    "weightedAverageShsOut": 30989000,
    "weightedAverageShsOutDil": 32536000,
    "link": "https://www.sec.gov/Archives/edgar/data/814547/000081454717000005/0000814547-17-000005-index.htm",
    "finalLink": "https://www.sec.gov/Archives/edgar/data/814547/000081454717000005/fico10-qq12017.htm"
  },
  {
    "date": "2016-09-30",
    "symbol": "FICO",
    "reportedCurrency": "USD",
    "cik": "0000814547",
    "fillingDate": "2016-11-10",
    "acceptedDate": "2016-11-10 15:27:57",
    "calendarYear": "2016",
    "period": "Q4",
    "revenue": 235824000,
    "costOfRevenue": 74298000,
    "grossProfit": 161526000,
    "grossProfitRatio": 0.6849430083,
    "researchAndDevelopmentExpenses": 27773000,
    "generalAndAdministrativeExpenses": 0,
    "sellingAndMarketingExpenses": 0,
    "sellingGeneralAndAdministrativeExpenses": 85429000,
    "otherExpenses": 3409000,
    "operatingExpenses": 116611000,
    "costAndExpenses": 190909000,
    "interestIncome": 0,
    "interestExpense": 6313000,
    "depreciationAndAmortization": 8506000,
    "ebitda": 53178000,
    "ebitdaratio": 0.225498677,
    "operatingIncome": 44915000,
    "operatingIncomeRatio": 0.1904598345,
    "totalOtherIncomeExpensesNet": -6556000,
    "incomeBeforeTax": 38359000,
    "incomeBeforeTaxRatio": 0.1626594409,
    "incomeTaxExpense": 6255000,
    "netIncome": 32104000,
    "netIncomeRatio": 0.136135423,
    "eps": 1.04,
    "epsdiluted": 1,
    "weightedAverageShsOut": 30916000,
    "weightedAverageShsOutDil": 32221000,
    "link": "https://www.sec.gov/Archives/edgar/data/814547/000081454716000035/0000814547-16-000035-index.htm",
    "finalLink": "https://www.sec.gov/Archives/edgar/data/814547/000081454716000035/fico10-k2016.htm"
  },
  {
    "date": "2016-06-30",
    "symbol": "FICO",
    "reportedCurrency": "USD",
    "cik": "0000814547",
    "fillingDate": "2016-07-28",
    "acceptedDate": "2016-07-28 16:25:48",
    "calendarYear": "2016",
    "period": "Q3",
    "revenue": 238778000,
    "costOfRevenue": 66384000,
    "grossProfit": 172394000,
    "grossProfitRatio": 0.7219844374,
    "researchAndDevelopmentExpenses": 26417000,
    "generalAndAdministrativeExpenses": 0,
    "sellingAndMarketingExpenses": 0,
    "sellingGeneralAndAdministrativeExpenses": 87172000,
    "otherExpenses": 3486000,
    "operatingExpenses": 117075000,
    "costAndExpenses": 183459000,
    "interestIncome": 0,
    "interestExpense": 6781000,
    "depreciationAndAmortization": 7959000,
    "ebitda": 65030000,
    "ebitdaratio": 0.2723450234,
    "operatingIncome": 55319000,
    "operatingIncomeRatio": 0.2316754475,
    "totalOtherIncomeExpensesNet": -5029000,
    "incomeBeforeTax": 50290000,
    "incomeBeforeTaxRatio": 0.2106140432,
    "incomeTaxExpense": 15303000,
    "netIncome": 34987000,
    "netIncomeRatio": 0.1465252243,
    "eps": 1.12,
    "epsdiluted": 1.08,
    "weightedAverageShsOut": 31149000,
    "weightedAverageShsOutDil": 32313000,
    "link": "https://www.sec.gov/Archives/edgar/data/814547/000081454716000031/0000814547-16-000031-index.htm",
    "finalLink": "https://www.sec.gov/Archives/edgar/data/814547/000081454716000031/fico10-qq32016.htm"
  },
  {
    "date": "2016-03-31",
    "symbol": "FICO",
    "reportedCurrency": "USD",
    "cik": "0000814547",
    "fillingDate": "2016-05-04",
    "acceptedDate": "2016-05-04 16:39:41",
    "calendarYear": "2016",
    "period": "Q2",
    "revenue": 206678000,
    "costOfRevenue": 62298000,
    "grossProfit": 144380000,
    "grossProfitRatio": 0.6985745943,
    "researchAndDevelopmentExpenses": 24848000,
    "generalAndAdministrativeExpenses": 0,
    "sellingAndMarketingExpenses": 0,
    "sellingGeneralAndAdministrativeExpenses": 77501000,
    "otherExpenses": 3507000,
    "operatingExpenses": 105856000,
    "costAndExpenses": 168154000,
    "interestIncome": 0,
    "interestExpense": 6815000,
    "depreciationAndAmortization": 7727000,
    "ebitda": 46686000,
    "ebitdaratio": 0.2258876126,
    "operatingIncome": 38524000,
    "operatingIncomeRatio": 0.1863962299,
    "totalOtherIncomeExpensesNet": -6380000,
    "incomeBeforeTax": 32144000,
    "incomeBeforeTaxRatio": 0.155526955,
    "incomeTaxExpense": 9028000,
    "netIncome": 23116000,
    "netIncomeRatio": 0.1118454794,
    "eps": 0.74,
    "epsdiluted": 0.72,
    "weightedAverageShsOut": 31268000,
    "weightedAverageShsOutDil": 32262000,
    "link": "https://www.sec.gov/Archives/edgar/data/814547/000081454716000027/0000814547-16-000027-index.htm",
    "finalLink": "https://www.sec.gov/Archives/edgar/data/814547/000081454716000027/fico10-qq22016.htm"
  },
  {
    "date": "2015-12-31",
    "symbol": "FICO",
    "reportedCurrency": "USD",
    "cik": "0000814547",
    "fillingDate": "2016-01-28",
    "acceptedDate": "2016-01-28 17:00:20",
    "calendarYear": "2016",
    "period": "Q1",
    "revenue": 200076000,
    "costOfRevenue": 62193000,
    "grossProfit": 137883000,
    "grossProfitRatio": 0.6891531218,
    "researchAndDevelopmentExpenses": 24631000,
    "generalAndAdministrativeExpenses": 0,
    "sellingAndMarketingExpenses": 0,
    "sellingGeneralAndAdministrativeExpenses": 78838000,
    "otherExpenses": 3580000,
    "operatingExpenses": 107049000,
    "costAndExpenses": 169242000,
    "interestIncome": 0,
    "interestExpense": 6724000,
    "depreciationAndAmortization": 7441000,
    "ebitda": 37941000,
    "ebitdaratio": 0.1896329395,
    "operatingIncome": 30834000,
    "operatingIncomeRatio": 0.1541114377,
    "totalOtherIncomeExpensesNet": -7058000,
    "incomeBeforeTax": 23776000,
    "incomeBeforeTaxRatio": 0.1188348428,
    "incomeTaxExpense": 4535000,
    "netIncome": 19241000,
    "netIncomeRatio": 0.096168456,
    "eps": 0.62,
    "epsdiluted": 0.59,
    "weightedAverageShsOut": 31185000,
    "weightedAverageShsOutDil": 32436000,
    "link": "https://www.sec.gov/Archives/edgar/data/814547/000081454716000023/0000814547-16-000023-index.htm",
    "finalLink": "https://www.sec.gov/Archives/edgar/data/814547/000081454716000023/fico10-qq12016.htm"
  },
  {
    "date": "2015-09-30",
    "symbol": "FICO",
    "reportedCurrency": "USD",
    "cik": "0000814547",
    "fillingDate": "2015-11-10",
    "acceptedDate": "2015-11-10 15:09:45",
    "calendarYear": "2015",
    "period": "Q4",
    "revenue": 232756000,
    "costOfRevenue": 67042000,
    "grossProfit": 165714000,
    "grossProfitRatio": 0.7119644606,
    "researchAndDevelopmentExpenses": 26236000,
    "generalAndAdministrativeExpenses": 0,
    "sellingAndMarketingExpenses": 0,
    "sellingGeneralAndAdministrativeExpenses": 78693000,
    "otherExpenses": 19613000,
    "operatingExpenses": 124542000,
    "costAndExpenses": 191584000,
    "interestIncome": 0,
    "interestExpense": 6867000,
    "depreciationAndAmortization": 7796000,
    "ebitda": 49080000,
    "ebitdaratio": 0.2108645964,
    "operatingIncome": 41172000,
    "operatingIncomeRatio": 0.1768891028,
    "totalOtherIncomeExpensesNet": -6755000,
    "incomeBeforeTax": 34417000,
    "incomeBeforeTaxRatio": 0.1478672945,
    "incomeTaxExpense": 1098000,
    "netIncome": 33319000,
    "netIncomeRatio": 0.1431499081,
    "eps": 1.07,
    "epsdiluted": 1.03,
    "weightedAverageShsOut": 31214000,
    "weightedAverageShsOutDil": 32494000,
    "link": "https://www.sec.gov/Archives/edgar/data/814547/000081454715000019/0000814547-15-000019-index.htm",
    "finalLink": "https://www.sec.gov/Archives/edgar/data/814547/000081454715000019/fico10-k2015.htm"
  },
  {
    "date": "2015-06-30",
    "symbol": "FICO",
    "reportedCurrency": "USD",
    "cik": "0000814547",
    "fillingDate": "2015-07-30",
    "acceptedDate": "2015-07-30 12:32:14",
    "calendarYear": "2015",
    "period": "Q3",
    "revenue": 209366000,
    "costOfRevenue": 66202000,
    "grossProfit": 143164000,
    "grossProfitRatio": 0.6837977513,
    "researchAndDevelopmentExpenses": 25610000,
    "generalAndAdministrativeExpenses": 0,
    "sellingAndMarketingExpenses": 0,
    "sellingGeneralAndAdministrativeExpenses": 74645000,
    "otherExpenses": 5855000,
    "operatingExpenses": 106110000,
    "costAndExpenses": 172312000,
    "interestIncome": 0,
    "interestExpense": 7360000,
    "depreciationAndAmortization": 9046000,
    "ebitda": 46870000,
    "ebitdaratio": 0.2238663393,
    "operatingIncome": 37054000,
    "operatingIncomeRatio": 0.1769819359,
    "totalOtherIncomeExpensesNet": -6590000,
    "incomeBeforeTax": 30464000,
    "incomeBeforeTaxRatio": 0.1455059561,
    "incomeTaxExpense": 10558000,
    "netIncome": 19906000,
    "netIncomeRatio": 0.0950775198,
    "eps": 0.64,
    "epsdiluted": 0.62,
    "weightedAverageShsOut": 31118000,
    "weightedAverageShsOutDil": 32363000,
    "link": "https://www.sec.gov/Archives/edgar/data/814547/000081454715000014/0000814547-15-000014-index.htm",
    "finalLink": "https://www.sec.gov/Archives/edgar/data/814547/000081454715000014/fico10-qq32015.htm"
  },
  {
    "date": "2015-03-31",
    "symbol": "FICO",
    "reportedCurrency": "USD",
    "cik": "0000814547",
    "fillingDate": "2015-04-27",
    "acceptedDate": "2015-04-27 14:01:31",
    "calendarYear": "2015",
    "period": "Q2",
    "revenue": 207109000,
    "costOfRevenue": 70991000,
    "grossProfit": 136118000,
    "grossProfitRatio": 0.6572288022,
    "researchAndDevelopmentExpenses": 24341000,
    "generalAndAdministrativeExpenses": 0,
    "sellingAndMarketingExpenses": 0,
    "sellingGeneralAndAdministrativeExpenses": 73863000,
    "otherExpenses": 3515000,
    "operatingExpenses": 101719000,
    "costAndExpenses": 172710000,
    "interestIncome": 0,
    "interestExpense": 7718000,
    "depreciationAndAmortization": 8940000,
    "ebitda": 42691000,
    "ebitdaratio": 0.2061281741,
    "operatingIncome": 34399000,
    "operatingIncomeRatio": 0.1660912853,
    "totalOtherIncomeExpensesNet": -8366000,
    "incomeBeforeTax": 26033000,
    "incomeBeforeTaxRatio": 0.1256970967,
    "incomeTaxExpense": 7163000,
    "netIncome": 18870000,
    "netIncomeRatio": 0.0911114437,
    "eps": 0.6,
    "epsdiluted": 0.58,
    "weightedAverageShsOut": 31335000,
    "weightedAverageShsOutDil": 32448000,
    "link": "https://www.sec.gov/Archives/edgar/data/814547/000081454715000010/0000814547-15-000010-index.htm",
    "finalLink": "https://www.sec.gov/Archives/edgar/data/814547/000081454715000010/fico10-qq22015.htm"
  },
  {
    "date": "2014-12-31",
    "symbol": "FICO",
    "reportedCurrency": "USD",
    "cik": "0000814547",
    "fillingDate": "2015-01-29",
    "acceptedDate": "2015-01-29 16:08:57",
    "calendarYear": "2015",
    "period": "Q1",
    "revenue": 189550000,
    "costOfRevenue": 66300000,
    "grossProfit": 123250000,
    "grossProfitRatio": 0.6502242152,
    "researchAndDevelopmentExpenses": 22637000,
    "generalAndAdministrativeExpenses": 0,
    "sellingAndMarketingExpenses": 0,
    "sellingGeneralAndAdministrativeExpenses": 72801000,
    "otherExpenses": 2932000,
    "operatingExpenses": 98370000,
    "costAndExpenses": 164670000,
    "interestIncome": 0,
    "interestExpense": 7205000,
    "depreciationAndAmortization": 8107000,
    "ebitda": 33636000,
    "ebitdaratio": 0.1774518597,
    "operatingIncome": 24880000,
    "operatingIncomeRatio": 0.1312582432,
    "totalOtherIncomeExpensesNet": -6556000,
    "incomeBeforeTax": 18324000,
    "incomeBeforeTaxRatio": 0.096671063,
    "incomeTaxExpense": 3917000,
    "netIncome": 14407000,
    "netIncomeRatio": 0.0760063308,
    "eps": 0.45,
    "epsdiluted": 0.43,
    "weightedAverageShsOut": 31936000,
    "weightedAverageShsOutDil": 33128000,
    "link": "https://www.sec.gov/Archives/edgar/data/814547/000081454715000003/0000814547-15-000003-index.htm",
    "finalLink": "https://www.sec.gov/Archives/edgar/data/814547/000081454715000003/fico10-qq12015.htm"
  },
  {
    "date": "2014-09-30",
    "symbol": "FICO",
    "reportedCurrency": "USD",
    "cik": "0000814547",
    "fillingDate": "2014-11-10",
    "acceptedDate": "2014-11-10 16:08:06",
    "calendarYear": "2014",
    "period": "Q4",
    "revenue": 221570000,
    "costOfRevenue": 71027000,
    "grossProfit": 150543000,
    "grossProfitRatio": 0.6794376495,
    "researchAndDevelopmentExpenses": 22413000,
    "generalAndAdministrativeExpenses": 0,
    "sellingAndMarketingExpenses": 0,
    "sellingGeneralAndAdministrativeExpenses": 73713000,
    "otherExpenses": 2977000,
    "operatingExpenses": 99103000,
    "costAndExpenses": 170130000,
    "interestIncome": 7274000,
    "interestExpense": 0,
    "depreciationAndAmortization": 8436000,
    "ebitda": 60041000,
    "ebitdaratio": 0.2709798258,
    "operatingIncome": 51440000,
    "operatingIncomeRatio": 0.2321613937,
    "totalOtherIncomeExpensesNet": -7080000,
    "incomeBeforeTax": 44360000,
    "incomeBeforeTaxRatio": 0.2002076093,
    "incomeTaxExpense": 7757000,
    "netIncome": 36603000,
    "netIncomeRatio": 0.1651983572,
    "eps": 1.14,
    "epsdiluted": 1.1,
    "weightedAverageShsOut": 32123000,
    "weightedAverageShsOutDil": 33217000,
    "link": "https://www.sec.gov/Archives/edgar/data/814547/000081454714000011/0000814547-14-000011-index.htm",
    "finalLink": "https://www.sec.gov/Archives/edgar/data/814547/000081454714000011/fico10-k2014.htm"
  },
  {
    "date": "2014-06-30",
    "symbol": "FICO",
    "reportedCurrency": "USD",
    "cik": "0000814547",
    "fillingDate": "2014-07-28",
    "acceptedDate": "2014-07-28 12:25:34",
    "calendarYear": "2014",
    "period": "Q3",
    "revenue": 197610000,
    "costOfRevenue": 62752000,
    "grossProfit": 134858000,
    "grossProfitRatio": 0.6824452204,
    "researchAndDevelopmentExpenses": 23240000,
    "generalAndAdministrativeExpenses": 0,
    "sellingAndMarketingExpenses": 0,
    "sellingGeneralAndAdministrativeExpenses": 71557000,
    "otherExpenses": 3640000,
    "operatingExpenses": 98437000,
    "costAndExpenses": 161189000,
    "interestIncome": 13000,
    "interestExpense": 7064000,
    "depreciationAndAmortization": 8184000,
    "ebitda": 45536000,
    "ebitdaratio": 0.2304336825,
    "operatingIncome": 36421000,
    "operatingIncomeRatio": 0.1843074743,
    "totalOtherIncomeExpensesNet": -6120000,
    "incomeBeforeTax": 30301000,
    "incomeBeforeTaxRatio": 0.1533373817,
    "incomeTaxExpense": 9753000,
    "netIncome": 20548000,
    "netIncomeRatio": 0.103982592,
    "eps": 0.6,
    "epsdiluted": 0.58,
    "weightedAverageShsOut": 34210000,
    "weightedAverageShsOutDil": 35162000,
    "link": "https://www.sec.gov/Archives/edgar/data/814547/000081454714000006/0000814547-14-000006-index.htm",
    "finalLink": "https://www.sec.gov/Archives/edgar/data/814547/000081454714000006/fico10-qq32014.htm"
  },
  {
    "date": "2014-03-31",
    "symbol": "FICO",
    "reportedCurrency": "USD",
    "cik": "0000814547",
    "fillingDate": "2014-04-28",
    "acceptedDate": "2014-04-28 13:04:15",
    "calendarYear": "2014",
    "period": "Q2",
    "revenue": 185462000,
    "costOfRevenue": 58183000,
    "grossProfit": 127279000,
    "grossProfitRatio": 0.6862807475,
    "researchAndDevelopmentExpenses": 19690000,
    "generalAndAdministrativeExpenses": 0,
    "sellingAndMarketingExpenses": 0,
    "sellingGeneralAndAdministrativeExpenses": 65944000,
    "otherExpenses": 2908000,
    "operatingExpenses": 88542000,
    "costAndExpenses": 146725000,
    "interestIncome": 10000,
    "interestExpense": 7109000,
    "depreciationAndAmortization": 7845000,
    "ebitda": 46231000,
    "ebitdaratio": 0.2492747841,
    "operatingIncome": 38737000,
    "operatingIncomeRatio": 0.2088675847,
    "totalOtherIncomeExpensesNet": -7450000,
    "incomeBeforeTax": 31287000,
    "incomeBeforeTaxRatio": 0.1686976308,
    "incomeTaxExpense": 10536000,
    "netIncome": 20751000,
    "netIncomeRatio": 0.1118881496,
    "eps": 0.6,
    "epsdiluted": 0.59,
    "weightedAverageShsOut": 34500000,
    "weightedAverageShsOutDil": 35311000,
    "link": "https://www.sec.gov/Archives/edgar/data/814547/000119312514162153/0001193125-14-162153-index.htm",
    "finalLink": "https://www.sec.gov/Archives/edgar/data/814547/000119312514162153/d699139d10q.htm"
  },
  {
    "date": "2013-12-31",
    "symbol": "FICO",
    "reportedCurrency": "USD",
    "cik": "0000814547",
    "fillingDate": "2014-01-28",
    "acceptedDate": "2014-01-28 14:23:59",
    "calendarYear": "2014",
    "period": "Q1",
    "revenue": 184343000,
    "costOfRevenue": 57319000,
    "grossProfit": 127024000,
    "grossProfitRatio": 0.6890633222,
    "researchAndDevelopmentExpenses": 18092000,
    "generalAndAdministrativeExpenses": 0,
    "sellingAndMarketingExpenses": 0,
    "sellingGeneralAndAdministrativeExpenses": 66989000,
    "otherExpenses": 6673000,
    "operatingExpenses": 91754000,
    "costAndExpenses": 149073000,
    "interestIncome": 6000,
    "interestExpense": 7132000,
    "depreciationAndAmortization": 8167000,
    "ebitda": 42476000,
    "ebitdaratio": 0.2304182963,
    "operatingIncome": 35270000,
    "operatingIncomeRatio": 0.191328122,
    "totalOtherIncomeExpensesNet": -8087000,
    "incomeBeforeTax": 27183000,
    "incomeBeforeTaxRatio": 0.1474588132,
    "incomeTaxExpense": 10206000,
    "netIncome": 16977000,
    "netIncomeRatio": 0.0920946279,
    "eps": 0.49,
    "epsdiluted": 0.47,
    "weightedAverageShsOut": 34699000,
    "weightedAverageShsOutDil": 35820000,
    "link": "https://www.sec.gov/Archives/edgar/data/814547/000119312514023974/0001193125-14-023974-index.htm",
    "finalLink": "https://www.sec.gov/Archives/edgar/data/814547/000119312514023974/d653126d10q.htm"
  },
  {
    "date": "2013-09-30",
    "symbol": "FICO",
    "reportedCurrency": "USD",
    "cik": "0000814547",
    "fillingDate": "2013-11-12",
    "acceptedDate": "2013-11-12 17:27:36",
    "calendarYear": "2013",
    "period": "Q4",
    "revenue": 190327000,
    "costOfRevenue": 56809000,
    "grossProfit": 133518000,
    "grossProfitRatio": 0.7015189647,
    "researchAndDevelopmentExpenses": 17824000,
    "generalAndAdministrativeExpenses": 0,
    "sellingAndMarketingExpenses": 0,
    "sellingGeneralAndAdministrativeExpenses": 62427000,
    "otherExpenses": 3082000,
    "operatingExpenses": 83333000,
    "costAndExpenses": 140142000,
    "interestIncome": 9000,
    "interestExpense": 7114000,
    "depreciationAndAmortization": 8054000,
    "ebitda": 58101000,
    "ebitdaratio": 0.3052693522,
    "operatingIncome": 50185000,
    "operatingIncomeRatio": 0.2636777756,
    "totalOtherIncomeExpensesNet": -7252000,
    "incomeBeforeTax": 42933000,
    "incomeBeforeTaxRatio": 0.2255749316,
    "incomeTaxExpense": 14376000,
    "netIncome": 28557000,
    "netIncomeRatio": 0.1500417702,
    "eps": 0.81,
    "epsdiluted": 0.79,
    "weightedAverageShsOut": 35132000,
    "weightedAverageShsOutDil": 36151000,
    "link": "https://www.sec.gov/Archives/edgar/data/814547/000119312513438562/0001193125-13-438562-index.htm",
    "finalLink": "https://www.sec.gov/Archives/edgar/data/814547/000119312513438562/d591009d10k.htm"
  },
  {
    "date": "2013-06-30",
    "symbol": "FICO",
    "reportedCurrency": "USD",
    "cik": "0000814547",
    "fillingDate": "2013-07-30",
    "acceptedDate": "2013-07-30 16:12:22",
    "calendarYear": "2013",
    "period": "Q3",
    "revenue": 183772000,
    "costOfRevenue": 57655000,
    "grossProfit": 126117000,
    "grossProfitRatio": 0.6862688549,
    "researchAndDevelopmentExpenses": 18570000,
    "generalAndAdministrativeExpenses": 0,
    "sellingAndMarketingExpenses": 0,
    "sellingGeneralAndAdministrativeExpenses": 68665000,
    "otherExpenses": 3674000,
    "operatingExpenses": 90909000,
    "costAndExpenses": 148564000,
    "interestIncome": 15000,
    "interestExpense": 7432000,
    "depreciationAndAmortization": 8727000,
    "ebitda": 44780000,
    "ebitdaratio": 0.243671506,
    "operatingIncome": 35208000,
    "operatingIncomeRatio": 0.1915852252,
    "totalOtherIncomeExpensesNet": -6587000,
    "incomeBeforeTax": 28621000,
    "incomeBeforeTaxRatio": 0.1557418976,
    "incomeTaxExpense": 8999000,
    "netIncome": 19622000,
    "netIncomeRatio": 0.1067736108,
    "eps": 0.55,
    "epsdiluted": 0.54,
    "weightedAverageShsOut": 35499000,
    "weightedAverageShsOutDil": 36385000,
    "link": "https://www.sec.gov/Archives/edgar/data/814547/000119312513310195/0001193125-13-310195-index.htm",
    "finalLink": "https://www.sec.gov/Archives/edgar/data/814547/000119312513310195/d548974d10q.htm"
  },
  {
    "date": "2013-03-31",
    "symbol": "FICO",
    "reportedCurrency": "USD",
    "cik": "0000814547",
    "fillingDate": "2013-04-29",
    "acceptedDate": "2013-04-29 12:26:40",
    "calendarYear": "2013",
    "period": "Q2",
    "revenue": 179325000,
    "costOfRevenue": 58856000,
    "grossProfit": 120469000,
    "grossProfitRatio": 0.6717914401,
    "researchAndDevelopmentExpenses": 16021000,
    "generalAndAdministrativeExpenses": 0,
    "sellingAndMarketingExpenses": 0,
    "sellingGeneralAndAdministrativeExpenses": 67638000,
    "otherExpenses": 3604000,
    "operatingExpenses": 87263000,
    "costAndExpenses": 146119000,
    "interestIncome": 9000,
    "interestExpense": 7855000,
    "depreciationAndAmortization": 8460000,
    "ebitda": 41702000,
    "ebitdaratio": 0.2325498397,
    "operatingIncome": 33206000,
    "operatingIncomeRatio": 0.1851721734,
    "totalOtherIncomeExpensesNet": -7819000,
    "incomeBeforeTax": 25387000,
    "incomeBeforeTaxRatio": 0.1415697755,
    "incomeTaxExpense": 6892000,
    "netIncome": 18495000,
    "netIncomeRatio": 0.1031367629,
    "eps": 0.52,
    "epsdiluted": 0.51,
    "weightedAverageShsOut": 35664000,
    "weightedAverageShsOutDil": 36492000,
    "link": "https://www.sec.gov/Archives/edgar/data/814547/000119312513180832/0001193125-13-180832-index.htm",
    "finalLink": "https://www.sec.gov/Archives/edgar/data/814547/000119312513180832/d500480d10q.htm"
  },
  {
    "date": "2012-12-31",
    "symbol": "FICO",
    "reportedCurrency": "USD",
    "cik": "0000814547",
    "fillingDate": "2013-01-30",
    "acceptedDate": "2013-01-30 16:08:25",
    "calendarYear": "2013",
    "period": "Q1",
    "revenue": 190020000,
    "costOfRevenue": 56148000,
    "grossProfit": 133872000,
    "grossProfitRatio": 0.7045153142,
    "researchAndDevelopmentExpenses": 14552000,
    "generalAndAdministrativeExpenses": 0,
    "sellingAndMarketingExpenses": 0,
    "sellingGeneralAndAdministrativeExpenses": 69665000,
    "otherExpenses": 6661000,
    "operatingExpenses": 90878000,
    "costAndExpenses": 147026000,
    "interestIncome": 21000,
    "interestExpense": 7880000,
    "depreciationAndAmortization": 7973000,
    "ebitda": 50896000,
    "ebitdaratio": 0.2678454899,
    "operatingIncome": 42994000,
    "operatingIncomeRatio": 0.2262603936,
    "totalOtherIncomeExpensesNet": -7951000,
    "incomeBeforeTax": 35043000,
    "incomeBeforeTaxRatio": 0.1844174297,
    "incomeTaxExpense": 11622000,
    "netIncome": 23421000,
    "netIncomeRatio": 0.1232554468,
    "eps": 0.67,
    "epsdiluted": 0.65,
    "weightedAverageShsOut": 35043000,
    "weightedAverageShsOutDil": 36151000,
    "link": "https://www.sec.gov/Archives/edgar/data/814547/000119312513029957/0001193125-13-029957-index.htm",
    "finalLink": "https://www.sec.gov/Archives/edgar/data/814547/000119312513029957/d453682d10q.htm"
  },
  {
    "date": "2012-09-30",
    "symbol": "FICO",
    "reportedCurrency": "USD",
    "cik": "0000814547",
    "fillingDate": "2012-11-16",
    "acceptedDate": "2012-11-16 10:32:42",
    "calendarYear": "2012",
    "period": "Q4",
    "revenue": 186075000,
    "costOfRevenue": 55327000,
    "grossProfit": 130748000,
    "grossProfitRatio": 0.7026629047,
    "researchAndDevelopmentExpenses": 17602000,
    "generalAndAdministrativeExpenses": 0,
    "sellingAndMarketingExpenses": 0,
    "sellingGeneralAndAdministrativeExpenses": 65040000,
    "otherExpenses": 7184000,
    "operatingExpenses": 89826000,
    "costAndExpenses": 145153000,
    "interestIncome": 41000,
    "interestExpense": 7856000,
    "depreciationAndAmortization": 6994000,
    "ebitda": 47530000,
    "ebitdaratio": 0.2554346366,
    "operatingIncome": 40922000,
    "operatingIncomeRatio": 0.2199220744,
    "totalOtherIncomeExpensesNet": -8242000,
    "incomeBeforeTax": 32680000,
    "incomeBeforeTaxRatio": 0.1756281069,
    "incomeTaxExpense": 11434000,
    "netIncome": 21246000,
    "netIncomeRatio": 0.1141797662,
    "eps": 0.62,
    "epsdiluted": 0.6,
    "weightedAverageShsOut": 34262000,
    "weightedAverageShsOutDil": 35513000,
    "link": "https://www.sec.gov/Archives/edgar/data/814547/000119312512473516/0001193125-12-473516-index.htm",
    "finalLink": "https://www.sec.gov/Archives/edgar/data/814547/000119312512473516/d411764d10k.htm"
  },
  {
    "date": "2012-06-30",
    "symbol": "FICO",
    "reportedCurrency": "USD",
    "cik": "0000814547",
    "fillingDate": "2012-07-30",
    "acceptedDate": "2012-07-30 11:26:48",
    "calendarYear": "2012",
    "period": "Q3",
    "revenue": 160478000,
    "costOfRevenue": 47832000,
    "grossProfit": 112646000,
    "grossProfitRatio": 0.7019404529,
    "researchAndDevelopmentExpenses": 14890000,
    "generalAndAdministrativeExpenses": 0,
    "sellingAndMarketingExpenses": 0,
    "sellingGeneralAndAdministrativeExpenses": 59123000,
    "otherExpenses": 1465000,
    "operatingExpenses": 75478000,
    "costAndExpenses": 123310000,
    "interestIncome": 82000,
    "interestExpense": 7907000,
    "depreciationAndAmortization": 4506000,
    "ebitda": 42667000,
    "ebitdaratio": 0.2658744501,
    "operatingIncome": 37168000,
    "operatingIncomeRatio": 0.2316080709,
    "totalOtherIncomeExpensesNet": -6914000,
    "incomeBeforeTax": 30254000,
    "incomeBeforeTaxRatio": 0.1885242837,
    "incomeTaxExpense": 9505000,
    "netIncome": 20749000,
    "netIncomeRatio": 0.1292949812,
    "eps": 0.61,
    "epsdiluted": 0.59,
    "weightedAverageShsOut": 34004000,
    "weightedAverageShsOutDil": 35293000,
    "link": "https://www.sec.gov/Archives/edgar/data/814547/000119312512321641/0001193125-12-321641-index.htm",
    "finalLink": "https://www.sec.gov/Archives/edgar/data/814547/000119312512321641/d356883d10q.htm"
  },
  {
    "date": "2012-03-31",
    "symbol": "FICO",
    "reportedCurrency": "USD",
    "cik": "0000814547",
    "fillingDate": "2012-04-30",
    "acceptedDate": "2012-04-30 15:19:06",
    "calendarYear": "2012",
    "period": "Q2",
    "revenue": 159521000,
    "costOfRevenue": 48814000,
    "grossProfit": 110707000,
    "grossProfitRatio": 0.6939964017,
    "researchAndDevelopmentExpenses": 13986000,
    "generalAndAdministrativeExpenses": 0,
    "sellingAndMarketingExpenses": 0,
    "sellingGeneralAndAdministrativeExpenses": 57035000,
    "otherExpenses": 1490000,
    "operatingExpenses": 72511000,
    "costAndExpenses": 121325000,
    "interestIncome": 106000,
    "interestExpense": 7984000,
    "depreciationAndAmortization": 4521000,
    "ebitda": 42189000,
    "ebitdaratio": 0.2644730161,
    "operatingIncome": 38196000,
    "operatingIncomeRatio": 0.239441829,
    "totalOtherIncomeExpensesNet": -8512000,
    "incomeBeforeTax": 29684000,
    "incomeBeforeTaxRatio": 0.1860820832,
    "incomeTaxExpense": 9672000,
    "netIncome": 20012000,
    "netIncomeRatio": 0.1254505676,
    "eps": 0.57,
    "epsdiluted": 0.55,
    "weightedAverageShsOut": 35331000,
    "weightedAverageShsOutDil": 36552000,
    "link": "https://www.sec.gov/Archives/edgar/data/814547/000119312512195607/0001193125-12-195607-index.htm",
    "finalLink": "https://www.sec.gov/Archives/edgar/data/814547/000119312512195607/d338746d10q.htm"
  },
  {
    "date": "2011-12-31",
    "symbol": "FICO",
    "reportedCurrency": "USD",
    "cik": "0000814547",
    "fillingDate": "2012-02-02",
    "acceptedDate": "2012-02-02 08:47:45",
    "calendarYear": "2012",
    "period": "Q1",
    "revenue": 170349000,
    "costOfRevenue": 45974000,
    "grossProfit": 124375000,
    "grossProfitRatio": 0.7301187562,
    "researchAndDevelopmentExpenses": 13049000,
    "generalAndAdministrativeExpenses": 0,
    "sellingAndMarketingExpenses": 0,
    "sellingGeneralAndAdministrativeExpenses": 57324000,
    "otherExpenses": 1930000,
    "operatingExpenses": 72303000,
    "costAndExpenses": 118277000,
    "interestIncome": 88000,
    "interestExpense": 7987000,
    "depreciationAndAmortization": 5528000,
    "ebitda": 57140000,
    "ebitdaratio": 0.335429031,
    "operatingIncome": 52072000,
    "operatingIncomeRatio": 0.3056783427,
    "totalOtherIncomeExpensesNet": -8447000,
    "incomeBeforeTax": 43625000,
    "incomeBeforeTaxRatio": 0.2560919054,
    "incomeTaxExpense": 13628000,
    "netIncome": 29997000,
    "netIncomeRatio": 0.1760914358,
    "eps": 0.83,
    "epsdiluted": 0.81,
    "weightedAverageShsOut": 36034000,
    "weightedAverageShsOutDil": 36887000,
    "link": "https://www.sec.gov/Archives/edgar/data/814547/000119312512035674/0001193125-12-035674-index.htm",
    "finalLink": "https://www.sec.gov/Archives/edgar/data/814547/000119312512035674/d272770d10q.htm"
  },
  {
    "date": "2011-09-30",
    "symbol": "FICO",
    "reportedCurrency": "USD",
    "cik": "0000814547",
    "fillingDate": "2011-11-18",
    "acceptedDate": "2011-11-18 16:38:25",
    "calendarYear": "2011",
    "period": "Q4",
    "revenue": 160249000,
    "costOfRevenue": 48763000,
    "grossProfit": 111486000,
    "grossProfitRatio": 0.6957048094,
    "researchAndDevelopmentExpenses": 13556000,
    "generalAndAdministrativeExpenses": 0,
    "sellingAndMarketingExpenses": 0,
    "sellingGeneralAndAdministrativeExpenses": 54890000,
    "otherExpenses": 1937000,
    "operatingExpenses": 70383000,
    "costAndExpenses": 119146000,
    "interestIncome": 108000,
    "interestExpense": 7963000,
    "depreciationAndAmortization": 5574000,
    "ebitda": 46598000,
    "ebitdaratio": 0.2907849659,
    "operatingIncome": 41103000,
    "operatingIncomeRatio": 0.2564945803,
    "totalOtherIncomeExpensesNet": -8042000,
    "incomeBeforeTax": 33061000,
    "incomeBeforeTaxRatio": 0.2063101798,
    "incomeTaxExpense": 8442000,
    "netIncome": 24619000,
    "netIncomeRatio": 0.1536296638,
    "eps": 0.68,
    "epsdiluted": 0.68,
    "weightedAverageShsOut": 36034000,
    "weightedAverageShsOutDil": 36034000,
    "link": "https://www.sec.gov/Archives/edgar/data/814547/000119312511317245/0001193125-11-317245-index.htm",
    "finalLink": "https://www.sec.gov/Archives/edgar/data/814547/000119312511317245/d240549d10k.htm"
  },
  {
    "date": "2011-06-30",
    "symbol": "FICO",
    "reportedCurrency": "USD",
    "cik": "0000814547",
    "fillingDate": "2011-08-08",
    "acceptedDate": "2011-08-08 14:51:23",
    "calendarYear": "2011",
    "period": "Q3",
    "revenue": 150679000,
    "costOfRevenue": 43398000,
    "grossProfit": 107281000,
    "grossProfitRatio": 0.7119837535,
    "researchAndDevelopmentExpenses": 14290000,
    "generalAndAdministrativeExpenses": 0,
    "sellingAndMarketingExpenses": 0,
    "sellingGeneralAndAdministrativeExpenses": 53643000,
    "otherExpenses": 1942000,
    "operatingExpenses": 69875000,
    "costAndExpenses": 113273000,
    "interestIncome": 1923000,
    "interestExpense": 8023000,
    "depreciationAndAmortization": 5853000,
    "ebitda": 45813000,
    "ebitdaratio": 0.3040436955,
    "operatingIncome": 37406000,
    "operatingIncomeRatio": 0.2482495902,
    "totalOtherIncomeExpensesNet": -5469000,
    "incomeBeforeTax": 31937000,
    "incomeBeforeTaxRatio": 0.2119538887,
    "incomeTaxExpense": 8748000,
    "netIncome": 23189000,
    "netIncomeRatio": 0.1538966943,
    "eps": 0.59,
    "epsdiluted": 0.58,
    "weightedAverageShsOut": 39451000,
    "weightedAverageShsOutDil": 40241000,
    "link": "https://www.sec.gov/Archives/edgar/data/814547/000119312511214037/0001193125-11-214037-index.htm",
    "finalLink": "https://www.sec.gov/Archives/edgar/data/814547/000119312511214037/d10q.htm"
  },
  {
    "date": "2011-03-31",
    "symbol": "FICO",
    "reportedCurrency": "USD",
    "cik": "0000814547",
    "fillingDate": "2011-05-10",
    "acceptedDate": "2011-05-10 16:00:33",
    "calendarYear": "2011",
    "period": "Q2",
    "revenue": 152824000,
    "costOfRevenue": 48506000,
    "grossProfit": 104318000,
    "grossProfitRatio": 0.6826022091,
    "researchAndDevelopmentExpenses": 16222000,
    "generalAndAdministrativeExpenses": 0,
    "sellingAndMarketingExpenses": 0,
    "sellingGeneralAndAdministrativeExpenses": 55449000,
    "otherExpenses": 13455000,
    "operatingExpenses": 85126000,
    "costAndExpenses": 133632000,
    "interestIncome": 57000,
    "interestExpense": 8137000,
    "depreciationAndAmortization": 6315000,
    "ebitda": 25486000,
    "ebitdaratio": 0.1667669999,
    "operatingIncome": 19192000,
    "operatingIncomeRatio": 0.1255823693,
    "totalOtherIncomeExpensesNet": -8158000,
    "incomeBeforeTax": 11034000,
    "incomeBeforeTaxRatio": 0.0722007015,
    "incomeTaxExpense": 3289000,
    "netIncome": 7745000,
    "netIncomeRatio": 0.0506792127,
    "eps": 0.19,
    "epsdiluted": 0.19,
    "weightedAverageShsOut": 40010000,
    "weightedAverageShsOutDil": 40618000,
    "link": "https://www.sec.gov/Archives/edgar/data/814547/000095012311048280/0000950123-11-048280-index.htm",
    "finalLink": "https://www.sec.gov/Archives/edgar/data/814547/000095012311048280/c63395e10vq.htm"
  },
  {
    "date": "2010-12-31",
    "symbol": "FICO",
    "reportedCurrency": "USD",
    "cik": "0000814547",
    "fillingDate": "2011-02-09",
    "acceptedDate": "2011-02-09 15:41:35",
    "calendarYear": "2011",
    "period": "Q1",
    "revenue": 155931000,
    "costOfRevenue": 45803000,
    "grossProfit": 110128000,
    "grossProfitRatio": 0.7062611027,
    "researchAndDevelopmentExpenses": 18061000,
    "generalAndAdministrativeExpenses": 0,
    "sellingAndMarketingExpenses": 0,
    "sellingGeneralAndAdministrativeExpenses": 59633000,
    "otherExpenses": 2798000,
    "operatingExpenses": 80492000,
    "costAndExpenses": 126295000,
    "interestIncome": 104000,
    "interestExpense": 8241000,
    "depreciationAndAmortization": 6455000,
    "ebitda": 36119000,
    "ebitdaratio": 0.231634505,
    "operatingIncome": 29636000,
    "operatingIncomeRatio": 0.1900584233,
    "totalOtherIncomeExpensesNet": -8213000,
    "incomeBeforeTax": 21423000,
    "incomeBeforeTaxRatio": 0.1373876907,
    "incomeTaxExpense": 5414000,
    "netIncome": 16009000,
    "netIncomeRatio": 0.1026672054,
    "eps": 0.4,
    "epsdiluted": 0.4,
    "weightedAverageShsOut": 39923000,
    "weightedAverageShsOutDil": 40439000,
    "link": "https://www.sec.gov/Archives/edgar/data/814547/000095012311010969/0000950123-11-010969-index.htm",
    "finalLink": "https://www.sec.gov/Archives/edgar/data/814547/000095012311010969/c61715e10vq.htm"
  },
  {
    "date": "2010-09-30",
    "symbol": "FICO",
    "reportedCurrency": "USD",
    "cik": "0000814547",
    "fillingDate": "2010-11-23",
    "acceptedDate": "2010-11-23 17:11:08",
    "calendarYear": "2010",
    "period": "Q4",
    "revenue": 155098000,
    "costOfRevenue": 48456000,
    "grossProfit": 106642000,
    "grossProfitRatio": 0.6875781764,
    "researchAndDevelopmentExpenses": 16178000,
    "generalAndAdministrativeExpenses": 0,
    "sellingAndMarketingExpenses": 0,
    "sellingGeneralAndAdministrativeExpenses": 59286000,
    "otherExpenses": 3600000,
    "operatingExpenses": 79064000,
    "costAndExpenses": 127520000,
    "interestIncome": 249000,
    "interestExpense": 7831000,
    "depreciationAndAmortization": 7156000,
    "ebitda": 35027000,
    "ebitdaratio": 0.2258378574,
    "operatingIncome": 27578000,
    "operatingIncomeRatio": 0.1778101587,
    "totalOtherIncomeExpensesNet": -7538000,
    "incomeBeforeTax": 20040000,
    "incomeBeforeTaxRatio": 0.1292086294,
    "incomeTaxExpense": 4199000,
    "netIncome": 15841000,
    "netIncomeRatio": 0.1021354241,
    "eps": 0.4,
    "epsdiluted": 0.4,
    "weightedAverageShsOut": 39923000,
    "weightedAverageShsOutDil": 39923000,
    "link": "https://www.sec.gov/Archives/edgar/data/814547/000095012310108284/0000950123-10-108284-index.htm",
    "finalLink": "https://www.sec.gov/Archives/edgar/data/814547/000095012310108284/c59621e10vk.htm"
  },
  {
    "date": "2010-06-30",
    "symbol": "FICO",
    "reportedCurrency": "USD",
    "cik": "0000814547",
    "fillingDate": "2010-08-06",
    "acceptedDate": "2010-08-06 16:26:13",
    "calendarYear": "2010",
    "period": "Q3",
    "revenue": 155329000,
    "costOfRevenue": 45316000,
    "grossProfit": 110013000,
    "grossProfitRatio": 0.7082579557,
    "researchAndDevelopmentExpenses": 19176000,
    "generalAndAdministrativeExpenses": 0,
    "sellingAndMarketingExpenses": 0,
    "sellingGeneralAndAdministrativeExpenses": 57077000,
    "otherExpenses": 2683000,
    "operatingExpenses": 78936000,
    "costAndExpenses": 124252000,
    "interestIncome": 393000,
    "interestExpense": 5462000,
    "depreciationAndAmortization": 7634000,
    "ebitda": 39805000,
    "ebitdaratio": 0.2562625138,
    "operatingIncome": 31077000,
    "operatingIncomeRatio": 0.200072105,
    "totalOtherIncomeExpensesNet": -4368000,
    "incomeBeforeTax": 26709000,
    "incomeBeforeTaxRatio": 0.1719511489,
    "incomeTaxExpense": 8771000,
    "netIncome": 17938000,
    "netIncomeRatio": 0.1154839083,
    "eps": 0.4,
    "epsdiluted": 0.4,
    "weightedAverageShsOut": 44446000,
    "weightedAverageShsOutDil": 44885000,
    "link": "https://www.sec.gov/Archives/edgar/data/814547/000095012310074342/0000950123-10-074342-index.htm",
    "finalLink": "https://www.sec.gov/Archives/edgar/data/814547/000095012310074342/c58327e10vq.htm"
  },
  {
    "date": "2010-03-31",
    "symbol": "FICO",
    "reportedCurrency": "USD",
    "cik": "0000814547",
    "fillingDate": "2010-05-07",
    "acceptedDate": "2010-05-07 12:05:41",
    "calendarYear": "2010",
    "period": "Q2",
    "revenue": 143720000,
    "costOfRevenue": 44641000,
    "grossProfit": 99079000,
    "grossProfitRatio": 0.6893890899,
    "researchAndDevelopmentExpenses": 19251000,
    "generalAndAdministrativeExpenses": 0,
    "sellingAndMarketingExpenses": 0,
    "sellingGeneralAndAdministrativeExpenses": 53697000,
    "otherExpenses": 3070000,
    "operatingExpenses": 76018000,
    "costAndExpenses": 120659000,
    "interestIncome": 507000,
    "interestExpense": 5423000,
    "depreciationAndAmortization": 8041000,
    "ebitda": 32636000,
    "ebitdaratio": 0.2270804342,
    "operatingIncome": 23061000,
    "operatingIncomeRatio": 0.1604578347,
    "totalOtherIncomeExpensesNet": -3889000,
    "incomeBeforeTax": 19172000,
    "incomeBeforeTaxRatio": 0.1333982744,
    "incomeTaxExpense": 6180000,
    "netIncome": 12992000,
    "netIncomeRatio": 0.0903979961,
    "eps": 0.28,
    "epsdiluted": 0.28,
    "weightedAverageShsOut": 46447000,
    "weightedAverageShsOutDil": 46870000,
    "link": "https://www.sec.gov/Archives/edgar/data/814547/000095012310046116/0000950123-10-046116-index.htm",
    "finalLink": "https://www.sec.gov/Archives/edgar/data/814547/000095012310046116/c58030e10vq.htm"
  },
  {
    "date": "2009-12-31",
    "symbol": "FICO",
    "reportedCurrency": "USD",
    "cik": "0000814547",
    "fillingDate": "2010-02-08",
    "acceptedDate": "2010-02-08 17:04:55",
    "calendarYear": "2010",
    "period": "Q1",
    "revenue": 151496000,
    "costOfRevenue": 42519000,
    "grossProfit": 108977000,
    "grossProfitRatio": 0.7193391245,
    "researchAndDevelopmentExpenses": 18976000,
    "generalAndAdministrativeExpenses": 0,
    "sellingAndMarketingExpenses": 0,
    "sellingGeneralAndAdministrativeExpenses": 55203000,
    "otherExpenses": 3165000,
    "operatingExpenses": 77344000,
    "costAndExpenses": 119863000,
    "interestIncome": 539000,
    "interestExpense": 5408000,
    "depreciationAndAmortization": 8087000,
    "ebitda": 39878000,
    "ebitdaratio": 0.263228072,
    "operatingIncome": 31633000,
    "operatingIncomeRatio": 0.2088041928,
    "totalOtherIncomeExpensesNet": -5250000,
    "incomeBeforeTax": 26383000,
    "incomeBeforeTaxRatio": 0.1741498125,
    "incomeTaxExpense": 8697000,
    "netIncome": 17686000,
    "netIncomeRatio": 0.1167423562,
    "eps": 0.37,
    "epsdiluted": 0.37,
    "weightedAverageShsOut": 47606000,
    "weightedAverageShsOutDil": 47915000,
    "link": "https://www.sec.gov/Archives/edgar/data/814547/000095012310009970/0000950123-10-009970-index.htm",
    "finalLink": "https://www.sec.gov/Archives/edgar/data/814547/000095012310009970/c56194e10vq.htm"
  },
  {
    "date": "2009-09-30",
    "symbol": "FICO",
    "reportedCurrency": "USD",
    "cik": "0000814547",
    "fillingDate": "2009-11-24",
    "acceptedDate": "2009-11-24 17:08:26",
    "calendarYear": "2009",
    "period": "Q4",
    "revenue": 151922000,
    "costOfRevenue": 45793000,
    "grossProfit": 106129000,
    "grossProfitRatio": 0.6985755848,
    "researchAndDevelopmentExpenses": 18217000,
    "generalAndAdministrativeExpenses": 0,
    "sellingAndMarketingExpenses": 0,
    "sellingGeneralAndAdministrativeExpenses": 51800000,
    "otherExpenses": 3269000,
    "operatingExpenses": 73286000,
    "costAndExpenses": 119079000,
    "interestIncome": 881000,
    "interestExpense": 5710000,
    "depreciationAndAmortization": 9367000,
    "ebitda": 43027000,
    "ebitdaratio": 0.2832177038,
    "operatingIncome": 32843000,
    "operatingIncomeRatio": 0.2161833046,
    "totalOtherIncomeExpensesNet": -4893000,
    "incomeBeforeTax": 27950000,
    "incomeBeforeTaxRatio": 0.1839759877,
    "incomeTaxExpense": 10842000,
    "netIncome": 17108000,
    "netIncomeRatio": 0.1126104185,
    "eps": 0.36,
    "epsdiluted": 0.36,
    "weightedAverageShsOut": 47606000,
    "weightedAverageShsOutDil": 47606000,
    "link": "https://www.sec.gov/Archives/edgar/data/814547/000095012309065746/0000950123-09-065746-index.htm",
    "finalLink": "https://www.sec.gov/Archives/edgar/data/814547/000095012309065746/c54808e10vk.htm"
  },
  {
    "date": "2009-06-30",
    "symbol": "FICO",
    "reportedCurrency": "USD",
    "cik": "0000814547",
    "fillingDate": "2009-08-06",
    "acceptedDate": "2009-08-06 17:22:57",
    "calendarYear": "2009",
    "period": "Q3",
    "revenue": 156018000,
    "costOfRevenue": 48160000,
    "grossProfit": 107858000,
    "grossProfitRatio": 0.6913176685,
    "researchAndDevelopmentExpenses": 18364000,
    "generalAndAdministrativeExpenses": 0,
    "sellingAndMarketingExpenses": 0,
    "sellingGeneralAndAdministrativeExpenses": 50290000,
    "otherExpenses": 5975000,
    "operatingExpenses": 74629000,
    "costAndExpenses": 122789000,
    "interestIncome": 936000,
    "interestExpense": 6086000,
    "depreciationAndAmortization": 9655000,
    "ebitda": 44323000,
    "ebitdaratio": 0.2840890154,
    "operatingIncome": 33229000,
    "operatingIncomeRatio": 0.2129818354,
    "totalOtherIncomeExpensesNet": -4647000,
    "incomeBeforeTax": 28582000,
    "incomeBeforeTaxRatio": 0.1831968106,
    "incomeTaxExpense": 10443000,
    "netIncome": 18139000,
    "netIncomeRatio": 0.1162622262,
    "eps": 0.37,
    "epsdiluted": 0.37,
    "weightedAverageShsOut": 48835000,
    "weightedAverageShsOutDil": 48986000,
    "link": "https://www.sec.gov/Archives/edgar/data/814547/000095012309031346/0000950123-09-031346-index.htm",
    "finalLink": "https://www.sec.gov/Archives/edgar/data/814547/000095012309031346/c52895e10vq.htm"
  },
  {
    "date": "2009-03-31",
    "symbol": "FICO",
    "reportedCurrency": "USD",
    "cik": "0000814547",
    "fillingDate": "2009-05-07",
    "acceptedDate": "2009-05-07 16:55:33",
    "calendarYear": "2009",
    "period": "Q2",
    "revenue": 159335000,
    "costOfRevenue": 53476000,
    "grossProfit": 105859000,
    "grossProfitRatio": 0.6643800797,
    "researchAndDevelopmentExpenses": 18924000,
    "generalAndAdministrativeExpenses": 0,
    "sellingAndMarketingExpenses": 0,
    "sellingGeneralAndAdministrativeExpenses": 52460000,
    "otherExpenses": 4026000,
    "operatingExpenses": 75410000,
    "costAndExpenses": 128886000,
    "interestIncome": 1245000,
    "interestExpense": 6527000,
    "depreciationAndAmortization": 9814000,
    "ebitda": 41210000,
    "ebitdaratio": 0.258637462,
    "operatingIncome": 30449000,
    "operatingIncomeRatio": 0.1911005115,
    "totalOtherIncomeExpensesNet": -5580000,
    "incomeBeforeTax": 24869000,
    "incomeBeforeTaxRatio": 0.1560799573,
    "incomeTaxExpense": 6761000,
    "netIncome": 17745000,
    "netIncomeRatio": 0.1113691279,
    "eps": 0.36,
    "epsdiluted": 0.36,
    "weightedAverageShsOut": 48813000,
    "weightedAverageShsOutDil": 48828000,
    "link": "https://www.sec.gov/Archives/edgar/data/814547/000095013709003714/0000950137-09-003714-index.htm",
    "finalLink": "https://www.sec.gov/Archives/edgar/data/814547/000095013709003714/c51085e10vq.htm"
  },
  {
    "date": "2008-12-31",
    "symbol": "FICO",
    "reportedCurrency": "USD",
    "cik": "0000814547",
    "fillingDate": "2009-02-06",
    "acceptedDate": "2009-02-06 16:32:26",
    "calendarYear": "2009",
    "period": "Q1",
    "revenue": 163460000,
    "costOfRevenue": 59019000,
    "grossProfit": 104441000,
    "grossProfitRatio": 0.63893919,
    "researchAndDevelopmentExpenses": 18121000,
    "generalAndAdministrativeExpenses": 0,
    "sellingAndMarketingExpenses": 0,
    "sellingGeneralAndAdministrativeExpenses": 54769000,
    "otherExpenses": 11325000,
    "operatingExpenses": 84215000,
    "costAndExpenses": 143234000,
    "interestIncome": 1655000,
    "interestExpense": 7158000,
    "depreciationAndAmortization": 9583000,
    "ebitda": 32910000,
    "ebitdaratio": 0.2013336596,
    "operatingIncome": 20226000,
    "operatingIncomeRatio": 0.123736694,
    "totalOtherIncomeExpensesNet": -4057000,
    "incomeBeforeTax": 16169000,
    "incomeBeforeTaxRatio": 0.0989171663,
    "incomeTaxExpense": 4059000,
    "netIncome": 12110000,
    "netIncomeRatio": 0.0740854032,
    "eps": 0.25,
    "epsdiluted": 0.25,
    "weightedAverageShsOut": 48478000,
    "weightedAverageShsOutDil": 48522000,
    "link": "https://www.sec.gov/Archives/edgar/data/814547/000095013709000848/0000950137-09-000848-index.htm",
    "finalLink": "https://www.sec.gov/Archives/edgar/data/814547/000095013709000848/c49207e10vq.htm"
  },
  {
    "date": "2008-09-30",
    "symbol": "FICO",
    "reportedCurrency": "USD",
    "cik": "0000814547",
    "fillingDate": "2008-11-26",
    "acceptedDate": "2008-11-26 16:35:27",
    "calendarYear": "2008",
    "period": "Q4",
    "revenue": 178187000,
    "costOfRevenue": 66290000,
    "grossProfit": 111897000,
    "grossProfitRatio": 0.6279751048,
    "researchAndDevelopmentExpenses": 18884000,
    "generalAndAdministrativeExpenses": 0,
    "sellingAndMarketingExpenses": 0,
    "sellingGeneralAndAdministrativeExpenses": 57781000,
    "otherExpenses": 5873000,
    "operatingExpenses": 82538000,
    "costAndExpenses": 148828000,
    "interestIncome": 0,
    "interestExpense": 0,
    "depreciationAndAmortization": 9371000,
    "ebitda": 41041000,
    "ebitdaratio": 0.2303254446,
    "operatingIncome": 29359000,
    "operatingIncomeRatio": 0.1647651063,
    "totalOtherIncomeExpensesNet": -2794000,
    "incomeBeforeTax": 25495000,
    "incomeBeforeTaxRatio": 0.1430800227,
    "incomeTaxExpense": 1717000,
    "netIncome": 23778000,
    "netIncomeRatio": 0.1334440784,
    "eps": 0.49,
    "epsdiluted": 0.49,
    "weightedAverageShsOut": 48427000,
    "weightedAverageShsOutDil": 48478000,
    "link": "https://www.sec.gov/Archives/edgar/data/814547/000095013708014107/0000950137-08-014107-index.htm",
    "finalLink": "https://www.sec.gov/Archives/edgar/data/814547/000095013708014107/c47904e10vk.htm"
  },
  {
    "date": "2008-06-30",
    "symbol": "FICO",
    "reportedCurrency": "USD",
    "cik": "0000814547",
    "fillingDate": "2008-08-05",
    "acceptedDate": "2008-08-05 16:51:21",
    "calendarYear": "2008",
    "period": "Q3",
    "revenue": 183315000,
    "costOfRevenue": 68709000,
    "grossProfit": 114606000,
    "grossProfitRatio": 0.625186155,
    "researchAndDevelopmentExpenses": 18779000,
    "generalAndAdministrativeExpenses": 0,
    "sellingAndMarketingExpenses": 0,
    "sellingGeneralAndAdministrativeExpenses": 59734000,
    "otherExpenses": 5973000,
    "operatingExpenses": 84486000,
    "costAndExpenses": 153195000,
    "interestIncome": 0,
    "interestExpense": 0,
    "depreciationAndAmortization": 10083000,
    "ebitda": 42379000,
    "ebitdaratio": 0.2311812999,
    "operatingIncome": 30120000,
    "operatingIncomeRatio": 0.1643073398,
    "totalOtherIncomeExpensesNet": -2018000,
    "incomeBeforeTax": 28102000,
    "incomeBeforeTaxRatio": 0.1532989663,
    "incomeTaxExpense": 9304000,
    "netIncome": 26501000,
    "netIncomeRatio": 0.1445653656,
    "eps": 0.55,
    "epsdiluted": 0.54,
    "weightedAverageShsOut": 48521000,
    "weightedAverageShsOutDil": 48727000,
    "link": "https://www.sec.gov/Archives/edgar/data/814547/000095013708010207/0000950137-08-010207-index.htm",
    "finalLink": "https://www.sec.gov/Archives/edgar/data/814547/000095013708010207/c34237e10vq.htm"
  },
  {
    "date": "2008-03-31",
    "symbol": "FICO",
    "reportedCurrency": "USD",
    "cik": "0000814547",
    "fillingDate": "2008-05-08",
    "acceptedDate": "2008-05-08 16:18:09",
    "calendarYear": "2008",
    "period": "Q2",
    "revenue": 193234000,
    "costOfRevenue": 72946000,
    "grossProfit": 120288000,
    "grossProfitRatio": 0.6224991461,
    "researchAndDevelopmentExpenses": 20662000,
    "generalAndAdministrativeExpenses": 0,
    "sellingAndMarketingExpenses": 0,
    "sellingGeneralAndAdministrativeExpenses": 61365000,
    "otherExpenses": 9745000,
    "operatingExpenses": 91772000,
    "costAndExpenses": 164718000,
    "interestIncome": 0,
    "interestExpense": 0,
    "depreciationAndAmortization": 10283000,
    "ebitda": 44923000,
    "ebitdaratio": 0.2324797913,
    "operatingIncome": 28516000,
    "operatingIncomeRatio": 0.1475723734,
    "totalOtherIncomeExpensesNet": -1278000,
    "incomeBeforeTax": 27238000,
    "incomeBeforeTaxRatio": 0.1409586305,
    "incomeTaxExpense": 9464000,
    "netIncome": 13487000,
    "netIncomeRatio": 0.0697962056,
    "eps": 0.28,
    "epsdiluted": 0.28,
    "weightedAverageShsOut": 48760000,
    "weightedAverageShsOutDil": 48961000,
    "link": "https://www.sec.gov/Archives/edgar/data/814547/000095013708007059/0000950137-08-007059-index.htm",
    "finalLink": "https://www.sec.gov/Archives/edgar/data/814547/000095013708007059/c26587e10vq.htm"
  },
  {
    "date": "2007-12-31",
    "symbol": "FICO",
    "reportedCurrency": "USD",
    "cik": "0000814547",
    "fillingDate": "2008-02-08",
    "acceptedDate": "2008-02-08 12:41:38",
    "calendarYear": "2008",
    "period": "Q1",
    "revenue": 199385000,
    "costOfRevenue": 75940000,
    "grossProfit": 123445000,
    "grossProfitRatio": 0.6191288211,
    "researchAndDevelopmentExpenses": 19615000,
    "generalAndAdministrativeExpenses": 0,
    "sellingAndMarketingExpenses": 0,
    "sellingGeneralAndAdministrativeExpenses": 67511000,
    "otherExpenses": 2618000,
    "operatingExpenses": 88846000,
    "costAndExpenses": 155818000,
    "interestIncome": 0,
    "interestExpense": 0,
    "depreciationAndAmortization": 9757000,
    "ebitda": 43600000,
    "ebitdaratio": 0.2186724177,
    "operatingIncome": 34288000,
    "operatingIncomeRatio": 0.1719688041,
    "totalOtherIncomeExpensesNet": -1058000,
    "incomeBeforeTax": 31090000,
    "incomeBeforeTaxRatio": 0.1559294832,
    "incomeTaxExpense": 10904000,
    "netIncome": 20186000,
    "netIncomeRatio": 0.101241317,
    "eps": 0.4,
    "epsdiluted": 0.39,
    "weightedAverageShsOut": 50042000,
    "weightedAverageShsOutDil": 51200000,
    "link": "https://www.sec.gov/Archives/edgar/data/814547/000095013708001822/0000950137-08-001822-index.htm",
    "finalLink": "https://www.sec.gov/Archives/edgar/data/814547/000095013708001822/c23579e10vq.htm"
  },
  {
    "date": "2007-09-30",
    "symbol": "FICO",
    "reportedCurrency": "USD",
    "cik": "0000814547",
    "fillingDate": "2007-11-28",
    "acceptedDate": "2007-11-28 15:20:14",
    "calendarYear": "2007",
    "period": "Q4",
    "revenue": 207227000,
    "costOfRevenue": 75010000,
    "grossProfit": 132217000,
    "grossProfitRatio": 0.6380297934,
    "researchAndDevelopmentExpenses": 17824000,
    "generalAndAdministrativeExpenses": 0,
    "sellingAndMarketingExpenses": 0,
    "sellingGeneralAndAdministrativeExpenses": 76402000,
    "otherExpenses": 6903000,
    "operatingExpenses": 101129000,
    "costAndExpenses": 176139000,
    "interestIncome": 0,
    "interestExpense": 0,
    "depreciationAndAmortization": 10906000,
    "ebitda": 44449000,
    "ebitdaratio": 0.2144942503,
    "operatingIncome": 31088000,
    "operatingIncomeRatio": 0.1500190612,
    "totalOtherIncomeExpensesNet": -33000,
    "incomeBeforeTax": 31055000,
    "incomeBeforeTaxRatio": 0.1498598156,
    "incomeTaxExpense": 2836000,
    "netIncome": 28219000,
    "netIncomeRatio": 0.1361743402,
    "eps": 0.56,
    "epsdiluted": 0.56,
    "weightedAverageShsOut": 50042000,
    "weightedAverageShsOutDil": 50042000,
    "link": "https://www.sec.gov/Archives/edgar/data/814547/000095013707017904/0000950137-07-017904-index.htm",
    "finalLink": "https://www.sec.gov/Archives/edgar/data/814547/000095013707017904/c21843e10vk.htm"
  },
  {
    "date": "2007-06-30",
    "symbol": "FICO",
    "reportedCurrency": "USD",
    "cik": "0000814547",
    "fillingDate": "2007-08-06",
    "acceptedDate": "2007-08-06 13:59:04",
    "calendarYear": "2007",
    "period": "Q3",
    "revenue": 205782000,
    "costOfRevenue": 73731000,
    "grossProfit": 132051000,
    "grossProfitRatio": 0.641703356,
    "researchAndDevelopmentExpenses": 17275000,
    "generalAndAdministrativeExpenses": 0,
    "sellingAndMarketingExpenses": 0,
    "sellingGeneralAndAdministrativeExpenses": 72476000,
    "otherExpenses": 4833000,
    "operatingExpenses": 91214000,
    "costAndExpenses": 156505000,
    "interestIncome": 0,
    "interestExpense": 0,
    "depreciationAndAmortization": 12175000,
    "ebitda": 52297000,
    "ebitdaratio": 0.2541378741,
    "operatingIncome": 40122000,
    "operatingIncomeRatio": 0.1949733213,
    "totalOtherIncomeExpensesNet": 184000,
    "incomeBeforeTax": 36448000,
    "incomeBeforeTaxRatio": 0.177119476,
    "incomeTaxExpense": 12680000,
    "netIncome": 23768000,
    "netIncomeRatio": 0.1155008699,
    "eps": 0.43,
    "epsdiluted": 0.42,
    "weightedAverageShsOut": 55776000,
    "weightedAverageShsOutDil": 56896000,
    "link": "https://www.sec.gov/Archives/edgar/data/814547/000095013707011364/0000950137-07-011364-index.htm",
    "finalLink": "https://www.sec.gov/Archives/edgar/data/814547/000095013707011364/c17416e10vq.htm"
  },
  {
    "date": "2007-03-31",
    "symbol": "FICO",
    "reportedCurrency": "USD",
    "cik": "0000814547",
    "fillingDate": "2007-05-07",
    "acceptedDate": "2007-05-07 14:29:16",
    "calendarYear": "2007",
    "period": "Q2",
    "revenue": 201000000,
    "costOfRevenue": 74172000,
    "grossProfit": 126828000,
    "grossProfitRatio": 0.6309850746,
    "researchAndDevelopmentExpenses": 17781000,
    "generalAndAdministrativeExpenses": 0,
    "sellingAndMarketingExpenses": 0,
    "sellingGeneralAndAdministrativeExpenses": 68015000,
    "otherExpenses": 4328000,
    "operatingExpenses": 88897000,
    "costAndExpenses": 154136000,
    "interestIncome": 0,
    "interestExpense": 0,
    "depreciationAndAmortization": 12861000,
    "ebitda": 49400000,
    "ebitdaratio": 0.2457711443,
    "operatingIncome": 36539000,
    "operatingIncomeRatio": 0.1817860697,
    "totalOtherIncomeExpensesNet": 602000,
    "incomeBeforeTax": 36823000,
    "incomeBeforeTaxRatio": 0.183199005,
    "incomeTaxExpense": 15385000,
    "netIncome": 21438000,
    "netIncomeRatio": 0.1066567164,
    "eps": 0.38,
    "epsdiluted": 0.37,
    "weightedAverageShsOut": 56940000,
    "weightedAverageShsOutDil": 58659000,
    "link": "https://www.sec.gov/Archives/edgar/data/814547/000095013707006893/0000950137-07-006893-index.htm",
    "finalLink": "https://www.sec.gov/Archives/edgar/data/814547/000095013707006893/c14930e10vq.htm"
  },
  {
    "date": "2006-12-31",
    "symbol": "FICO",
    "reportedCurrency": "USD",
    "cik": "0000814547",
    "fillingDate": "2007-02-07",
    "acceptedDate": "2007-02-07 14:32:31",
    "calendarYear": "2007",
    "period": "Q1",
    "revenue": 208227000,
    "costOfRevenue": 70569000,
    "grossProfit": 137658000,
    "grossProfitRatio": 0.6610958233,
    "researchAndDevelopmentExpenses": 17719000,
    "generalAndAdministrativeExpenses": 0,
    "sellingAndMarketingExpenses": 0,
    "sellingGeneralAndAdministrativeExpenses": 68648000,
    "otherExpenses": 6390000,
    "operatingExpenses": 92757000,
    "costAndExpenses": 163326000,
    "interestIncome": 0,
    "interestExpense": 0,
    "depreciationAndAmortization": 13184000,
    "ebitda": 58085000,
    "ebitdaratio": 0.2789503763,
    "operatingIncome": 44901000,
    "operatingIncomeRatio": 0.21563486,
    "totalOtherIncomeExpensesNet": 435000,
    "incomeBeforeTax": 45336000,
    "incomeBeforeTaxRatio": 0.2177239263,
    "incomeTaxExpense": 14111000,
    "netIncome": 31225000,
    "netIncomeRatio": 0.1499565378,
    "eps": 0.54,
    "epsdiluted": 0.52,
    "weightedAverageShsOut": 58057000,
    "weightedAverageShsOutDil": 59985000,
    "link": "https://www.sec.gov/Archives/edgar/data/814547/000095013707001637/0000950137-07-001637-index.htm",
    "finalLink": "https://www.sec.gov/Archives/edgar/data/814547/000095013707001637/c12102e10vq.htm"
  },
  {
    "date": "2006-09-30",
    "symbol": "FICO",
    "reportedCurrency": "USD",
    "cik": "0000814547",
    "fillingDate": "2006-12-08",
    "acceptedDate": "2006-12-08 17:14:16",
    "calendarYear": "2006",
    "period": "Q4",
    "revenue": 207289000,
    "costOfRevenue": 70291000,
    "grossProfit": 136998000,
    "grossProfitRatio": 0.6609033764,
    "researchAndDevelopmentExpenses": 19173000,
    "generalAndAdministrativeExpenses": 0,
    "sellingAndMarketingExpenses": 0,
    "sellingGeneralAndAdministrativeExpenses": 66967000,
    "otherExpenses": 19228000,
    "operatingExpenses": 105368000,
    "costAndExpenses": 175659000,
    "interestIncome": 0,
    "interestExpense": 0,
    "depreciationAndAmortization": 12090000,
    "ebitda": 56582000,
    "ebitdaratio": 0.2729619034,
    "operatingIncome": 31630000,
    "operatingIncomeRatio": 0.1525888976,
    "totalOtherIncomeExpensesNet": 1416000,
    "incomeBeforeTax": 33046000,
    "incomeBeforeTaxRatio": 0.1594199403,
    "incomeTaxExpense": 10993000,
    "netIncome": 22053000,
    "netIncomeRatio": 0.1063877003,
    "eps": 0.38,
    "epsdiluted": 0.38,
    "weightedAverageShsOut": 58057000,
    "weightedAverageShsOutDil": 58057000,
    "link": "https://www.sec.gov/Archives/edgar/data/814547/000095013706013419/0000950137-06-013419-index.htm",
    "finalLink": "https://www.sec.gov/Archives/edgar/data/814547/000095013706013419/c10450e10vk.htm"
  },
  {
    "date": "2006-06-30",
    "symbol": "FICO",
    "reportedCurrency": "USD",
    "cik": "0000814547",
    "fillingDate": "2006-08-08",
    "acceptedDate": "2006-08-08 14:51:26",
    "calendarYear": "2006",
    "period": "Q3",
    "revenue": 207129000,
    "costOfRevenue": 71497000,
    "grossProfit": 135632000,
    "grossProfitRatio": 0.6548189775,
    "researchAndDevelopmentExpenses": 21370000,
    "generalAndAdministrativeExpenses": 0,
    "sellingAndMarketingExpenses": 0,
    "sellingGeneralAndAdministrativeExpenses": 66338000,
    "otherExpenses": 11592000,
    "operatingExpenses": 99300000,
    "costAndExpenses": 170797000,
    "interestIncome": 0,
    "interestExpense": 0,
    "depreciationAndAmortization": 12318000,
    "ebitda": 53940000,
    "ebitdaratio": 0.260417421,
    "operatingIncome": 36332000,
    "operatingIncomeRatio": 0.1754075962,
    "totalOtherIncomeExpensesNet": 2713000,
    "incomeBeforeTax": 39045000,
    "incomeBeforeTaxRatio": 0.1885057138,
    "incomeTaxExpense": 13042000,
    "netIncome": 26003000,
    "netIncomeRatio": 0.1255401223,
    "eps": 0.41,
    "epsdiluted": 0.4,
    "weightedAverageShsOut": 63664000,
    "weightedAverageShsOutDil": 64973000,
    "link": "https://www.sec.gov/Archives/edgar/data/814547/000095013406015246/0000950134-06-015246-index.htm",
    "finalLink": "https://www.sec.gov/Archives/edgar/data/814547/000095013406015246/c07555e10vq.htm"
  },
  {
    "date": "2006-03-31",
    "symbol": "FICO",
    "reportedCurrency": "USD",
    "cik": "0000814547",
    "fillingDate": "2006-05-09",
    "acceptedDate": "2006-05-09 16:15:10",
    "calendarYear": "2006",
    "period": "Q2",
    "revenue": 208157000,
    "costOfRevenue": 73144000,
    "grossProfit": 135013000,
    "grossProfitRatio": 0.6486113847,
    "researchAndDevelopmentExpenses": 21694000,
    "generalAndAdministrativeExpenses": 0,
    "sellingAndMarketingExpenses": 0,
    "sellingGeneralAndAdministrativeExpenses": 64157000,
    "otherExpenses": 8444000,
    "operatingExpenses": 94295000,
    "costAndExpenses": 167439000,
    "interestIncome": 0,
    "interestExpense": 0,
    "depreciationAndAmortization": 12228000,
    "ebitda": 55130000,
    "ebitdaratio": 0.2648481675,
    "operatingIncome": 40718000,
    "operatingIncomeRatio": 0.195611966,
    "totalOtherIncomeExpensesNet": 1495000,
    "incomeBeforeTax": 42213000,
    "incomeBeforeTaxRatio": 0.2027940449,
    "incomeTaxExpense": 15240000,
    "netIncome": 26973000,
    "netIncomeRatio": 0.1295800766,
    "eps": 0.41,
    "epsdiluted": 0.4,
    "weightedAverageShsOut": 65052000,
    "weightedAverageShsOutDil": 66834000,
    "link": "https://www.sec.gov/Archives/edgar/data/814547/000095013406009254/0000950134-06-009254-index.htm",
    "finalLink": "https://www.sec.gov/Archives/edgar/data/814547/000095013406009254/c05118e10vq.htm"
  },
  {
    "date": "2005-12-31",
    "symbol": "FICO",
    "reportedCurrency": "USD",
    "cik": "0000814547",
    "fillingDate": "2006-02-08",
    "acceptedDate": "2006-02-08 16:04:45",
    "calendarYear": "2006",
    "period": "Q1",
    "revenue": 202790000,
    "costOfRevenue": 67045000,
    "grossProfit": 135745000,
    "grossProfitRatio": 0.6693870506,
    "researchAndDevelopmentExpenses": 22730000,
    "generalAndAdministrativeExpenses": 0,
    "sellingAndMarketingExpenses": 0,
    "sellingGeneralAndAdministrativeExpenses": 63383000,
    "otherExpenses": 5589000,
    "operatingExpenses": 91702000,
    "costAndExpenses": 158747000,
    "interestIncome": 0,
    "interestExpense": 0,
    "depreciationAndAmortization": 12059000,
    "ebitda": 55428000,
    "ebitdaratio": 0.2733270871,
    "operatingIncome": 44043000,
    "operatingIncomeRatio": 0.2171852655,
    "totalOtherIncomeExpensesNet": 845000,
    "incomeBeforeTax": 44888000,
    "incomeBeforeTaxRatio": 0.2213521377,
    "incomeTaxExpense": 16431000,
    "netIncome": 28457000,
    "netIncomeRatio": 0.1403274323,
    "eps": 0.44,
    "epsdiluted": 0.43,
    "weightedAverageShsOut": 64211000,
    "weightedAverageShsOutDil": 66219000,
    "link": "https://www.sec.gov/Archives/edgar/data/814547/000095013406002183/0000950134-06-002183-index.htm",
    "finalLink": "https://www.sec.gov/Archives/edgar/data/814547/000095013406002183/c02239e10vq.htm"
  },
  {
    "date": "2005-09-30",
    "symbol": "FICO",
    "reportedCurrency": "USD",
    "cik": "0000814547",
    "fillingDate": "2005-12-14",
    "acceptedDate": "2005-12-13 17:41:20",
    "calendarYear": "2005",
    "period": "Q4",
    "revenue": 203297000,
    "costOfRevenue": 67308000,
    "grossProfit": 135989000,
    "grossProfitRatio": 0.6689178886,
    "researchAndDevelopmentExpenses": 20998000,
    "generalAndAdministrativeExpenses": 0,
    "sellingAndMarketingExpenses": 0,
    "sellingGeneralAndAdministrativeExpenses": 55621000,
    "otherExpenses": 6260000,
    "operatingExpenses": 82879000,
    "costAndExpenses": 150187000,
    "interestIncome": 0,
    "interestExpense": 0,
    "depreciationAndAmortization": 13751000,
    "ebitda": 66861000,
    "ebitdaratio": 0.3288833578,
    "operatingIncome": 53110000,
    "operatingIncomeRatio": 0.2612434025,
    "totalOtherIncomeExpensesNet": 1076000,
    "incomeBeforeTax": 54186000,
    "incomeBeforeTaxRatio": 0.2665361515,
    "incomeTaxExpense": 18438000,
    "netIncome": 35748000,
    "netIncomeRatio": 0.1758412569,
    "eps": 0.56,
    "epsdiluted": 0.56,
    "weightedAverageShsOut": 64211000,
    "weightedAverageShsOutDil": 64211000,
    "link": "https://www.sec.gov/Archives/edgar/data/814547/000095013405023081/0000950134-05-023081-index.htm",
    "finalLink": "https://www.sec.gov/Archives/edgar/data/814547/000095013405023081/c00522e10vk.htm"
  },
  {
    "date": "2005-06-30",
    "symbol": "FICO",
    "reportedCurrency": "USD",
    "cik": "0000814547",
    "fillingDate": "2005-08-08",
    "acceptedDate": "2005-08-08 15:39:59",
    "calendarYear": "2005",
    "period": "Q3",
    "revenue": 203807000,
    "costOfRevenue": 68339000,
    "grossProfit": 135468000,
    "grossProfitRatio": 0.6646876702,
    "researchAndDevelopmentExpenses": 21176000,
    "generalAndAdministrativeExpenses": 0,
    "sellingAndMarketingExpenses": 0,
    "sellingGeneralAndAdministrativeExpenses": 59126000,
    "otherExpenses": 6320000,
    "operatingExpenses": 86622000,
    "costAndExpenses": 154961000,
    "interestIncome": 0,
    "interestExpense": 0,
    "depreciationAndAmortization": 13287000,
    "ebitda": 62133000,
    "ebitdaratio": 0.3048619527,
    "operatingIncome": 48846000,
    "operatingIncomeRatio": 0.2396679211,
    "totalOtherIncomeExpensesNet": 161000,
    "incomeBeforeTax": 49007000,
    "incomeBeforeTaxRatio": 0.2404578842,
    "incomeTaxExpense": 12395000,
    "netIncome": 36612000,
    "netIncomeRatio": 0.1796405423,
    "eps": 0.55,
    "epsdiluted": 0.53,
    "weightedAverageShsOut": 66215000,
    "weightedAverageShsOutDil": 68531000,
    "link": "https://www.sec.gov/Archives/edgar/data/814547/000095013405015153/0000950134-05-015153-index.htm",
    "finalLink": "https://www.sec.gov/Archives/edgar/data/814547/000095013405015153/c97482e10vq.htm"
  },
  {
    "date": "2005-03-31",
    "symbol": "FICO",
    "reportedCurrency": "USD",
    "cik": "0000814547",
    "fillingDate": "2005-05-09",
    "acceptedDate": "2005-05-09 14:52:32",
    "calendarYear": "2005",
    "period": "Q2",
    "revenue": 196021000,
    "costOfRevenue": 69648000,
    "grossProfit": 126373000,
    "grossProfitRatio": 0.64469113,
    "researchAndDevelopmentExpenses": 18123000,
    "generalAndAdministrativeExpenses": 0,
    "sellingAndMarketingExpenses": 0,
    "sellingGeneralAndAdministrativeExpenses": 55085000,
    "otherExpenses": 6536000,
    "operatingExpenses": 79744000,
    "costAndExpenses": 149392000,
    "interestIncome": 0,
    "interestExpense": 0,
    "depreciationAndAmortization": 13493000,
    "ebitda": 60122000,
    "ebitdaratio": 0.306712036,
    "operatingIncome": 46629000,
    "operatingIncomeRatio": 0.2378775743,
    "totalOtherIncomeExpensesNet": -490000,
    "incomeBeforeTax": 46139000,
    "incomeBeforeTaxRatio": 0.2353778422,
    "incomeTaxExpense": 11812000,
    "netIncome": 34327000,
    "netIncomeRatio": 0.1751189924,
    "eps": 0.51,
    "epsdiluted": 0.45,
    "weightedAverageShsOut": 66979000,
    "weightedAverageShsOutDil": 78385000,
    "link": "https://www.sec.gov/Archives/edgar/data/814547/000095013405009425/0000950134-05-009425-index.htm",
    "finalLink": "https://www.sec.gov/Archives/edgar/data/814547/000095013405009425/c95005e10vq.htm"
  },
  {
    "date": "2004-12-31",
    "symbol": "FICO",
    "reportedCurrency": "USD",
    "cik": "0000814547",
    "fillingDate": "2005-02-08",
    "acceptedDate": "2005-02-08 12:29:43",
    "calendarYear": "2005",
    "period": "Q1",
    "revenue": 195546000,
    "costOfRevenue": 69770000,
    "grossProfit": 125776000,
    "grossProfitRatio": 0.6432041566,
    "researchAndDevelopmentExpenses": 20998000,
    "generalAndAdministrativeExpenses": 0,
    "sellingAndMarketingExpenses": 0,
    "sellingGeneralAndAdministrativeExpenses": 53568000,
    "otherExpenses": 6784000,
    "operatingExpenses": 81350000,
    "costAndExpenses": 151120000,
    "interestIncome": 0,
    "interestExpense": 0,
    "depreciationAndAmortization": 13913000,
    "ebitda": 58339000,
    "ebitdaratio": 0.2983390097,
    "operatingIncome": 44426000,
    "operatingIncomeRatio": 0.2271895104,
    "totalOtherIncomeExpensesNet": 330000,
    "incomeBeforeTax": 44756000,
    "incomeBeforeTaxRatio": 0.2288770929,
    "incomeTaxExpense": 16895000,
    "netIncome": 27861000,
    "netIncomeRatio": 0.1424779847,
    "eps": 0.41,
    "epsdiluted": 0.36,
    "weightedAverageShsOut": 68570000,
    "weightedAverageShsOutDil": 80056000,
    "link": "https://www.sec.gov/Archives/edgar/data/814547/000095013405002238/0000950134-05-002238-index.htm",
    "finalLink": "https://www.sec.gov/Archives/edgar/data/814547/000095013405002238/c91826e10vq.htm"
  },
  {
    "date": "2004-09-30",
    "symbol": "FICO",
    "reportedCurrency": "USD",
    "cik": "0000814547",
    "fillingDate": "2004-12-14",
    "acceptedDate": "2004-12-14 11:08:42",
    "calendarYear": "2004",
    "period": "Q4",
    "revenue": 190422000,
    "costOfRevenue": 68408000,
    "grossProfit": 122014000,
    "grossProfitRatio": 0.640755795,
    "researchAndDevelopmentExpenses": 21258000,
    "generalAndAdministrativeExpenses": 0,
    "sellingAndMarketingExpenses": 0,
    "sellingGeneralAndAdministrativeExpenses": 54722000,
    "otherExpenses": 6812000,
    "operatingExpenses": 82792000,
    "costAndExpenses": 151200000,
    "interestIncome": 0,
    "interestExpense": 0,
    "depreciationAndAmortization": 14618000,
    "ebitda": 54316000,
    "ebitdaratio": 0.2852401508,
    "operatingIncome": 39222000,
    "operatingIncomeRatio": 0.2059740996,
    "totalOtherIncomeExpensesNet": -12944000,
    "incomeBeforeTax": 26278000,
    "incomeBeforeTaxRatio": 0.1379987606,
    "incomeTaxExpense": 11863000,
    "netIncome": 14415000,
    "netIncomeRatio": 0.0757002867,
    "eps": 0.21,
    "epsdiluted": 0.21,
    "weightedAverageShsOut": 68570000,
    "weightedAverageShsOutDil": 68570000,
    "link": "https://www.sec.gov/Archives/edgar/data/814547/000095013704011008/0000950137-04-011008-index.htm",
    "finalLink": "https://www.sec.gov/Archives/edgar/data/814547/000095013704011008/a03859e10vk.htm"
  },
  {
    "date": "2004-06-30",
    "symbol": "FICO",
    "reportedCurrency": "USD",
    "cik": "0000814547",
    "fillingDate": "2004-08-11",
    "acceptedDate": "2004-08-10 21:31:20",
    "calendarYear": "2004",
    "period": "Q3",
    "revenue": 173197000,
    "costOfRevenue": 61361000,
    "grossProfit": 111836000,
    "grossProfitRatio": 0.6457155724,
    "researchAndDevelopmentExpenses": 19096000,
    "generalAndAdministrativeExpenses": 0,
    "sellingAndMarketingExpenses": 0,
    "sellingGeneralAndAdministrativeExpenses": 45384000,
    "otherExpenses": 5348000,
    "operatingExpenses": 69828000,
    "costAndExpenses": 131189000,
    "interestIncome": 0,
    "interestExpense": 0,
    "depreciationAndAmortization": 11887000,
    "ebitda": 54646000,
    "ebitdaratio": 0.3155135482,
    "operatingIncome": 42008000,
    "operatingIncomeRatio": 0.2425446168,
    "totalOtherIncomeExpensesNet": 4385000,
    "incomeBeforeTax": 46393000,
    "incomeBeforeTaxRatio": 0.2678626073,
    "incomeTaxExpense": 17624000,
    "netIncome": 28769000,
    "netIncomeRatio": 0.1661056485,
    "eps": 0.41,
    "epsdiluted": 0.39,
    "weightedAverageShsOut": 70008000,
    "weightedAverageShsOutDil": 73050000,
    "link": "https://www.sec.gov/Archives/edgar/data/814547/000095013704006542/0000950137-04-006542-index.htm",
    "finalLink": "https://www.sec.gov/Archives/edgar/data/814547/000095013704006542/a01054e10vq.htm"
  },
  {
    "date": "2004-03-31",
    "symbol": "FICO",
    "reportedCurrency": "USD",
    "cik": "0000814547",
    "fillingDate": "2004-05-07",
    "acceptedDate": "2004-05-07 15:11:50",
    "calendarYear": "2004",
    "period": "Q2",
    "revenue": 173246000,
    "costOfRevenue": 63283000,
    "grossProfit": 109963000,
    "grossProfitRatio": 0.6347217252,
    "researchAndDevelopmentExpenses": 14333000,
    "generalAndAdministrativeExpenses": 0,
    "sellingAndMarketingExpenses": 0,
    "sellingGeneralAndAdministrativeExpenses": 40508000,
    "otherExpenses": 4064000,
    "operatingExpenses": 58905000,
    "costAndExpenses": 122188000,
    "interestIncome": 0,
    "interestExpense": 0,
    "depreciationAndAmortization": 11045000,
    "ebitda": 62103000,
    "ebitdaratio": 0.3584671508,
    "operatingIncome": 51058000,
    "operatingIncomeRatio": 0.2947138751,
    "totalOtherIncomeExpensesNet": -1117000,
    "incomeBeforeTax": 49941000,
    "incomeBeforeTaxRatio": 0.2882663958,
    "incomeTaxExpense": 19098000,
    "netIncome": 30843000,
    "netIncomeRatio": 0.1780300844,
    "eps": 0.44,
    "epsdiluted": 0.39,
    "weightedAverageShsOut": 70308000,
    "weightedAverageShsOutDil": 83117000,
    "link": "https://www.sec.gov/Archives/edgar/data/814547/000093639204000478/0000936392-04-000478-index.htm",
    "finalLink": "https://www.sec.gov/Archives/edgar/data/814547/000093639204000478/a98773e10vq.htm"
  },
  {
    "date": "2003-12-31",
    "symbol": "FICO",
    "reportedCurrency": "USD",
    "cik": "0000814547",
    "fillingDate": "2004-02-13",
    "acceptedDate": "2004-02-12 19:53:47",
    "calendarYear": "2004",
    "period": "Q1",
    "revenue": 169341000,
    "costOfRevenue": 59535000,
    "grossProfit": 109806000,
    "grossProfitRatio": 0.6484312718,
    "researchAndDevelopmentExpenses": 16401000,
    "generalAndAdministrativeExpenses": 0,
    "sellingAndMarketingExpenses": 0,
    "sellingGeneralAndAdministrativeExpenses": 41760000,
    "otherExpenses": 4067000,
    "operatingExpenses": 62228000,
    "costAndExpenses": 121763000,
    "interestIncome": 0,
    "interestExpense": 0,
    "depreciationAndAmortization": 12337000,
    "ebitda": 59915000,
    "ebitdaratio": 0.3538127211,
    "operatingIncome": 47578000,
    "operatingIncomeRatio": 0.2809597203,
    "totalOtherIncomeExpensesNet": -1375000,
    "incomeBeforeTax": 46203000,
    "incomeBeforeTaxRatio": 0.2728400092,
    "incomeTaxExpense": 17442000,
    "netIncome": 28761000,
    "netIncomeRatio": 0.1698407356,
    "eps": 0.41,
    "epsdiluted": 0.39,
    "weightedAverageShsOut": 69823500,
    "weightedAverageShsOutDil": 73737000,
    "link": "https://www.sec.gov/Archives/edgar/data/814547/000093639204000133/0000936392-04-000133-index.htm",
    "finalLink": "https://www.sec.gov/Archives/edgar/data/814547/000093639204000133/a96081e10vq.htm"
  },
  {
    "date": "2003-09-30",
    "symbol": "FICO",
    "reportedCurrency": "USD",
    "cik": "0000814547",
    "fillingDate": "2003-12-12",
    "acceptedDate": "2003-12-12 17:18:18",
    "calendarYear": "2003",
    "period": "Q4",
    "revenue": 160965000,
    "costOfRevenue": 59688000,
    "grossProfit": 101277000,
    "grossProfitRatio": 0.6291864691,
    "researchAndDevelopmentExpenses": 16249000,
    "generalAndAdministrativeExpenses": 0,
    "sellingAndMarketingExpenses": 0,
    "sellingGeneralAndAdministrativeExpenses": 29466000,
    "otherExpenses": 3572000,
    "operatingExpenses": 49287000,
    "costAndExpenses": 108975000,
    "interestIncome": 0,
    "interestExpense": 0,
    "depreciationAndAmortization": 13499000,
    "ebitda": 65410000,
    "ebitdaratio": 0.4063616314,
    "operatingIncome": 51990000,
    "operatingIncomeRatio": 0.3229894698,
    "totalOtherIncomeExpensesNet": -1581000,
    "incomeBeforeTax": 50418000,
    "incomeBeforeTaxRatio": 0.3132233715,
    "incomeTaxExpense": 18729000,
    "netIncome": 31689000,
    "netIncomeRatio": 0.1968688845,
    "eps": 0.45,
    "epsdiluted": 0.45,
    "weightedAverageShsOut": 69823500,
    "weightedAverageShsOutDil": 69823500,
    "link": "https://www.sec.gov/Archives/edgar/data/814547/000093639203001666/0000936392-03-001666-index.htm",
    "finalLink": "https://www.sec.gov/Archives/edgar/data/814547/000093639203001666/a94662e10vk.htm"
  },
  {
    "date": "2003-06-30",
    "symbol": "FICO",
    "reportedCurrency": "USD",
    "cik": "0000814547",
    "fillingDate": "2003-07-25",
    "acceptedDate": "2003-07-25 13:04:50",
    "calendarYear": "2003",
    "period": "Q3",
    "revenue": 163000000,
    "costOfRevenue": 62209000,
    "grossProfit": 100791000,
    "grossProfitRatio": 0.6183496933,
    "researchAndDevelopmentExpenses": 16959000,
    "generalAndAdministrativeExpenses": 0,
    "sellingAndMarketingExpenses": 0,
    "sellingGeneralAndAdministrativeExpenses": 31277000,
    "otherExpenses": 3425000,
    "operatingExpenses": 51661000,
    "costAndExpenses": 113870000,
    "interestIncome": 0,
    "interestExpense": 0,
    "depreciationAndAmortization": 14184000,
    "ebitda": 63278000,
    "ebitdaratio": 0.388208589,
    "operatingIncome": 49130000,
    "operatingIncomeRatio": 0.3014110429,
    "totalOtherIncomeExpensesNet": -690000,
    "incomeBeforeTax": 48440000,
    "incomeBeforeTaxRatio": 0.2971779141,
    "incomeTaxExpense": 18407000,
    "netIncome": 30033000,
    "netIncomeRatio": 0.1842515337,
    "eps": 0.42,
    "epsdiluted": 0.4,
    "weightedAverageShsOut": 71232000,
    "weightedAverageShsOutDil": 79435500,
    "link": "https://www.sec.gov/Archives/edgar/data/814547/000093639203000992/0000936392-03-000992-index.htm",
    "finalLink": "https://www.sec.gov/Archives/edgar/data/814547/000093639203000992/a91620e10vq.htm"
  },
  {
    "date": "2003-03-31",
    "symbol": "FICO",
    "reportedCurrency": "USD",
    "cik": "0000814547",
    "fillingDate": "2003-04-25",
    "acceptedDate": "2003-04-25 10:59:07",
    "calendarYear": "2003",
    "period": "Q2",
    "revenue": 158598000,
    "costOfRevenue": 64041000,
    "grossProfit": 94557000,
    "grossProfitRatio": 0.5962055007,
    "researchAndDevelopmentExpenses": 17119000,
    "generalAndAdministrativeExpenses": 0,
    "sellingAndMarketingExpenses": 0,
    "sellingGeneralAndAdministrativeExpenses": 31724000,
    "otherExpenses": 4025000,
    "operatingExpenses": 52868000,
    "costAndExpenses": 116909000,
    "interestIncome": 0,
    "interestExpense": 0,
    "depreciationAndAmortization": 13276000,
    "ebitda": 55571000,
    "ebitdaratio": 0.3503890339,
    "operatingIncome": 41689000,
    "operatingIncomeRatio": 0.2628595569,
    "totalOtherIncomeExpensesNet": -585000,
    "incomeBeforeTax": 41104000,
    "incomeBeforeTaxRatio": 0.2591709858,
    "incomeTaxExpense": 15459000,
    "netIncome": 25645000,
    "netIncomeRatio": 0.1616981299,
    "eps": 0.36,
    "epsdiluted": 0.34,
    "weightedAverageShsOut": 71847000,
    "weightedAverageShsOutDil": 75679500,
    "link": "https://www.sec.gov/Archives/edgar/data/814547/000093639203000542/0000936392-03-000542-index.htm",
    "finalLink": "https://www.sec.gov/Archives/edgar/data/814547/000093639203000542/a89008e10vq.htm"
  },
  {
    "date": "2002-12-31",
    "symbol": "FICO",
    "reportedCurrency": "USD",
    "cik": "0000814547",
    "fillingDate": "2003-02-12",
    "acceptedDate": "2003-02-12 15:02:04",
    "calendarYear": "2003",
    "period": "Q1",
    "revenue": 146732000,
    "costOfRevenue": 60654000,
    "grossProfit": 86078000,
    "grossProfitRatio": 0.5866341357,
    "researchAndDevelopmentExpenses": 17247000,
    "generalAndAdministrativeExpenses": 0,
    "sellingAndMarketingExpenses": 0,
    "sellingGeneralAndAdministrativeExpenses": 32183000,
    "otherExpenses": 5272000,
    "operatingExpenses": 54702000,
    "costAndExpenses": 115356000,
    "interestIncome": 0,
    "interestExpense": 0,
    "depreciationAndAmortization": 12658000,
    "ebitda": 46044000,
    "ebitdaratio": 0.3137965815,
    "operatingIncome": 31376000,
    "operatingIncomeRatio": 0.2138320203,
    "totalOtherIncomeExpensesNet": 802000,
    "incomeBeforeTax": 32178000,
    "incomeBeforeTaxRatio": 0.2192977674,
    "incomeTaxExpense": 12389000,
    "netIncome": 19789000,
    "netIncomeRatio": 0.1348649238,
    "eps": 0.26,
    "epsdiluted": 0.25,
    "weightedAverageShsOut": 75243000,
    "weightedAverageShsOutDil": 78259500,
    "link": "https://www.sec.gov/Archives/edgar/data/814547/000093639203000127/0000936392-03-000127-index.htm",
    "finalLink": "https://www.sec.gov/Archives/edgar/data/814547/000093639203000127/a87506e10vq.htm"
  },
  {
    "date": "2002-09-30",
    "symbol": "FICO",
    "reportedCurrency": "USD",
    "cik": "0000814547",
    "fillingDate": "2002-11-21",
    "acceptedDate": "2002-11-20 21:55:34",
    "calendarYear": "2002",
    "period": "Q4",
    "revenue": 129293000,
    "costOfRevenue": 57593000,
    "grossProfit": 71700000,
    "grossProfitRatio": 0.5545543842,
    "researchAndDevelopmentExpenses": 52368000,
    "generalAndAdministrativeExpenses": 0,
    "sellingAndMarketingExpenses": 0,
    "sellingGeneralAndAdministrativeExpenses": 26629000,
    "otherExpenses": 9861000,
    "operatingExpenses": 88858000,
    "costAndExpenses": 146451000,
    "interestIncome": 0,
    "interestExpense": 0,
    "depreciationAndAmortization": 11875000,
    "ebitda": 1941000,
    "ebitdaratio": 0.0150124137,
    "operatingIncome": -17158000,
    "operatingIncomeRatio": -0.1327063337,
    "totalOtherIncomeExpensesNet": 1547000,
    "incomeBeforeTax": -15611000,
    "incomeBeforeTaxRatio": -0.1207412621,
    "incomeTaxExpense": 8589000,
    "netIncome": -24200000,
    "netIncomeRatio": -0.1871717726,
    "eps": -0.32,
    "epsdiluted": -0.32,
    "weightedAverageShsOut": 75243000,
    "weightedAverageShsOutDil": 75243000,
    "link": "https://www.sec.gov/Archives/edgar/data/814547/000093639202001464/0000936392-02-001464-index.htm",
    "finalLink": "https://www.sec.gov/Archives/edgar/data/814547/000093639202001464/a86033e10vk.htm"
  },
  {
    "date": "2002-06-30",
    "symbol": "FICO",
    "reportedCurrency": "USD",
    "cik": "0000814547",
    "fillingDate": "2002-08-14",
    "acceptedDate": "2002-08-14 16:02:17",
    "calendarYear": "2002",
    "period": "Q3",
    "revenue": 91014000,
    "costOfRevenue": 40724000,
    "grossProfit": 50290000,
    "grossProfitRatio": 0.5525523546,
    "researchAndDevelopmentExpenses": 6894000,
    "generalAndAdministrativeExpenses": 0,
    "sellingAndMarketingExpenses": 0,
    "sellingGeneralAndAdministrativeExpenses": 20343000,
    "otherExpenses": 609000,
    "operatingExpenses": 27846000,
    "costAndExpenses": 68570000,
    "interestIncome": 0,
    "interestExpense": 0,
    "depreciationAndAmortization": 7449000,
    "ebitda": 29893000,
    "ebitdaratio": 0.3284439757,
    "operatingIncome": 22444000,
    "operatingIncomeRatio": 0.2465994243,
    "totalOtherIncomeExpensesNet": 616000,
    "incomeBeforeTax": 23060000,
    "incomeBeforeTaxRatio": 0.2533676138,
    "incomeTaxExpense": 8708000,
    "netIncome": 14352000,
    "netIncomeRatio": 0.1576900257,
    "eps": 0.29,
    "epsdiluted": 0.27,
    "weightedAverageShsOut": 50443500,
    "weightedAverageShsOutDil": 52849500,
    "link": "https://www.sec.gov/Archives/edgar/data/814547/000095000502000856/0000950005-02-000856-index.htm",
    "finalLink": "https://www.sec.gov/Archives/edgar/data/814547/000095000502000856/p15915_10q.txt"
  },
  {
    "date": "2002-03-31",
    "symbol": "FICO",
    "reportedCurrency": "USD",
    "cik": "0000814547",
    "fillingDate": "2002-05-15",
    "acceptedDate": "2002-05-15 14:00:59",
    "calendarYear": "2002",
    "period": "Q2",
    "revenue": 87050000,
    "costOfRevenue": 39127000,
    "grossProfit": 47923000,
    "grossProfitRatio": 0.5505226881,
    "researchAndDevelopmentExpenses": 7301000,
    "generalAndAdministrativeExpenses": 0,
    "sellingAndMarketingExpenses": 0,
    "sellingGeneralAndAdministrativeExpenses": 18719000,
    "otherExpenses": 609000,
    "operatingExpenses": 26629000,
    "costAndExpenses": 65756000,
    "interestIncome": 0,
    "interestExpense": 0,
    "depreciationAndAmortization": 6883000,
    "ebitda": 28177000,
    "ebitdaratio": 0.3236875359,
    "operatingIncome": 21294000,
    "operatingIncomeRatio": 0.2446180356,
    "totalOtherIncomeExpensesNet": 1964000,
    "incomeBeforeTax": 23258000,
    "incomeBeforeTaxRatio": 0.2671797817,
    "incomeTaxExpense": 9073000,
    "netIncome": 14185000,
    "netIncomeRatio": 0.1629523262,
    "eps": 0.28,
    "epsdiluted": 0.26,
    "weightedAverageShsOut": 51797250,
    "weightedAverageShsOutDil": 54429750,
    "link": "https://www.sec.gov/Archives/edgar/data/814547/000095000502000597/0000950005-02-000597-index.htm",
    "finalLink": "https://www.sec.gov/Archives/edgar/data/814547/000095000502000597/p15429_10q.txt"
  },
  {
    "date": "2001-12-31",
    "symbol": "FICO",
    "reportedCurrency": "USD",
    "cik": "0000814547",
    "fillingDate": "2002-02-14",
    "acceptedDate": "2002-02-14 00:00:00",
    "calendarYear": "2002",
    "period": "Q1",
    "revenue": 85061000,
    "costOfRevenue": 38585000,
    "grossProfit": 46476000,
    "grossProfitRatio": 0.5463843595,
    "researchAndDevelopmentExpenses": 7477000,
    "generalAndAdministrativeExpenses": 0,
    "sellingAndMarketingExpenses": 0,
    "sellingGeneralAndAdministrativeExpenses": 17942000,
    "otherExpenses": 525000,
    "operatingExpenses": 25944000,
    "costAndExpenses": 64529000,
    "interestIncome": 0,
    "interestExpense": 0,
    "depreciationAndAmortization": 6706000,
    "ebitda": 27238000,
    "ebitdaratio": 0.3202172559,
    "operatingIncome": 20532000,
    "operatingIncomeRatio": 0.2413797157,
    "totalOtherIncomeExpensesNet": 1859000,
    "incomeBeforeTax": 22391000,
    "incomeBeforeTaxRatio": 0.2632346199,
    "incomeTaxExpense": 8844000,
    "netIncome": 13547000,
    "netIncomeRatio": 0.1592621766,
    "eps": 0.26,
    "epsdiluted": 0.25,
    "weightedAverageShsOut": 51284250,
    "weightedAverageShsOutDil": 53919000,
    "link": "https://www.sec.gov/Archives/edgar/data/814547/000095000502000263/0000950005-02-000263-index.htm",
    "finalLink": "https://www.sec.gov/Archives/edgar/data/814547/000095000502000263/p15005_form10-q.txt"
  },
  {
    "date": "2001-09-30",
    "symbol": "FICO",
    "reportedCurrency": "USD",
    "cik": "0000814547",
    "fillingDate": "2001-12-28",
    "acceptedDate": "2001-12-28 00:00:00",
    "calendarYear": "2001",
    "period": "Q4",
    "revenue": 86461000,
    "costOfRevenue": 37845000,
    "grossProfit": 48616000,
    "grossProfitRatio": 0.5622881993,
    "researchAndDevelopmentExpenses": 6662000,
    "generalAndAdministrativeExpenses": 0,
    "sellingAndMarketingExpenses": 0,
    "sellingGeneralAndAdministrativeExpenses": 19723000,
    "otherExpenses": 825000,
    "operatingExpenses": 27210000,
    "costAndExpenses": 65055000,
    "interestIncome": 0,
    "interestExpense": 0,
    "depreciationAndAmortization": 6519000,
    "ebitda": 27925000,
    "ebitdaratio": 0.3229779901,
    "operatingIncome": 21406000,
    "operatingIncomeRatio": 0.2475798337,
    "totalOtherIncomeExpensesNet": 1684000,
    "incomeBeforeTax": 23090000,
    "incomeBeforeTaxRatio": 0.2670568233,
    "incomeTaxExpense": 8806000,
    "netIncome": 14284000,
    "netIncomeRatio": 0.1652074346,
    "eps": 0.28,
    "epsdiluted": 0.28,
    "weightedAverageShsOut": 50562000,
    "weightedAverageShsOutDil": 51284250,
    "link": "https://www.sec.gov/Archives/edgar/data/814547/000095000501500749/0000950005-01-500749-index.htm",
    "finalLink": "https://www.sec.gov/Archives/edgar/data/814547/000095000501500749/p14775_10k.txt"
  },
  {
    "date": "2001-06-30",
    "symbol": "FICO",
    "reportedCurrency": "USD",
    "cik": "0000814547",
    "fillingDate": "2001-08-14",
    "acceptedDate": "2001-08-14 00:00:00",
    "calendarYear": "2001",
    "period": "Q3",
    "revenue": 84233000,
    "costOfRevenue": 37991000,
    "grossProfit": 46242000,
    "grossProfitRatio": 0.5489772417,
    "researchAndDevelopmentExpenses": 6981000,
    "generalAndAdministrativeExpenses": 0,
    "sellingAndMarketingExpenses": 0,
    "sellingGeneralAndAdministrativeExpenses": 19279000,
    "otherExpenses": 525000,
    "operatingExpenses": 26785000,
    "costAndExpenses": 64776000,
    "interestIncome": 0,
    "interestExpense": 0,
    "depreciationAndAmortization": 6573000,
    "ebitda": 26030000,
    "ebitdaratio": 0.3090237793,
    "operatingIncome": 19457000,
    "operatingIncomeRatio": 0.2309902295,
    "totalOtherIncomeExpensesNet": 1126000,
    "incomeBeforeTax": 20583000,
    "incomeBeforeTaxRatio": 0.244357912,
    "incomeTaxExpense": 8231000,
    "netIncome": 12352000,
    "netIncomeRatio": 0.1466408652,
    "eps": 0.25,
    "epsdiluted": 0.24,
    "weightedAverageShsOut": 49788000,
    "weightedAverageShsOutDil": 52434000,
    "link": "https://www.sec.gov/Archives/edgar/data/814547/000095000501500444/0000950005-01-500444-index.htm",
    "finalLink": "https://www.sec.gov/Archives/edgar/data/814547/000095000501500444/p14234_10q.txt"
  },
  {
    "date": "2001-03-31",
    "symbol": "FICO",
    "reportedCurrency": "USD",
    "cik": "0000814547",
    "fillingDate": "2001-05-15",
    "acceptedDate": "2001-05-15 00:00:00",
    "calendarYear": "2001",
    "period": "Q2",
    "revenue": 81072000,
    "costOfRevenue": 31153000,
    "grossProfit": 49919000,
    "grossProfitRatio": 0.6157366292,
    "researchAndDevelopmentExpenses": 7363000,
    "generalAndAdministrativeExpenses": 0,
    "sellingAndMarketingExpenses": 0,
    "sellingGeneralAndAdministrativeExpenses": 18913000,
    "otherExpenses": 6571000,
    "operatingExpenses": 32847000,
    "costAndExpenses": 64000000,
    "interestIncome": 0,
    "interestExpense": 0,
    "depreciationAndAmortization": 6046000,
    "ebitda": 29689000,
    "ebitdaratio": 0.3662053483,
    "operatingIncome": 17072000,
    "operatingIncomeRatio": 0.2105782514,
    "totalOtherIncomeExpensesNet": 1088000,
    "incomeBeforeTax": 18160000,
    "incomeBeforeTaxRatio": 0.2239984212,
    "incomeTaxExpense": 7501000,
    "netIncome": 10659000,
    "netIncomeRatio": 0.1314757253,
    "eps": 0.22,
    "epsdiluted": 0.21,
    "weightedAverageShsOut": 48475125,
    "weightedAverageShsOutDil": 50500125,
    "link": "https://www.sec.gov/Archives/edgar/data/814547/000095000501500142/0000950005-01-500142-index.htm",
    "finalLink": "https://www.sec.gov/Archives/edgar/data/814547/000095000501500142/p1368210q.txt"
  },
  {
    "date": "2000-12-31",
    "symbol": "FICO",
    "reportedCurrency": "USD",
    "cik": "0000814547",
    "fillingDate": "2001-02-14",
    "acceptedDate": "2001-02-14 00:00:00",
    "calendarYear": "2001",
    "period": "Q1",
    "revenue": 77090000,
    "costOfRevenue": 26473000,
    "grossProfit": 50617000,
    "grossProfitRatio": 0.6565961863,
    "researchAndDevelopmentExpenses": 6899000,
    "generalAndAdministrativeExpenses": 0,
    "sellingAndMarketingExpenses": 0,
    "sellingGeneralAndAdministrativeExpenses": 23910000,
    "otherExpenses": 5936000,
    "operatingExpenses": 36745000,
    "costAndExpenses": 63218000,
    "interestIncome": 0,
    "interestExpense": 0,
    "depreciationAndAmortization": 5936000,
    "ebitda": 19808000,
    "ebitdaratio": 0.2569464263,
    "operatingIncome": 13872000,
    "operatingIncomeRatio": 0.1799455182,
    "totalOtherIncomeExpensesNet": 1148000,
    "incomeBeforeTax": 15020000,
    "incomeBeforeTaxRatio": 0.1948372033,
    "incomeTaxExpense": 6203000,
    "netIncome": 8817000,
    "netIncomeRatio": 0.114372811,
    "eps": 0.18,
    "epsdiluted": 0.18,
    "weightedAverageShsOut": 49052250,
    "weightedAverageShsOutDil": 49875750,
    "link": "https://www.sec.gov/Archives/edgar/data/814547/000095000501000323/0000950005-01-000323-index.htm",
    "finalLink": "https://www.sec.gov/Archives/edgar/data/814547/000095000501000323/0000950005-01-000323-0001.txt"
  },
  {
    "date": "2000-09-30",
    "symbol": "FICO",
    "reportedCurrency": "USD",
    "cik": "0000814547",
    "fillingDate": "2000-12-29",
    "acceptedDate": "2000-12-29 00:00:00",
    "calendarYear": "2000",
    "period": "Q4",
    "revenue": 78688000,
    "costOfRevenue": 28431000,
    "grossProfit": 50257000,
    "grossProfitRatio": 0.6386869662,
    "researchAndDevelopmentExpenses": 6544000,
    "generalAndAdministrativeExpenses": 0,
    "sellingAndMarketingExpenses": 0,
    "sellingGeneralAndAdministrativeExpenses": 23614000,
    "otherExpenses": 6490000,
    "operatingExpenses": 36648000,
    "costAndExpenses": 65079000,
    "interestIncome": 0,
    "interestExpense": 0,
    "depreciationAndAmortization": 6490000,
    "ebitda": 20099000,
    "ebitdaratio": 0.2554264945,
    "operatingIncome": 13609000,
    "operatingIncomeRatio": 0.1729488613,
    "totalOtherIncomeExpensesNet": -258000,
    "incomeBeforeTax": 13351000,
    "incomeBeforeTaxRatio": 0.1696700895,
    "incomeTaxExpense": 5513000,
    "netIncome": 7838000,
    "netIncomeRatio": 0.0996085807,
    "eps": 0.16,
    "epsdiluted": 0.16,
    "weightedAverageShsOut": 49018500,
    "weightedAverageShsOutDil": 49052250,
    "link": "https://www.sec.gov/Archives/edgar/data/814547/000095000500001222/0000950005-00-001222-index.htm",
    "finalLink": "https://www.sec.gov/Archives/edgar/data/814547/000095000500001222/0000950005-00-001222-0001.txt"
  },
  {
    "date": "2000-06-30",
    "symbol": "FICO",
    "reportedCurrency": "USD",
    "cik": "0000814547",
    "fillingDate": "2000-08-14",
    "acceptedDate": "2000-08-14 00:00:00",
    "calendarYear": "2000",
    "period": "Q3",
    "revenue": 75903000,
    "costOfRevenue": 29122000,
    "grossProfit": 46781000,
    "grossProfitRatio": 0.6163261004,
    "researchAndDevelopmentExpenses": 6343000,
    "generalAndAdministrativeExpenses": 0,
    "sellingAndMarketingExpenses": 0,
    "sellingGeneralAndAdministrativeExpenses": 22781000,
    "otherExpenses": 5255000,
    "operatingExpenses": 34379000,
    "costAndExpenses": 63501000,
    "interestIncome": 0,
    "interestExpense": 0,
    "depreciationAndAmortization": 5255000,
    "ebitda": 17657000,
    "ebitdaratio": 0.2326258514,
    "operatingIncome": 12402000,
    "operatingIncomeRatio": 0.1633927513,
    "totalOtherIncomeExpensesNet": 737000,
    "incomeBeforeTax": 13139000,
    "incomeBeforeTaxRatio": 0.1731025124,
    "incomeTaxExpense": 5427000,
    "netIncome": 7712000,
    "netIncomeRatio": 0.1016033622,
    "eps": 0.16,
    "epsdiluted": 0.16,
    "weightedAverageShsOut": 48390750,
    "weightedAverageShsOutDil": 49278375,
    "link": "https://www.sec.gov/Archives/edgar/data/814547/000095000500000919/0000950005-00-000919-index.htm",
    "finalLink": "https://www.sec.gov/Archives/edgar/data/814547/000095000500000919/0000950005-00-000919-0001.txt"
  },
  {
    "date": "2000-03-31",
    "symbol": "FICO",
    "reportedCurrency": "USD",
    "cik": "0000814547",
    "fillingDate": "2000-05-15",
    "acceptedDate": "2000-05-15 00:00:00",
    "calendarYear": "2000",
    "period": "Q2",
    "revenue": 73300000,
    "costOfRevenue": 27028000,
    "grossProfit": 46272000,
    "grossProfitRatio": 0.6312687585,
    "researchAndDevelopmentExpenses": 7318000,
    "generalAndAdministrativeExpenses": 0,
    "sellingAndMarketingExpenses": 0,
    "sellingGeneralAndAdministrativeExpenses": 22857000,
    "otherExpenses": 3785000,
    "operatingExpenses": 33960000,
    "costAndExpenses": 60988000,
    "interestIncome": 0,
    "interestExpense": 0,
    "depreciationAndAmortization": 5116000,
    "ebitda": 17428000,
    "ebitdaratio": 0.2377626194,
    "operatingIncome": 12312000,
    "operatingIncomeRatio": 0.1679672578,
    "totalOtherIncomeExpensesNet": -138000,
    "incomeBeforeTax": 12174000,
    "incomeBeforeTaxRatio": 0.1660845839,
    "incomeTaxExpense": 5027000,
    "netIncome": 7147000,
    "netIncomeRatio": 0.0975034106,
    "eps": 0.15,
    "epsdiluted": 0.15,
    "weightedAverageShsOut": 49470759,
    "weightedAverageShsOutDil": 49470759,
    "link": "https://www.sec.gov/Archives/edgar/data/814547/000095000500000676/0000950005-00-000676-index.html",
    "finalLink": "https://www.sec.gov/Archives/edgar/data/814547/000095000500000676/"
  },
  {
    "date": "1999-12-31",
    "symbol": "FICO",
    "reportedCurrency": "USD",
    "cik": "0000814547",
    "fillingDate": "2000-02-14",
    "acceptedDate": "2000-02-14 00:00:00",
    "calendarYear": "2000",
    "period": "Q1",
    "revenue": 70100000,
    "costOfRevenue": 25000000,
    "grossProfit": 45100000,
    "grossProfitRatio": 0.6433666191,
    "researchAndDevelopmentExpenses": 10600000,
    "generalAndAdministrativeExpenses": 0,
    "sellingAndMarketingExpenses": 0,
    "sellingGeneralAndAdministrativeExpenses": 20600000,
    "otherExpenses": 4600000,
    "operatingExpenses": 35800000,
    "costAndExpenses": 60800000,
    "interestIncome": 0,
    "interestExpense": 0,
    "depreciationAndAmortization": 4600000,
    "ebitda": 13900000,
    "ebitdaratio": 0.1982881598,
    "operatingIncome": 9300000,
    "operatingIncomeRatio": 0.1326676177,
    "totalOtherIncomeExpensesNet": -900000,
    "incomeBeforeTax": 8400000,
    "incomeBeforeTaxRatio": 0.119828816,
    "incomeTaxExpense": 3500000,
    "netIncome": 4900000,
    "netIncomeRatio": 0.0699001427,
    "eps": 0.1,
    "epsdiluted": 0.1,
    "weightedAverageShsOut": 47344500,
    "weightedAverageShsOutDil": 48573000,
    "link": "https://www.sec.gov/Archives/edgar/data/814547/000095000500000337/0000950005-00-000337-index.html",
    "finalLink": "https://www.sec.gov/Archives/edgar/data/814547/000095000500000337/"
  },
  {
    "date": "1999-09-30",
    "symbol": "FICO",
    "reportedCurrency": "USD",
    "cik": "0000814547",
    "fillingDate": "1999-12-22",
    "acceptedDate": "1999-12-22 00:00:00",
    "calendarYear": "1999",
    "period": "Q4",
    "revenue": 72800000,
    "costOfRevenue": 24000000,
    "grossProfit": 48800000,
    "grossProfitRatio": 0.6703296703,
    "researchAndDevelopmentExpenses": 6700000,
    "generalAndAdministrativeExpenses": 0,
    "sellingAndMarketingExpenses": 0,
    "sellingGeneralAndAdministrativeExpenses": 25000000,
    "otherExpenses": 4800000,
    "operatingExpenses": 36500000,
    "costAndExpenses": 60500000,
    "interestIncome": 0,
    "interestExpense": 0,
    "depreciationAndAmortization": 4800000,
    "ebitda": 17100000,
    "ebitdaratio": 0.2348901099,
    "operatingIncome": 12300000,
    "operatingIncomeRatio": 0.168956044,
    "totalOtherIncomeExpensesNet": 1600000,
    "incomeBeforeTax": 13900000,
    "incomeBeforeTaxRatio": 0.1909340659,
    "incomeTaxExpense": 5400000,
    "netIncome": 8500000,
    "netIncomeRatio": 0.1167582418,
    "eps": 0.18,
    "epsdiluted": 0.18,
    "weightedAverageShsOut": 47344500,
    "weightedAverageShsOutDil": 47344500,
    "link": "https://www.sec.gov/Archives/edgar/data/814547/000095000599001105/0000950005-99-001105-index.html",
    "finalLink": "https://www.sec.gov/Archives/edgar/data/814547/000095000599001105/"
  },
  {
    "date": "1999-06-30",
    "symbol": "FICO",
    "reportedCurrency": "USD",
    "cik": "0000814547",
    "fillingDate": "1999-08-13",
    "acceptedDate": "1999-08-13 00:00:00",
    "calendarYear": "1999",
    "period": "Q3",
    "revenue": 67200000,
    "costOfRevenue": 21400000,
    "grossProfit": 45800000,
    "grossProfitRatio": 0.681547619,
    "researchAndDevelopmentExpenses": 7400000,
    "generalAndAdministrativeExpenses": 0,
    "sellingAndMarketingExpenses": 0,
    "sellingGeneralAndAdministrativeExpenses": 23100000,
    "otherExpenses": 4200000,
    "operatingExpenses": 34700000,
    "costAndExpenses": 56100000,
    "interestIncome": 0,
    "interestExpense": 0,
    "depreciationAndAmortization": 4200000,
    "ebitda": 15341000,
    "ebitdaratio": 0.2282886905,
    "operatingIncome": 11141000,
    "operatingIncomeRatio": 0.1657886905,
    "totalOtherIncomeExpensesNet": 600000,
    "incomeBeforeTax": 11700000,
    "incomeBeforeTaxRatio": 0.1741071429,
    "incomeTaxExpense": 4700000,
    "netIncome": 6600000,
    "netIncomeRatio": 0.0982142857,
    "eps": 0.15,
    "epsdiluted": 0.15,
    "weightedAverageShsOut": 44483086,
    "weightedAverageShsOutDil": 45391085,
    "link": "https://www.sec.gov/Archives/edgar/data/814547/000095000599000747/0000950005-99-000747-index.html",
    "finalLink": "https://www.sec.gov/Archives/edgar/data/814547/000095000599000747/"
  },
  {
    "date": "1999-03-31",
    "symbol": "FICO",
    "reportedCurrency": "USD",
    "cik": "0000814547",
    "fillingDate": "1999-05-17",
    "acceptedDate": "1999-05-17 00:00:00",
    "calendarYear": "1999",
    "period": "Q2",
    "revenue": 68900000,
    "costOfRevenue": 23100000,
    "grossProfit": 45800000,
    "grossProfitRatio": 0.6647314949,
    "researchAndDevelopmentExpenses": 7800000,
    "generalAndAdministrativeExpenses": 0,
    "sellingAndMarketingExpenses": 0,
    "sellingGeneralAndAdministrativeExpenses": 22100000,
    "otherExpenses": 4200000,
    "operatingExpenses": 34100000,
    "costAndExpenses": 57200000,
    "interestIncome": 0,
    "interestExpense": 0,
    "depreciationAndAmortization": 4200000,
    "ebitda": 15874000,
    "ebitdaratio": 0.2303918723,
    "operatingIncome": 11674000,
    "operatingIncomeRatio": 0.1694339623,
    "totalOtherIncomeExpensesNet": 1200000,
    "incomeBeforeTax": 12900000,
    "incomeBeforeTaxRatio": 0.1872278665,
    "incomeTaxExpense": 5400000,
    "netIncome": 7500000,
    "netIncomeRatio": 0.1088534107,
    "eps": 0.16,
    "epsdiluted": 0.15,
    "weightedAverageShsOut": 49127022,
    "weightedAverageShsOutDil": 49127022,
    "link": "https://www.sec.gov/Archives/edgar/data/814547/000095000599000470/0000950005-99-000470-index.html",
    "finalLink": "https://www.sec.gov/Archives/edgar/data/814547/"
  },
  {
    "date": "1998-12-31",
    "symbol": "FICO",
    "reportedCurrency": "USD",
    "cik": "0000814547",
    "fillingDate": "1999-02-16",
    "acceptedDate": "1999-02-16 00:00:00",
    "calendarYear": "1999",
    "period": "Q1",
    "revenue": 68000000,
    "costOfRevenue": 21300000,
    "grossProfit": 46700000,
    "grossProfitRatio": 0.6867647059,
    "researchAndDevelopmentExpenses": 7700000,
    "generalAndAdministrativeExpenses": 0,
    "sellingAndMarketingExpenses": 0,
    "sellingGeneralAndAdministrativeExpenses": 23300000,
    "otherExpenses": 4200000,
    "operatingExpenses": 35200000,
    "costAndExpenses": 56500000,
    "interestIncome": 0,
    "interestExpense": 0,
    "depreciationAndAmortization": 4200000,
    "ebitda": 15700000,
    "ebitdaratio": 0.2308823529,
    "operatingIncome": 11500000,
    "operatingIncomeRatio": 0.1691176471,
    "totalOtherIncomeExpensesNet": 600000,
    "incomeBeforeTax": 12100000,
    "incomeBeforeTaxRatio": 0.1779411765,
    "incomeTaxExpense": 5100000,
    "netIncome": 7000000,
    "netIncomeRatio": 0.1029411765,
    "eps": 0.15,
    "epsdiluted": 0.15,
    "weightedAverageShsOut": 47179031,
    "weightedAverageShsOutDil": 48142060,
    "link": "https://www.sec.gov/Archives/edgar/data/814547/000095000599000191/0000950005-99-000191-index.html",
    "finalLink": "https://www.sec.gov/Archives/edgar/data/814547/"
  },
  {
    "date": "1998-09-30",
    "symbol": "FICO",
    "reportedCurrency": "USD",
    "cik": "0000814547",
    "fillingDate": "1998-12-28",
    "acceptedDate": "1998-12-28 00:00:00",
    "calendarYear": "1998",
    "period": "Q4",
    "revenue": 67700000,
    "costOfRevenue": 17900000,
    "grossProfit": 49800000,
    "grossProfitRatio": 0.7355982275,
    "researchAndDevelopmentExpenses": 8200000,
    "generalAndAdministrativeExpenses": 0,
    "sellingAndMarketingExpenses": 0,
    "sellingGeneralAndAdministrativeExpenses": 24200000,
    "otherExpenses": 3800000,
    "operatingExpenses": 36200000,
    "costAndExpenses": 54100000,
    "interestIncome": 0,
    "interestExpense": 0,
    "depreciationAndAmortization": 3800000,
    "ebitda": 17400000,
    "ebitdaratio": 0.2570162482,
    "operatingIncome": 13600000,
    "operatingIncomeRatio": 0.2008862629,
    "totalOtherIncomeExpensesNet": 1200000,
    "incomeBeforeTax": 14800000,
    "incomeBeforeTaxRatio": 0.2186115214,
    "incomeTaxExpense": 6400000,
    "netIncome": 8400000,
    "netIncomeRatio": 0.1240768095,
    "eps": 0.18,
    "epsdiluted": 0.18,
    "weightedAverageShsOut": 47179031,
    "weightedAverageShsOutDil": 47179031,
    "link": "https://www.sec.gov/Archives/edgar/data/814547/000095000598000994/0000950005-98-000994-index.html",
    "finalLink": "https://www.sec.gov/Archives/edgar/data/814547/"
  },
  {
    "date": "1998-06-30",
    "symbol": "FICO",
    "reportedCurrency": "USD",
    "cik": "0000814547",
    "fillingDate": "1998-08-14",
    "acceptedDate": "1998-08-14 00:00:00",
    "calendarYear": "1998",
    "period": "Q3",
    "revenue": 64600000,
    "costOfRevenue": 18600000,
    "grossProfit": 46000000,
    "grossProfitRatio": 0.7120743034,
    "researchAndDevelopmentExpenses": 6900000,
    "generalAndAdministrativeExpenses": 0,
    "sellingAndMarketingExpenses": 0,
    "sellingGeneralAndAdministrativeExpenses": 24000000,
    "otherExpenses": 3900000,
    "operatingExpenses": 34800000,
    "costAndExpenses": 53400000,
    "interestIncome": 0,
    "interestExpense": 0,
    "depreciationAndAmortization": 3900000,
    "ebitda": 15100000,
    "ebitdaratio": 0.23374613,
    "operatingIncome": 11200000,
    "operatingIncomeRatio": 0.173374613,
    "totalOtherIncomeExpensesNet": 0,
    "incomeBeforeTax": 11200000,
    "incomeBeforeTaxRatio": 0.173374613,
    "incomeTaxExpense": 4800000,
    "netIncome": 6400000,
    "netIncomeRatio": 0.0990712074,
    "eps": 0.14,
    "epsdiluted": 0.13,
    "weightedAverageShsOut": 46886103,
    "weightedAverageShsOutDil": 47928227,
    "link": "https://www.sec.gov/Archives/edgar/data/814547/000095000598000711/0000950005-98-000711-index.html",
    "finalLink": "https://www.sec.gov/Archives/edgar/data/814547/"
  },
  {
    "date": "1998-03-31",
    "symbol": "FICO",
    "reportedCurrency": "USD",
    "cik": "0000814547",
    "fillingDate": "1998-05-14",
    "acceptedDate": "1998-05-14 00:00:00",
    "calendarYear": "1998",
    "period": "Q2",
    "revenue": 59700000,
    "costOfRevenue": 18200000,
    "grossProfit": 41500000,
    "grossProfitRatio": 0.6951423786,
    "researchAndDevelopmentExpenses": 7400000,
    "generalAndAdministrativeExpenses": 0,
    "sellingAndMarketingExpenses": 0,
    "sellingGeneralAndAdministrativeExpenses": 21400000,
    "otherExpenses": 3700000,
    "operatingExpenses": 32500000,
    "costAndExpenses": 50700000,
    "interestIncome": 0,
    "interestExpense": 0,
    "depreciationAndAmortization": 3700000,
    "ebitda": 12700000,
    "ebitdaratio": 0.2127303183,
    "operatingIncome": 9000000,
    "operatingIncomeRatio": 0.1507537688,
    "totalOtherIncomeExpensesNet": 500000,
    "incomeBeforeTax": 9500000,
    "incomeBeforeTaxRatio": 0.1591289782,
    "incomeTaxExpense": 4000000,
    "netIncome": 5500000,
    "netIncomeRatio": 0.0921273032,
    "eps": 0.12,
    "epsdiluted": 0.11,
    "weightedAverageShsOut": 46336470,
    "weightedAverageShsOutDil": 48775297,
    "link": "https://www.sec.gov/Archives/edgar/data/814547/000095000598000467/0000950005-98-000467-index.html",
    "finalLink": "https://www.sec.gov/Archives/edgar/data/814547/"
  },
  {
    "date": "1997-12-31",
    "symbol": "FICO",
    "reportedCurrency": "USD",
    "cik": "0000814547",
    "fillingDate": "1998-02-13",
    "acceptedDate": "1998-02-13 00:00:00",
    "calendarYear": "1998",
    "period": "Q1",
    "revenue": 53500000,
    "costOfRevenue": 16800000,
    "grossProfit": 36700000,
    "grossProfitRatio": 0.6859813084,
    "researchAndDevelopmentExpenses": 6600000,
    "generalAndAdministrativeExpenses": 0,
    "sellingAndMarketingExpenses": 0,
    "sellingGeneralAndAdministrativeExpenses": 20000000,
    "otherExpenses": 3500000,
    "operatingExpenses": 30100000,
    "costAndExpenses": 46900000,
    "interestIncome": 0,
    "interestExpense": 0,
    "depreciationAndAmortization": 3500000,
    "ebitda": 10100000,
    "ebitdaratio": 0.1887850467,
    "operatingIncome": 6600000,
    "operatingIncomeRatio": 0.123364486,
    "totalOtherIncomeExpensesNet": 0,
    "incomeBeforeTax": 6600000,
    "incomeBeforeTaxRatio": 0.123364486,
    "incomeTaxExpense": 2600000,
    "netIncome": 4000000,
    "netIncomeRatio": 0.0747663551,
    "eps": 0.0861,
    "epsdiluted": 0.0831,
    "weightedAverageShsOut": 46481901,
    "weightedAverageShsOutDil": 48141729,
    "link": "https://www.sec.gov/Archives/edgar/data/814547/000095000598000182/0000950005-98-000182-index.html",
    "finalLink": "https://www.sec.gov/Archives/edgar/data/814547/"
  },
  {
    "date": "1997-09-30",
    "symbol": "FICO",
    "reportedCurrency": "USD",
    "cik": "0000814547",
    "fillingDate": "1997-12-29",
    "acceptedDate": "1997-12-29 00:00:00",
    "calendarYear": "1997",
    "period": "Q4",
    "revenue": 62000000,
    "costOfRevenue": 17700000,
    "grossProfit": 44300000,
    "grossProfitRatio": 0.714516129,
    "researchAndDevelopmentExpenses": 6500000,
    "generalAndAdministrativeExpenses": 0,
    "sellingAndMarketingExpenses": 0,
    "sellingGeneralAndAdministrativeExpenses": 21200000,
    "otherExpenses": 3200000,
    "operatingExpenses": 30900000,
    "costAndExpenses": 48600000,
    "interestIncome": 0,
    "interestExpense": 0,
    "depreciationAndAmortization": 3200000,
    "ebitda": 16600000,
    "ebitdaratio": 0.2677419355,
    "operatingIncome": 13400000,
    "operatingIncomeRatio": 0.2161290323,
    "totalOtherIncomeExpensesNet": -900000,
    "incomeBeforeTax": 12500000,
    "incomeBeforeTaxRatio": 0.2016129032,
    "incomeTaxExpense": 5500000,
    "netIncome": 7000000,
    "netIncomeRatio": 0.1129032258,
    "eps": 0.15,
    "epsdiluted": 0.15,
    "weightedAverageShsOut": 46481901,
    "weightedAverageShsOutDil": 46481901,
    "link": "https://www.sec.gov/Archives/edgar/data/814547/000095000597001019/0000950005-97-001019-index.html",
    "finalLink": "https://www.sec.gov/Archives/edgar/data/814547/"
  },
  {
    "date": "1997-06-30",
    "symbol": "FICO",
    "reportedCurrency": "USD",
    "cik": "0000814547",
    "fillingDate": "1997-08-14",
    "acceptedDate": "1997-08-14 00:00:00",
    "calendarYear": "1997",
    "period": "Q3",
    "revenue": 49000000,
    "costOfRevenue": 15700000,
    "grossProfit": 33300000,
    "grossProfitRatio": 0.6795918367,
    "researchAndDevelopmentExpenses": 4200000,
    "generalAndAdministrativeExpenses": 0,
    "sellingAndMarketingExpenses": 0,
    "sellingGeneralAndAdministrativeExpenses": 18100000,
    "otherExpenses": 3100000,
    "operatingExpenses": 25400000,
    "costAndExpenses": 41100000,
    "interestIncome": 0,
    "interestExpense": 0,
    "depreciationAndAmortization": 3000000,
    "ebitda": 11000000,
    "ebitdaratio": 0.2244897959,
    "operatingIncome": 7900000,
    "operatingIncomeRatio": 0.1612244898,
    "totalOtherIncomeExpensesNet": -700000,
    "incomeBeforeTax": 7200000,
    "incomeBeforeTaxRatio": 0.1469387755,
    "incomeTaxExpense": 3000000,
    "netIncome": 4200000,
    "netIncomeRatio": 0.0857142857,
    "eps": 0.095,
    "epsdiluted": 0.089,
    "weightedAverageShsOut": 44230546,
    "weightedAverageShsOutDil": 47179349,
    "link": "https://www.sec.gov/Archives/edgar/data/814547/000095000597000716/0000950005-97-000716-index.html",
    "finalLink": "https://www.sec.gov/Archives/edgar/data/814547/"
  },
  {
    "date": "1997-03-31",
    "symbol": "FICO",
    "reportedCurrency": "USD",
    "cik": "0000814547",
    "fillingDate": "1997-05-15",
    "acceptedDate": "1997-05-15 00:00:00",
    "calendarYear": "1997",
    "period": "Q2",
    "revenue": 46500000,
    "costOfRevenue": 14900000,
    "grossProfit": 31600000,
    "grossProfitRatio": 0.6795698925,
    "researchAndDevelopmentExpenses": 3800000,
    "generalAndAdministrativeExpenses": 0,
    "sellingAndMarketingExpenses": 0,
    "sellingGeneralAndAdministrativeExpenses": 15900000,
    "otherExpenses": 2900000,
    "operatingExpenses": 23800000,
    "costAndExpenses": 39000000,
    "interestIncome": 0,
    "interestExpense": 0,
    "depreciationAndAmortization": 3000000,
    "ebitda": 12400000,
    "ebitdaratio": 0.2666666667,
    "operatingIncome": 9400000,
    "operatingIncomeRatio": 0.2021505376,
    "totalOtherIncomeExpensesNet": -500000,
    "incomeBeforeTax": 8500000,
    "incomeBeforeTaxRatio": 0.1827956989,
    "incomeTaxExpense": 3400000,
    "netIncome": 5100000,
    "netIncomeRatio": 0.1096774194,
    "eps": 0.12,
    "epsdiluted": 0.11,
    "weightedAverageShsOut": 45493989,
    "weightedAverageShsOutDil": 47888473,
    "link": "https://www.sec.gov/Archives/edgar/data/814547/000095000597000543/0000950005-97-000543-index.html",
    "finalLink": "https://www.sec.gov/Archives/edgar/data/814547/"
  },
  {
    "date": "1996-12-31",
    "symbol": "FICO",
    "reportedCurrency": "USD",
    "cik": "0000814547",
    "fillingDate": "1997-02-14",
    "acceptedDate": "1997-02-14 00:00:00",
    "calendarYear": "1997",
    "period": "Q1",
    "revenue": 41500000,
    "costOfRevenue": 13800000,
    "grossProfit": 27700000,
    "grossProfitRatio": 0.6674698795,
    "researchAndDevelopmentExpenses": 3100000,
    "generalAndAdministrativeExpenses": 0,
    "sellingAndMarketingExpenses": 0,
    "sellingGeneralAndAdministrativeExpenses": 14700000,
    "otherExpenses": 2600000,
    "operatingExpenses": 20400000,
    "costAndExpenses": 34200000,
    "interestIncome": 0,
    "interestExpense": 0,
    "depreciationAndAmortization": 2600000,
    "ebitda": 9900000,
    "ebitdaratio": 0.2385542169,
    "operatingIncome": 7300000,
    "operatingIncomeRatio": 0.1759036145,
    "totalOtherIncomeExpensesNet": 200000,
    "incomeBeforeTax": 7500000,
    "incomeBeforeTaxRatio": 0.1807228916,
    "incomeTaxExpense": 3000000,
    "netIncome": 4500000,
    "netIncomeRatio": 0.1084337349,
    "eps": 0.1,
    "epsdiluted": 0.0979,
    "weightedAverageShsOut": 43327974,
    "weightedAverageShsOutDil": 45954005,
    "link": "https://www.sec.gov/Archives/edgar/data/814547/000095000597000247/0000950005-97-000247-index.html",
    "finalLink": "https://www.sec.gov/Archives/edgar/data/814547/"
  },
  {
    "date": "1996-09-30",
    "symbol": "FICO",
    "reportedCurrency": "USD",
    "cik": "0000814547",
    "fillingDate": "1996-12-30",
    "acceptedDate": "1996-12-30 00:00:00",
    "calendarYear": "1996",
    "period": "Q4",
    "revenue": 43700000,
    "costOfRevenue": 14500000,
    "grossProfit": 29200000,
    "grossProfitRatio": 0.6681922197,
    "researchAndDevelopmentExpenses": 2600000,
    "generalAndAdministrativeExpenses": 0,
    "sellingAndMarketingExpenses": 0,
    "sellingGeneralAndAdministrativeExpenses": 17800000,
    "otherExpenses": 900000,
    "operatingExpenses": 21300000,
    "costAndExpenses": 35800000,
    "interestIncome": 0,
    "interestExpense": 0,
    "depreciationAndAmortization": 900000,
    "ebitda": 8800000,
    "ebitdaratio": 0.2013729977,
    "operatingIncome": 7900000,
    "operatingIncomeRatio": 0.180778032,
    "totalOtherIncomeExpensesNet": -1200000,
    "incomeBeforeTax": 6700000,
    "incomeBeforeTaxRatio": 0.1533180778,
    "incomeTaxExpense": 2700000,
    "netIncome": 4000000,
    "netIncomeRatio": 0.0915331808,
    "eps": 0.0923,
    "epsdiluted": 0.0923,
    "weightedAverageShsOut": 43327974,
    "weightedAverageShsOutDil": 43327974,
    "link": "https://www.sec.gov/Archives/edgar/data/814547/000095000596001002/0000950005-96-001002-index.html",
    "finalLink": "https://www.sec.gov/Archives/edgar/data/814547/"
  },
  {
    "date": "1996-06-30",
    "symbol": "FICO",
    "reportedCurrency": "USD",
    "cik": "0000814547",
    "fillingDate": "1996-08-13",
    "acceptedDate": "1996-08-13 00:00:00",
    "calendarYear": "1996",
    "period": "Q3",
    "revenue": 37100000,
    "costOfRevenue": 11400000,
    "grossProfit": 25700000,
    "grossProfitRatio": 0.692722372,
    "researchAndDevelopmentExpenses": 2200000,
    "generalAndAdministrativeExpenses": 0,
    "sellingAndMarketingExpenses": 0,
    "sellingGeneralAndAdministrativeExpenses": 13400000,
    "otherExpenses": 900000,
    "operatingExpenses": 18700000,
    "costAndExpenses": 30100000,
    "interestIncome": 0,
    "interestExpense": 0,
    "depreciationAndAmortization": 3100000,
    "ebitda": 10100000,
    "ebitdaratio": 0.2722371968,
    "operatingIncome": 7000000,
    "operatingIncomeRatio": 0.1886792453,
    "totalOtherIncomeExpensesNet": 100000,
    "incomeBeforeTax": 7100000,
    "incomeBeforeTaxRatio": 0.1913746631,
    "incomeTaxExpense": 2800000,
    "netIncome": 4300000,
    "netIncomeRatio": 0.115902965,
    "eps": 0.1,
    "epsdiluted": 0.1,
    "weightedAverageShsOut": 42619831,
    "weightedAverageShsOutDil": 42619831,
    "link": "https://www.sec.gov/Archives/edgar/data/814547/000095000596000589/0000950005-96-000589-index.html",
    "finalLink": "https://www.sec.gov/Archives/edgar/data/814547/"
  },
  {
    "date": "1996-03-31",
    "symbol": "FICO",
    "reportedCurrency": "USD",
    "cik": "0000814547",
    "fillingDate": "1996-05-14",
    "acceptedDate": "1996-05-14 00:00:00",
    "calendarYear": "1996",
    "period": "Q2",
    "revenue": 35300000,
    "costOfRevenue": 12000000,
    "grossProfit": 23300000,
    "grossProfitRatio": 0.6600566572,
    "researchAndDevelopmentExpenses": 2200000,
    "generalAndAdministrativeExpenses": 0,
    "sellingAndMarketingExpenses": 0,
    "sellingGeneralAndAdministrativeExpenses": 11900000,
    "otherExpenses": -400000,
    "operatingExpenses": 16000000,
    "costAndExpenses": 28000000,
    "interestIncome": 0,
    "interestExpense": 0,
    "depreciationAndAmortization": 1800000,
    "ebitda": 9100000,
    "ebitdaratio": 0.2577903683,
    "operatingIncome": 7300000,
    "operatingIncomeRatio": 0.2067988669,
    "totalOtherIncomeExpensesNet": 0,
    "incomeBeforeTax": 7400000,
    "incomeBeforeTaxRatio": 0.209631728,
    "incomeTaxExpense": 3000000,
    "netIncome": 4400000,
    "netIncomeRatio": 0.1246458924,
    "eps": 0.1,
    "epsdiluted": 0.1,
    "weightedAverageShsOut": 43610990,
    "weightedAverageShsOutDil": 43610990,
    "link": "https://www.sec.gov/Archives/edgar/data/814547/000095000596000255/0000950005-96-000255-index.html",
    "finalLink": "https://www.sec.gov/Archives/edgar/data/814547/"
  },
  {
    "date": "1995-12-31",
    "symbol": "FICO",
    "reportedCurrency": "USD",
    "cik": "0000814547",
    "fillingDate": "1996-02-13",
    "acceptedDate": "1996-02-13 00:00:00",
    "calendarYear": "1996",
    "period": "Q1",
    "revenue": 32600000,
    "costOfRevenue": 11500000,
    "grossProfit": 21100000,
    "grossProfitRatio": 0.6472392638,
    "researchAndDevelopmentExpenses": 800000,
    "generalAndAdministrativeExpenses": 0,
    "sellingAndMarketingExpenses": 0,
    "sellingGeneralAndAdministrativeExpenses": 12700000,
    "otherExpenses": 2000000,
    "operatingExpenses": 15500000,
    "costAndExpenses": 27000000,
    "interestIncome": 0,
    "interestExpense": 0,
    "depreciationAndAmortization": 2000000,
    "ebitda": 7600000,
    "ebitdaratio": 0.2331288344,
    "operatingIncome": 5600000,
    "operatingIncomeRatio": 0.1717791411,
    "totalOtherIncomeExpensesNet": 300000,
    "incomeBeforeTax": 5900000,
    "incomeBeforeTaxRatio": 0.1809815951,
    "incomeTaxExpense": 2400000,
    "netIncome": 3500000,
    "netIncomeRatio": 0.1073619632,
    "eps": 0.0831,
    "epsdiluted": 0.0831,
    "weightedAverageShsOut": 42124013,
    "weightedAverageShsOutDil": 42124013,
    "link": "https://www.sec.gov/Archives/edgar/data/814547/000095000596000076/0000950005-96-000076-index.html",
    "finalLink": "https://www.sec.gov/Archives/edgar/data/814547/"
  },
  {
    "date": "1995-09-30",
    "symbol": "FICO",
    "reportedCurrency": "USD",
    "cik": "0000814547",
    "fillingDate": "1995-12-27",
    "acceptedDate": "1995-12-27 00:00:00",
    "calendarYear": "1995",
    "period": "Q4",
    "revenue": 33200000,
    "costOfRevenue": 10600000,
    "grossProfit": 22600000,
    "grossProfitRatio": 0.6807228916,
    "researchAndDevelopmentExpenses": 900000,
    "generalAndAdministrativeExpenses": 0,
    "sellingAndMarketingExpenses": 0,
    "sellingGeneralAndAdministrativeExpenses": 13500000,
    "otherExpenses": 1900000,
    "operatingExpenses": 16300000,
    "costAndExpenses": 26900000,
    "interestIncome": 0,
    "interestExpense": 0,
    "depreciationAndAmortization": 1900000,
    "ebitda": 8200000,
    "ebitdaratio": 0.2469879518,
    "operatingIncome": 6300000,
    "operatingIncomeRatio": 0.1897590361,
    "totalOtherIncomeExpensesNet": 400000,
    "incomeBeforeTax": 6700000,
    "incomeBeforeTaxRatio": 0.2018072289,
    "incomeTaxExpense": 2900000,
    "netIncome": 3800000,
    "netIncomeRatio": 0.1144578313,
    "eps": 0.0902,
    "epsdiluted": 0.0902,
    "weightedAverageShsOut": 42124013,
    "weightedAverageShsOutDil": 42124013,
    "link": "https://www.sec.gov/Archives/edgar/data/814547/000095000595000341/0000950005-95-000341-index.html",
    "finalLink": "https://www.sec.gov/Archives/edgar/data/814547/"
  }
]