[
  {
    "date": "2025-06-30",
    "symbol": "FIS",
    "reportedCurrency": "USD",
    "cik": "0001136893",
    "fillingDate": "2025-08-05",
    "acceptedDate": "2025-08-05 16:16:20",
    "calendarYear": "2025",
    "period": "Q2",
    "revenue": 2616000000,
    "costOfRevenue": 1664000000,
    "grossProfit": 952000000,
    "grossProfitRatio": 0.3639143731,
    "researchAndDevelopmentExpenses": 0,
    "generalAndAdministrativeExpenses": 0,
    "sellingAndMarketingExpenses": 0,
    "sellingGeneralAndAdministrativeExpenses": 420000000,
    "otherExpenses": -28000000,
    "operatingExpenses": 392000000,
    "costAndExpenses": 2056000000,
    "interestIncome": 0,
    "interestExpense": 110000000,
    "depreciationAndAmortization": 482000000,
    "ebitda": 731000000,
    "ebitdaratio": 0.2794342508,
    "operatingIncome": 560000000,
    "operatingIncomeRatio": 0.2140672783,
    "totalOtherIncomeExpensesNet": -1019000000,
    "incomeBeforeTax": -459000000,
    "incomeBeforeTaxRatio": -0.1754587156,
    "incomeTaxExpense": 10000000,
    "netIncome": -470000000,
    "netIncomeRatio": -0.1796636086,
    "eps": -0.9,
    "epsdiluted": -0.9,
    "weightedAverageShsOut": 525000000,
    "weightedAverageShsOutDil": 525000000,
    "link": "https://www.sec.gov/Archives/edgar/data/1136893/000113689325000117/0001136893-25-000117-index.htm",
    "finalLink": "https://www.sec.gov/Archives/edgar/data/1136893/000113689325000117/fis-20250630.htm"
  },
  {
    "date": "2025-03-31",
    "symbol": "FIS",
    "reportedCurrency": "USD",
    "cik": "0001136893",
    "fillingDate": "2025-05-06",
    "acceptedDate": "2025-05-06 16:15:54",
    "calendarYear": "2025",
    "period": "Q1",
    "revenue": 2532000000,
    "costOfRevenue": 1653000000,
    "grossProfit": 879000000,
    "grossProfitRatio": 0.3471563981,
    "researchAndDevelopmentExpenses": 0,
    "generalAndAdministrativeExpenses": 0,
    "sellingAndMarketingExpenses": 0,
    "sellingGeneralAndAdministrativeExpenses": 558000000,
    "otherExpenses": -26000000,
    "operatingExpenses": 532000000,
    "costAndExpenses": 2185000000,
    "interestIncome": 0,
    "interestExpense": 80000000,
    "depreciationAndAmortization": 456000000,
    "ebitda": 766000000,
    "ebitdaratio": 0.3025276461,
    "operatingIncome": 347000000,
    "operatingIncomeRatio": 0.1370458136,
    "totalOtherIncomeExpensesNet": -188000000,
    "incomeBeforeTax": 159000000,
    "incomeBeforeTaxRatio": 0.0627962085,
    "incomeTaxExpense": 81000000,
    "netIncome": 77000000,
    "netIncomeRatio": 0.0304107425,
    "eps": 0.1458,
    "epsdiluted": 0.145,
    "weightedAverageShsOut": 528000000,
    "weightedAverageShsOutDil": 531000000,
    "link": "https://www.sec.gov/Archives/edgar/data/1136893/000113689325000056/0001136893-25-000056-index.htm",
    "finalLink": "https://www.sec.gov/Archives/edgar/data/1136893/000113689325000056/fis-20250331.htm"
  },
  {
    "date": "2024-12-31",
    "symbol": "FIS",
    "reportedCurrency": "USD",
    "cik": "0001136893",
    "fillingDate": "2025-02-13",
    "acceptedDate": "2025-02-13 16:16:19",
    "calendarYear": "2024",
    "period": "Q4",
    "revenue": 2599000000,
    "costOfRevenue": 1623000000,
    "grossProfit": 976000000,
    "grossProfitRatio": 0.3755290496,
    "researchAndDevelopmentExpenses": 0,
    "generalAndAdministrativeExpenses": 0,
    "sellingAndMarketingExpenses": 0,
    "sellingGeneralAndAdministrativeExpenses": 482000000,
    "otherExpenses": 0,
    "operatingExpenses": 482000000,
    "costAndExpenses": 2105000000,
    "interestIncome": 0,
    "interestExpense": 67000000,
    "depreciationAndAmortization": 446000000,
    "ebitda": 1101000000,
    "ebitdaratio": 0.423624471,
    "operatingIncome": 494000000,
    "operatingIncomeRatio": 0.190073105,
    "totalOtherIncomeExpensesNet": -41000000,
    "incomeBeforeTax": 453000000,
    "incomeBeforeTaxRatio": 0.1742978068,
    "incomeTaxExpense": 147000000,
    "netIncome": 281000000,
    "netIncomeRatio": 0.1081185071,
    "eps": 0.52,
    "epsdiluted": 0.52,
    "weightedAverageShsOut": 536000000,
    "weightedAverageShsOutDil": 540000000,
    "link": "https://www.sec.gov/Archives/edgar/data/1136893/000113689325000014/0001136893-25-000014-index.htm",
    "finalLink": "https://www.sec.gov/Archives/edgar/data/1136893/000113689325000014/fis-20241231.htm"
  },
  {
    "date": "2024-09-30",
    "symbol": "FIS",
    "reportedCurrency": "USD",
    "cik": "0001136893",
    "fillingDate": "2024-11-04",
    "acceptedDate": "2024-11-04 16:32:41",
    "calendarYear": "2024",
    "period": "Q3",
    "revenue": 2570000000,
    "costOfRevenue": 1593000000,
    "grossProfit": 977000000,
    "grossProfitRatio": 0.380155642,
    "researchAndDevelopmentExpenses": 0,
    "generalAndAdministrativeExpenses": 0,
    "sellingAndMarketingExpenses": 0,
    "sellingGeneralAndAdministrativeExpenses": 521000000,
    "otherExpenses": -34000000,
    "operatingExpenses": 487000000,
    "costAndExpenses": 2080000000,
    "interestIncome": 0,
    "interestExpense": 64000000,
    "depreciationAndAmortization": 431000000,
    "ebitda": 883000000,
    "ebitdaratio": 0.3435797665,
    "operatingIncome": 490000000,
    "operatingIncomeRatio": 0.1906614786,
    "totalOtherIncomeExpensesNet": -135000000,
    "incomeBeforeTax": 355000000,
    "incomeBeforeTaxRatio": 0.1381322957,
    "incomeTaxExpense": 108000000,
    "netIncome": 224000000,
    "netIncomeRatio": 0.0871595331,
    "eps": 0.41,
    "epsdiluted": 0.41,
    "weightedAverageShsOut": 545000000,
    "weightedAverageShsOutDil": 548000000,
    "link": "https://www.sec.gov/Archives/edgar/data/1136893/000113689324000139/0001136893-24-000139-index.htm",
    "finalLink": "https://www.sec.gov/Archives/edgar/data/1136893/000113689324000139/fis-20240930.htm"
  },
  {
    "date": "2024-06-30",
    "symbol": "FIS",
    "reportedCurrency": "USD",
    "cik": "0001136893",
    "fillingDate": "2024-08-06",
    "acceptedDate": "2024-08-06 16:16:05",
    "calendarYear": "2024",
    "period": "Q2",
    "revenue": 2490000000,
    "costOfRevenue": 1546000000,
    "grossProfit": 944000000,
    "grossProfitRatio": 0.3791164659,
    "researchAndDevelopmentExpenses": 0,
    "generalAndAdministrativeExpenses": 0,
    "sellingAndMarketingExpenses": 0,
    "sellingGeneralAndAdministrativeExpenses": 609000000,
    "otherExpenses": -36000000,
    "operatingExpenses": 573000000,
    "costAndExpenses": 2119000000,
    "interestIncome": 0,
    "interestExpense": 43000000,
    "depreciationAndAmortization": 431000000,
    "ebitda": 789000000,
    "ebitdaratio": 0.3168674699,
    "operatingIncome": 371000000,
    "operatingIncomeRatio": 0.1489959839,
    "totalOtherIncomeExpensesNet": -133000000,
    "incomeBeforeTax": 238000000,
    "incomeBeforeTaxRatio": 0.0955823293,
    "incomeTaxExpense": 0,
    "netIncome": 238000000,
    "netIncomeRatio": 0.0955823293,
    "eps": 0.4296,
    "epsdiluted": 0.4273,
    "weightedAverageShsOut": 554000000,
    "weightedAverageShsOutDil": 557000000,
    "link": "https://www.sec.gov/Archives/edgar/data/1136893/000113689324000113/0001136893-24-000113-index.htm",
    "finalLink": "https://www.sec.gov/Archives/edgar/data/1136893/000113689324000113/fis-20240630.htm"
  },
  {
    "date": "2024-03-31",
    "symbol": "FIS",
    "reportedCurrency": "USD",
    "cik": "0001136893",
    "fillingDate": "2024-05-07",
    "acceptedDate": "2024-05-07 16:16:28",
    "calendarYear": "2024",
    "period": "Q1",
    "revenue": 2468000000,
    "costOfRevenue": 1559000000,
    "grossProfit": 909000000,
    "grossProfitRatio": 0.3683144246,
    "researchAndDevelopmentExpenses": 0,
    "generalAndAdministrativeExpenses": 0,
    "sellingAndMarketingExpenses": 0,
    "sellingGeneralAndAdministrativeExpenses": 573000000,
    "otherExpenses": -19000000,
    "operatingExpenses": 554000000,
    "costAndExpenses": 2113000000,
    "interestIncome": 0,
    "interestExpense": 77000000,
    "depreciationAndAmortization": 428000000,
    "ebitda": 611000000,
    "ebitdaratio": 0.2475688817,
    "operatingIncome": 355000000,
    "operatingIncomeRatio": 0.1438411669,
    "totalOtherIncomeExpensesNet": -335000000,
    "incomeBeforeTax": 20000000,
    "incomeBeforeTaxRatio": 0.0081037277,
    "incomeTaxExpense": 20000000,
    "netIncome": 706000000,
    "netIncomeRatio": 0.2860615883,
    "eps": 1.23,
    "epsdiluted": 1.22,
    "weightedAverageShsOut": 576000000,
    "weightedAverageShsOutDil": 576000000,
    "link": "https://www.sec.gov/Archives/edgar/data/1136893/000113689324000063/0001136893-24-000063-index.htm",
    "finalLink": "https://www.sec.gov/Archives/edgar/data/1136893/000113689324000063/fis-20240331.htm"
  },
  {
    "date": "2023-12-31",
    "symbol": "FIS",
    "reportedCurrency": "USD",
    "cik": "0001136893",
    "fillingDate": "2024-02-26",
    "acceptedDate": "2024-02-26 16:16:54",
    "calendarYear": "2023",
    "period": "Q4",
    "revenue": 2512000000,
    "costOfRevenue": 1542000000,
    "grossProfit": 970000000,
    "grossProfitRatio": 0.3861464968,
    "researchAndDevelopmentExpenses": 0,
    "generalAndAdministrativeExpenses": 0,
    "sellingAndMarketingExpenses": 0,
    "sellingGeneralAndAdministrativeExpenses": 383000000,
    "otherExpenses": 0,
    "operatingExpenses": 383000000,
    "costAndExpenses": 1925000000,
    "interestIncome": 0,
    "interestExpense": 158000000,
    "depreciationAndAmortization": 421000000,
    "ebitda": 657000000,
    "ebitdaratio": 0.261544586,
    "operatingIncome": 587000000,
    "operatingIncomeRatio": 0.2336783439,
    "totalOtherIncomeExpensesNet": -509000000,
    "incomeBeforeTax": 78000000,
    "incomeBeforeTaxRatio": 0.0310509554,
    "incomeTaxExpense": 15000000,
    "netIncome": 250000000,
    "netIncomeRatio": 0.099522293,
    "eps": 0.4228,
    "epsdiluted": 0.4213,
    "weightedAverageShsOut": 589000000,
    "weightedAverageShsOutDil": 591000000,
    "link": "https://www.sec.gov/Archives/edgar/data/1136893/000113689324000015/0001136893-24-000015-index.htm",
    "finalLink": "https://www.sec.gov/Archives/edgar/data/1136893/000113689324000015/fis-20231231.htm"
  },
  {
    "date": "2023-09-30",
    "symbol": "FIS",
    "reportedCurrency": "USD",
    "cik": "0001136893",
    "fillingDate": "2023-11-07",
    "acceptedDate": "2023-11-07 16:16:36",
    "calendarYear": "2023",
    "period": "Q3",
    "revenue": 2492000000,
    "costOfRevenue": 1531000000,
    "grossProfit": 961000000,
    "grossProfitRatio": 0.3856340289,
    "researchAndDevelopmentExpenses": 0,
    "generalAndAdministrativeExpenses": 0,
    "sellingAndMarketingExpenses": 0,
    "sellingGeneralAndAdministrativeExpenses": 371000000,
    "otherExpenses": 0,
    "operatingExpenses": 371000000,
    "costAndExpenses": 1902000000,
    "interestIncome": 0,
    "interestExpense": 162000000,
    "depreciationAndAmortization": 436000000,
    "ebitda": 917000000,
    "ebitdaratio": 0.3679775281,
    "operatingIncome": 590000000,
    "operatingIncomeRatio": 0.2367576244,
    "totalOtherIncomeExpensesNet": -271000000,
    "incomeBeforeTax": 319000000,
    "incomeBeforeTaxRatio": 0.1280096308,
    "incomeTaxExpense": 70000000,
    "netIncome": -461000000,
    "netIncomeRatio": -0.1849919743,
    "eps": -0.7787,
    "epsdiluted": -0.7787,
    "weightedAverageShsOut": 592000000,
    "weightedAverageShsOutDil": 592000000,
    "link": "https://www.sec.gov/Archives/edgar/data/1136893/000113689323000148/0001136893-23-000148-index.htm",
    "finalLink": "https://www.sec.gov/Archives/edgar/data/1136893/000113689323000148/fis-20230930.htm"
  },
  {
    "date": "2023-06-30",
    "symbol": "FIS",
    "reportedCurrency": "USD",
    "cik": "0001136893",
    "fillingDate": "2023-08-02",
    "acceptedDate": "2023-08-02 16:06:40",
    "calendarYear": "2023",
    "period": "Q2",
    "revenue": 2424000000,
    "costOfRevenue": 1519000000,
    "grossProfit": 905000000,
    "grossProfitRatio": 0.373349835,
    "researchAndDevelopmentExpenses": 0,
    "generalAndAdministrativeExpenses": 0,
    "sellingAndMarketingExpenses": 0,
    "sellingGeneralAndAdministrativeExpenses": 440000000,
    "otherExpenses": 0,
    "operatingExpenses": 440000000,
    "costAndExpenses": 1959000000,
    "interestIncome": 0,
    "interestExpense": 160000000,
    "depreciationAndAmortization": 440000000,
    "ebitda": 714000000,
    "ebitdaratio": 0.2945544554,
    "operatingIncome": 465000000,
    "operatingIncomeRatio": 0.1918316832,
    "totalOtherIncomeExpensesNet": -351000000,
    "incomeBeforeTax": 114000000,
    "incomeBeforeTaxRatio": 0.047029703,
    "incomeTaxExpense": 29000000,
    "netIncome": -6596000000,
    "netIncomeRatio": -2.7211221122,
    "eps": -11.1419,
    "epsdiluted": -11.1419,
    "weightedAverageShsOut": 592000000,
    "weightedAverageShsOutDil": 592000000,
    "link": "https://www.sec.gov/Archives/edgar/data/1136893/000113689323000127/0001136893-23-000127-index.htm",
    "finalLink": "https://www.sec.gov/Archives/edgar/data/1136893/000113689323000127/fis-20230630.htm"
  },
  {
    "date": "2023-03-31",
    "symbol": "FIS",
    "reportedCurrency": "USD",
    "cik": "0001136893",
    "fillingDate": "2023-05-02",
    "acceptedDate": "2023-05-02 17:02:07",
    "calendarYear": "2023",
    "period": "Q1",
    "revenue": 2397000000,
    "costOfRevenue": 1569000000,
    "grossProfit": 828000000,
    "grossProfitRatio": 0.3454317897,
    "researchAndDevelopmentExpenses": 0,
    "generalAndAdministrativeExpenses": 0,
    "sellingAndMarketingExpenses": 0,
    "sellingGeneralAndAdministrativeExpenses": 417000000,
    "otherExpenses": 0,
    "operatingExpenses": 417000000,
    "costAndExpenses": 1986000000,
    "interestIncome": 0,
    "interestExpense": 142000000,
    "depreciationAndAmortization": 447000000,
    "ebitda": 722000000,
    "ebitdaratio": 0.3012098456,
    "operatingIncome": 411000000,
    "operatingIncomeRatio": 0.1714643304,
    "totalOtherIncomeExpensesNet": -278000000,
    "incomeBeforeTax": 133000000,
    "incomeBeforeTaxRatio": 0.0554860242,
    "incomeTaxExpense": 37000000,
    "netIncome": 140000000,
    "netIncomeRatio": 0.0584063413,
    "eps": 0.2365,
    "epsdiluted": 0.2361,
    "weightedAverageShsOut": 592000000,
    "weightedAverageShsOutDil": 593000000,
    "link": "https://www.sec.gov/Archives/edgar/data/1136893/000113689323000077/0001136893-23-000077-index.htm",
    "finalLink": "https://www.sec.gov/Archives/edgar/data/1136893/000113689323000077/fis-20230331.htm"
  },
  {
    "date": "2022-12-31",
    "symbol": "FIS",
    "reportedCurrency": "USD",
    "cik": "0001136893",
    "fillingDate": "2023-02-27",
    "acceptedDate": "2023-02-27 16:38:25",
    "calendarYear": "2022",
    "period": "Q4",
    "revenue": 2526000000,
    "costOfRevenue": 1570000000,
    "grossProfit": 956000000,
    "grossProfitRatio": 0.3784639747,
    "researchAndDevelopmentExpenses": 0,
    "generalAndAdministrativeExpenses": 0,
    "sellingAndMarketingExpenses": 0,
    "sellingGeneralAndAdministrativeExpenses": 406000000,
    "otherExpenses": 0,
    "operatingExpenses": 406000000,
    "costAndExpenses": 1976000000,
    "interestIncome": 0,
    "interestExpense": 112000000,
    "depreciationAndAmortization": 453000000,
    "ebitda": 783000000,
    "ebitdaratio": 0.309976247,
    "operatingIncome": 550000000,
    "operatingIncomeRatio": 0.2177355503,
    "totalOtherIncomeExpensesNet": -332000000,
    "incomeBeforeTax": 218000000,
    "incomeBeforeTaxRatio": 0.0863024545,
    "incomeTaxExpense": 107000000,
    "netIncome": -17365000000,
    "netIncomeRatio": -6.8745051465,
    "eps": -29.2833,
    "epsdiluted": -29.2833,
    "weightedAverageShsOut": 593000000,
    "weightedAverageShsOutDil": 593000000,
    "link": "https://www.sec.gov/Archives/edgar/data/1136893/000113689323000028/0001136893-23-000028-index.htm",
    "finalLink": "https://www.sec.gov/Archives/edgar/data/1136893/000113689323000028/fis-20221231.htm"
  },
  {
    "date": "2022-09-30",
    "symbol": "FIS",
    "reportedCurrency": "USD",
    "cik": "0001136893",
    "fillingDate": "2022-11-04",
    "acceptedDate": "2022-11-04 08:05:58",
    "calendarYear": "2022",
    "period": "Q3",
    "revenue": 2415000000,
    "costOfRevenue": 1534000000,
    "grossProfit": 881000000,
    "grossProfitRatio": 0.3648033126,
    "researchAndDevelopmentExpenses": 0,
    "generalAndAdministrativeExpenses": 0,
    "sellingAndMarketingExpenses": 0,
    "sellingGeneralAndAdministrativeExpenses": 357000000,
    "otherExpenses": 0,
    "operatingExpenses": 357000000,
    "costAndExpenses": 1891000000,
    "interestIncome": 0,
    "interestExpense": 78000000,
    "depreciationAndAmortization": 932000000,
    "ebitda": 1334000000,
    "ebitdaratio": 0.5523809524,
    "operatingIncome": 524000000,
    "operatingIncomeRatio": 0.2169772257,
    "totalOtherIncomeExpensesNet": -200000000,
    "incomeBeforeTax": 324000000,
    "incomeBeforeTaxRatio": 0.1341614907,
    "incomeTaxExpense": 102000000,
    "netIncome": 249000000,
    "netIncomeRatio": 0.1031055901,
    "eps": 0.4116,
    "epsdiluted": 0.4102,
    "weightedAverageShsOut": 605000000,
    "weightedAverageShsOutDil": 607000000,
    "link": "https://www.sec.gov/Archives/edgar/data/1136893/000113689322000180/0001136893-22-000180-index.htm",
    "finalLink": "https://www.sec.gov/Archives/edgar/data/1136893/000113689322000180/fis-20220930.htm"
  },
  {
    "date": "2022-06-30",
    "symbol": "FIS",
    "reportedCurrency": "USD",
    "cik": "0001136893",
    "fillingDate": "2022-08-04",
    "acceptedDate": "2022-08-04 16:42:53",
    "calendarYear": "2022",
    "period": "Q2",
    "revenue": 3719000000,
    "costOfRevenue": 2234000000,
    "grossProfit": 1485000000,
    "grossProfitRatio": 0.3993008873,
    "researchAndDevelopmentExpenses": 0,
    "generalAndAdministrativeExpenses": 0,
    "sellingAndMarketingExpenses": 0,
    "sellingGeneralAndAdministrativeExpenses": 1836000000,
    "otherExpenses": 0,
    "operatingExpenses": 1836000000,
    "costAndExpenses": 4070000000,
    "interestIncome": 0,
    "interestExpense": 47000000,
    "depreciationAndAmortization": 975000000,
    "ebitda": 1379000000,
    "ebitdaratio": 0.3707986018,
    "operatingIncome": -351000000,
    "operatingIncomeRatio": -0.0943802097,
    "totalOtherIncomeExpensesNet": 708000000,
    "incomeBeforeTax": 357000000,
    "incomeBeforeTaxRatio": 0.0959935467,
    "incomeTaxExpense": 77000000,
    "netIncome": 277000000,
    "netIncomeRatio": 0.0744823877,
    "eps": 0.4556,
    "epsdiluted": 0.4534,
    "weightedAverageShsOut": 608000000,
    "weightedAverageShsOutDil": 611000000,
    "link": "https://www.sec.gov/Archives/edgar/data/1136893/000113689322000146/0001136893-22-000146-index.htm",
    "finalLink": "https://www.sec.gov/Archives/edgar/data/1136893/000113689322000146/fis-20220630.htm"
  },
  {
    "date": "2022-03-31",
    "symbol": "FIS",
    "reportedCurrency": "USD",
    "cik": "0001136893",
    "fillingDate": "2022-05-03",
    "acceptedDate": "2022-05-03 16:16:11",
    "calendarYear": "2022",
    "period": "Q1",
    "revenue": 3492000000,
    "costOfRevenue": 2242000000,
    "grossProfit": 1250000000,
    "grossProfitRatio": 0.3579610538,
    "researchAndDevelopmentExpenses": 0,
    "generalAndAdministrativeExpenses": 0,
    "sellingAndMarketingExpenses": 0,
    "sellingGeneralAndAdministrativeExpenses": 845000000,
    "otherExpenses": 0,
    "operatingExpenses": 845000000,
    "costAndExpenses": 3087000000,
    "interestIncome": 0,
    "interestExpense": 43000000,
    "depreciationAndAmortization": 1013000000,
    "ebitda": 1231000000,
    "ebitdaratio": 0.3525200458,
    "operatingIncome": 405000000,
    "operatingIncomeRatio": 0.1159793814,
    "totalOtherIncomeExpensesNet": -230000000,
    "incomeBeforeTax": 175000000,
    "incomeBeforeTaxRatio": 0.0501145475,
    "incomeTaxExpense": 54000000,
    "netIncome": 120000000,
    "netIncomeRatio": 0.0343642612,
    "eps": 0.1967,
    "epsdiluted": 0.1954,
    "weightedAverageShsOut": 610000000,
    "weightedAverageShsOutDil": 614000000,
    "link": "https://www.sec.gov/Archives/edgar/data/1136893/000113689322000095/0001136893-22-000095-index.htm",
    "finalLink": "https://www.sec.gov/Archives/edgar/data/1136893/000113689322000095/fis-20220331.htm"
  },
  {
    "date": "2021-12-31",
    "symbol": "FIS",
    "reportedCurrency": "USD",
    "cik": "0001136893",
    "fillingDate": "2022-02-23",
    "acceptedDate": "2022-02-23 16:16:51",
    "calendarYear": "2021",
    "period": "Q4",
    "revenue": 3672000000,
    "costOfRevenue": 2251000000,
    "grossProfit": 1421000000,
    "grossProfitRatio": 0.3869825708,
    "researchAndDevelopmentExpenses": 0,
    "generalAndAdministrativeExpenses": 0,
    "sellingAndMarketingExpenses": 0,
    "sellingGeneralAndAdministrativeExpenses": 750000000,
    "otherExpenses": 0,
    "operatingExpenses": 750000000,
    "costAndExpenses": 3001000000,
    "interestIncome": 0,
    "interestExpense": 46000000,
    "depreciationAndAmortization": 1033000000,
    "ebitda": 1495000000,
    "ebitdaratio": 0.4071350763,
    "operatingIncome": 671000000,
    "operatingIncomeRatio": 0.1827342048,
    "totalOtherIncomeExpensesNet": -255000000,
    "incomeBeforeTax": 416000000,
    "incomeBeforeTaxRatio": 0.1132897603,
    "incomeTaxExpense": 125000000,
    "netIncome": 291000000,
    "netIncomeRatio": 0.079248366,
    "eps": 0.4778,
    "epsdiluted": 0.4739,
    "weightedAverageShsOut": 609000000,
    "weightedAverageShsOutDil": 614000000,
    "link": "https://www.sec.gov/Archives/edgar/data/1136893/000113689322000038/0001136893-22-000038-index.htm",
    "finalLink": "https://www.sec.gov/Archives/edgar/data/1136893/000113689322000038/fis-20211231.htm"
  },
  {
    "date": "2021-09-30",
    "symbol": "FIS",
    "reportedCurrency": "USD",
    "cik": "0001136893",
    "fillingDate": "2021-11-04",
    "acceptedDate": "2021-11-04 16:18:09",
    "calendarYear": "2021",
    "period": "Q3",
    "revenue": 3507000000,
    "costOfRevenue": 2178000000,
    "grossProfit": 1329000000,
    "grossProfitRatio": 0.378956373,
    "researchAndDevelopmentExpenses": 0,
    "generalAndAdministrativeExpenses": 0,
    "sellingAndMarketingExpenses": 0,
    "sellingGeneralAndAdministrativeExpenses": 802000000,
    "otherExpenses": 0,
    "operatingExpenses": 802000000,
    "costAndExpenses": 2980000000,
    "interestIncome": 0,
    "interestExpense": 46000000,
    "depreciationAndAmortization": 1058000000,
    "ebitda": 1306000000,
    "ebitdaratio": 0.372398061,
    "operatingIncome": 527000000,
    "operatingIncomeRatio": 0.1502708868,
    "totalOtherIncomeExpensesNet": -325000000,
    "incomeBeforeTax": 202000000,
    "incomeBeforeTaxRatio": 0.0575990875,
    "incomeTaxExpense": 41000000,
    "netIncome": 158000000,
    "netIncomeRatio": 0.0450527516,
    "eps": 0.2578,
    "epsdiluted": 0.2552,
    "weightedAverageShsOut": 613000000,
    "weightedAverageShsOutDil": 619000000,
    "link": "https://www.sec.gov/Archives/edgar/data/1136893/000113689321000228/0001136893-21-000228-index.htm",
    "finalLink": "https://www.sec.gov/Archives/edgar/data/1136893/000113689321000228/fis-20210930.htm"
  },
  {
    "date": "2021-06-30",
    "symbol": "FIS",
    "reportedCurrency": "USD",
    "cik": "0001136893",
    "fillingDate": "2021-08-03",
    "acceptedDate": "2021-08-03 16:24:41",
    "calendarYear": "2021",
    "period": "Q2",
    "revenue": 3475000000,
    "costOfRevenue": 2135000000,
    "grossProfit": 1340000000,
    "grossProfitRatio": 0.3856115108,
    "researchAndDevelopmentExpenses": 0,
    "generalAndAdministrativeExpenses": 0,
    "sellingAndMarketingExpenses": 0,
    "sellingGeneralAndAdministrativeExpenses": 792000000,
    "otherExpenses": 0,
    "operatingExpenses": 792000000,
    "costAndExpenses": 2927000000,
    "interestIncome": 0,
    "interestExpense": 48000000,
    "depreciationAndAmortization": 972000000,
    "ebitda": 1659000000,
    "ebitdaratio": 0.4774100719,
    "operatingIncome": 548000000,
    "operatingIncomeRatio": 0.1576978417,
    "totalOtherIncomeExpensesNet": 96000000,
    "incomeBeforeTax": 644000000,
    "incomeBeforeTaxRatio": 0.185323741,
    "incomeTaxExpense": 302000000,
    "netIncome": 341000000,
    "netIncomeRatio": 0.0981294964,
    "eps": 0.5509,
    "epsdiluted": 0.5465,
    "weightedAverageShsOut": 619000000,
    "weightedAverageShsOutDil": 624000000,
    "link": "https://www.sec.gov/Archives/edgar/data/1136893/000113689321000166/0001136893-21-000166-index.htm",
    "finalLink": "https://www.sec.gov/Archives/edgar/data/1136893/000113689321000166/fis-20210630.htm"
  },
  {
    "date": "2021-03-31",
    "symbol": "FIS",
    "reportedCurrency": "USD",
    "cik": "0001136893",
    "fillingDate": "2021-05-06",
    "acceptedDate": "2021-05-06 16:16:31",
    "calendarYear": "2021",
    "period": "Q1",
    "revenue": 3223000000,
    "costOfRevenue": 2118000000,
    "grossProfit": 1105000000,
    "grossProfitRatio": 0.342848278,
    "researchAndDevelopmentExpenses": 0,
    "generalAndAdministrativeExpenses": 0,
    "sellingAndMarketingExpenses": 0,
    "sellingGeneralAndAdministrativeExpenses": 646000000,
    "otherExpenses": 0,
    "operatingExpenses": 646000000,
    "costAndExpenses": 2764000000,
    "interestIncome": 0,
    "interestExpense": 74000000,
    "depreciationAndAmortization": 953000000,
    "ebitda": 559000000,
    "ebitdaratio": 0.1734408936,
    "operatingIncome": 459000000,
    "operatingIncomeRatio": 0.1424139001,
    "totalOtherIncomeExpensesNet": -926000000,
    "incomeBeforeTax": -467000000,
    "incomeBeforeTaxRatio": -0.1448960596,
    "incomeTaxExpense": -97000000,
    "netIncome": -373000000,
    "netIncomeRatio": -0.1157306857,
    "eps": -0.6006,
    "epsdiluted": -0.6006,
    "weightedAverageShsOut": 621000000,
    "weightedAverageShsOutDil": 621000000,
    "link": "https://www.sec.gov/Archives/edgar/data/1136893/000113689321000094/0001136893-21-000094-index.htm",
    "finalLink": "https://www.sec.gov/Archives/edgar/data/1136893/000113689321000094/fis-20210331.htm"
  },
  {
    "date": "2020-12-31",
    "symbol": "FIS",
    "reportedCurrency": "USD",
    "cik": "0001136893",
    "fillingDate": "2021-02-18",
    "acceptedDate": "2021-02-18 16:16:21",
    "calendarYear": "2020",
    "period": "Q4",
    "revenue": 3316000000,
    "costOfRevenue": 2110000000,
    "grossProfit": 1206000000,
    "grossProfitRatio": 0.3636911942,
    "researchAndDevelopmentExpenses": 0,
    "generalAndAdministrativeExpenses": 0,
    "sellingAndMarketingExpenses": 0,
    "sellingGeneralAndAdministrativeExpenses": 661000000,
    "otherExpenses": 0,
    "operatingExpenses": 661000000,
    "costAndExpenses": 2771000000,
    "interestIncome": 0,
    "interestExpense": 82000000,
    "depreciationAndAmortization": 954000000,
    "ebitda": 1138000000,
    "ebitdaratio": 0.3431845597,
    "operatingIncome": 545000000,
    "operatingIncomeRatio": 0.1643546441,
    "totalOtherIncomeExpensesNet": -441000000,
    "incomeBeforeTax": 104000000,
    "incomeBeforeTaxRatio": 0.0313630881,
    "incomeTaxExpense": 2000000,
    "netIncome": 103000000,
    "netIncomeRatio": 0.0310615199,
    "eps": 0.1659,
    "epsdiluted": 0.164,
    "weightedAverageShsOut": 621000000,
    "weightedAverageShsOutDil": 628000000,
    "link": "https://www.sec.gov/Archives/edgar/data/1136893/000113689321000025/0001136893-21-000025-index.htm",
    "finalLink": "https://www.sec.gov/Archives/edgar/data/1136893/000113689321000025/fis-20201231.htm"
  },
  {
    "date": "2020-09-30",
    "symbol": "FIS",
    "reportedCurrency": "USD",
    "cik": "0001136893",
    "fillingDate": "2020-10-29",
    "acceptedDate": "2020-10-29 16:17:53",
    "calendarYear": "2020",
    "period": "Q3",
    "revenue": 3197000000,
    "costOfRevenue": 2104000000,
    "grossProfit": 1093000000,
    "grossProfitRatio": 0.3418830153,
    "researchAndDevelopmentExpenses": 0,
    "generalAndAdministrativeExpenses": 0,
    "sellingAndMarketingExpenses": 0,
    "sellingGeneralAndAdministrativeExpenses": 667000000,
    "otherExpenses": 0,
    "operatingExpenses": 667000000,
    "costAndExpenses": 2771000000,
    "interestIncome": 0,
    "interestExpense": 84000000,
    "depreciationAndAmortization": 930000000,
    "ebitda": 1157000000,
    "ebitdaratio": 0.3619017829,
    "operatingIncome": 426000000,
    "operatingIncomeRatio": 0.1332499218,
    "totalOtherIncomeExpensesNet": -283000000,
    "incomeBeforeTax": 143000000,
    "incomeBeforeTaxRatio": 0.0447294338,
    "incomeTaxExpense": 121000000,
    "netIncome": 20000000,
    "netIncomeRatio": 0.0062558649,
    "eps": 0.0323,
    "epsdiluted": 0.0319,
    "weightedAverageShsOut": 620000000,
    "weightedAverageShsOutDil": 627000000,
    "link": "https://www.sec.gov/Archives/edgar/data/1136893/000113689320000273/0001136893-20-000273-index.htm",
    "finalLink": "https://www.sec.gov/Archives/edgar/data/1136893/000113689320000273/fis-20200930.htm"
  },
  {
    "date": "2020-06-30",
    "symbol": "FIS",
    "reportedCurrency": "USD",
    "cik": "0001136893",
    "fillingDate": "2020-08-04",
    "acceptedDate": "2020-08-04 16:17:52",
    "calendarYear": "2020",
    "period": "Q2",
    "revenue": 2962000000,
    "costOfRevenue": 2046000000,
    "grossProfit": 916000000,
    "grossProfitRatio": 0.3092505064,
    "researchAndDevelopmentExpenses": 0,
    "generalAndAdministrativeExpenses": 0,
    "sellingAndMarketingExpenses": 0,
    "sellingGeneralAndAdministrativeExpenses": 674000000,
    "otherExpenses": 0,
    "operatingExpenses": 674000000,
    "costAndExpenses": 2720000000,
    "interestIncome": 0,
    "interestExpense": 88000000,
    "depreciationAndAmortization": 916000000,
    "ebitda": 1036000000,
    "ebitdaratio": 0.3497636732,
    "operatingIncome": 242000000,
    "operatingIncomeRatio": 0.081701553,
    "totalOtherIncomeExpensesNet": -217000000,
    "incomeBeforeTax": 25000000,
    "incomeBeforeTaxRatio": 0.0084402431,
    "incomeTaxExpense": 4000000,
    "netIncome": 19000000,
    "netIncomeRatio": 0.0064145847,
    "eps": 0.0307,
    "epsdiluted": 0.0304,
    "weightedAverageShsOut": 618000000,
    "weightedAverageShsOutDil": 625000000,
    "link": "https://www.sec.gov/Archives/edgar/data/1136893/000113689320000200/0001136893-20-000200-index.htm",
    "finalLink": "https://www.sec.gov/Archives/edgar/data/1136893/000113689320000200/fis-20200630.htm"
  },
  {
    "date": "2020-03-31",
    "symbol": "FIS",
    "reportedCurrency": "USD",
    "cik": "0001136893",
    "fillingDate": "2020-05-07",
    "acceptedDate": "2020-05-07 16:17:19",
    "calendarYear": "2020",
    "period": "Q1",
    "revenue": 3078000000,
    "costOfRevenue": 2089000000,
    "grossProfit": 989000000,
    "grossProfitRatio": 0.3213125406,
    "researchAndDevelopmentExpenses": 0,
    "generalAndAdministrativeExpenses": 0,
    "sellingAndMarketingExpenses": 0,
    "sellingGeneralAndAdministrativeExpenses": 656000000,
    "otherExpenses": 0,
    "operatingExpenses": 656000000,
    "costAndExpenses": 2745000000,
    "interestIncome": 0,
    "interestExpense": 80000000,
    "depreciationAndAmortization": 914000000,
    "ebitda": 983000000,
    "ebitdaratio": 0.3193632229,
    "operatingIncome": 333000000,
    "operatingIncomeRatio": 0.1081871345,
    "totalOtherIncomeExpensesNet": -345000000,
    "incomeBeforeTax": -12000000,
    "incomeBeforeTaxRatio": -0.0038986355,
    "incomeTaxExpense": -30000000,
    "netIncome": 15000000,
    "netIncomeRatio": 0.0048732943,
    "eps": 0.0244,
    "epsdiluted": 0.024,
    "weightedAverageShsOut": 616000000,
    "weightedAverageShsOutDil": 625000000,
    "link": "https://www.sec.gov/Archives/edgar/data/1136893/000113689320000111/0001136893-20-000111-index.html",
    "finalLink": "https://www.sec.gov/Archives/edgar/data/1136893/000113689320000111/fis-20200331.htm"
  },
  {
    "date": "2019-12-31",
    "symbol": "FIS",
    "reportedCurrency": "USD",
    "cik": "0001136893",
    "fillingDate": "2020-02-20",
    "acceptedDate": "2020-02-20 17:16:58",
    "calendarYear": "2019",
    "period": "Q4",
    "revenue": 3341000000,
    "costOfRevenue": 1986000000,
    "grossProfit": 1355000000,
    "grossProfitRatio": 0.4055671955,
    "researchAndDevelopmentExpenses": 0,
    "generalAndAdministrativeExpenses": 0,
    "sellingAndMarketingExpenses": 0,
    "sellingGeneralAndAdministrativeExpenses": 821000000,
    "otherExpenses": 0,
    "operatingExpenses": 821000000,
    "costAndExpenses": 2807000000,
    "interestIncome": 0,
    "interestExpense": 95000000,
    "depreciationAndAmortization": 957000000,
    "ebitda": 869000000,
    "ebitdaratio": 0.2601017659,
    "operatingIncome": 534000000,
    "operatingIncomeRatio": 0.1598323855,
    "totalOtherIncomeExpensesNet": -710000000,
    "incomeBeforeTax": -176000000,
    "incomeBeforeTaxRatio": -0.0526788387,
    "incomeTaxExpense": -19000000,
    "netIncome": -158000000,
    "netIncomeRatio": -0.0472912302,
    "eps": -0.2573,
    "epsdiluted": -0.2573,
    "weightedAverageShsOut": 614000000,
    "weightedAverageShsOutDil": 614000000,
    "link": "https://www.sec.gov/Archives/edgar/data/1136893/000113689320000032/0001136893-20-000032-index.htm",
    "finalLink": "https://www.sec.gov/Archives/edgar/data/1136893/000113689320000032/a10-k2019.htm"
  },
  {
    "date": "2019-09-30",
    "symbol": "FIS",
    "reportedCurrency": "USD",
    "cik": "0001136893",
    "fillingDate": "2019-11-05",
    "acceptedDate": "2019-11-05 16:17:12",
    "calendarYear": "2019",
    "period": "Q3",
    "revenue": 2822000000,
    "costOfRevenue": 1838000000,
    "grossProfit": 984000000,
    "grossProfitRatio": 0.3486888731,
    "researchAndDevelopmentExpenses": 0,
    "generalAndAdministrativeExpenses": 0,
    "sellingAndMarketingExpenses": 0,
    "sellingGeneralAndAdministrativeExpenses": 544000000,
    "otherExpenses": 0,
    "operatingExpenses": 544000000,
    "costAndExpenses": 2382000000,
    "interestIncome": 0,
    "interestExpense": 95000000,
    "depreciationAndAmortization": 752000000,
    "ebitda": 1056000000,
    "ebitdaratio": 0.3742026931,
    "operatingIncome": 440000000,
    "operatingIncomeRatio": 0.1559177888,
    "totalOtherIncomeExpensesNet": -236000000,
    "incomeBeforeTax": 204000000,
    "incomeBeforeTaxRatio": 0.0722891566,
    "incomeTaxExpense": 48000000,
    "netIncome": 154000000,
    "netIncomeRatio": 0.0545712261,
    "eps": 0.2984,
    "epsdiluted": 0.2939,
    "weightedAverageShsOut": 516000000,
    "weightedAverageShsOutDil": 524000000,
    "link": "https://www.sec.gov/Archives/edgar/data/1136893/000113689319000192/0001136893-19-000192-index.html",
    "finalLink": "https://www.sec.gov/Archives/edgar/data/1136893/000113689319000192/fis-10xq09x30x2019.htm"
  },
  {
    "date": "2019-06-30",
    "symbol": "FIS",
    "reportedCurrency": "USD",
    "cik": "0001136893",
    "fillingDate": "2019-08-06",
    "acceptedDate": "2019-08-06 16:17:12",
    "calendarYear": "2019",
    "period": "Q2",
    "revenue": 2112000000,
    "costOfRevenue": 1404000000,
    "grossProfit": 708000000,
    "grossProfitRatio": 0.3352272727,
    "researchAndDevelopmentExpenses": 0,
    "generalAndAdministrativeExpenses": 0,
    "sellingAndMarketingExpenses": 0,
    "sellingGeneralAndAdministrativeExpenses": 282000000,
    "otherExpenses": 0,
    "operatingExpenses": 282000000,
    "costAndExpenses": 1686000000,
    "interestIncome": 0,
    "interestExpense": 72000000,
    "depreciationAndAmortization": 368000000,
    "ebitda": 639000000,
    "ebitdaratio": 0.3025568182,
    "operatingIncome": 426000000,
    "operatingIncomeRatio": 0.2017045455,
    "totalOtherIncomeExpensesNet": -231000000,
    "incomeBeforeTax": 195000000,
    "incomeBeforeTaxRatio": 0.0923295455,
    "incomeTaxExpense": 40000000,
    "netIncome": 154000000,
    "netIncomeRatio": 0.0729166667,
    "eps": 0.4753,
    "epsdiluted": 0.471,
    "weightedAverageShsOut": 324000000,
    "weightedAverageShsOutDil": 327000000,
    "link": "https://www.sec.gov/Archives/edgar/data/1136893/000113689319000128/0001136893-19-000128-index.htm",
    "finalLink": "https://www.sec.gov/Archives/edgar/data/1136893/000113689319000128/fis-10xq06x30x2019.htm"
  },
  {
    "date": "2019-03-31",
    "symbol": "FIS",
    "reportedCurrency": "USD",
    "cik": "0001136893",
    "fillingDate": "2019-04-30",
    "acceptedDate": "2019-04-30 16:16:53",
    "calendarYear": "2019",
    "period": "Q1",
    "revenue": 2057000000,
    "costOfRevenue": 1381000000,
    "grossProfit": 676000000,
    "grossProfitRatio": 0.3286339329,
    "researchAndDevelopmentExpenses": 0,
    "generalAndAdministrativeExpenses": 0,
    "sellingAndMarketingExpenses": 0,
    "sellingGeneralAndAdministrativeExpenses": 315000000,
    "otherExpenses": 0,
    "operatingExpenses": 315000000,
    "costAndExpenses": 1696000000,
    "interestIncome": 0,
    "interestExpense": 75000000,
    "depreciationAndAmortization": 368000000,
    "ebitda": 631000000,
    "ebitdaratio": 0.3067574137,
    "operatingIncome": 361000000,
    "operatingIncomeRatio": 0.1754982985,
    "totalOtherIncomeExpensesNet": -180000000,
    "incomeBeforeTax": 181000000,
    "incomeBeforeTaxRatio": 0.0879922217,
    "incomeTaxExpense": 32000000,
    "netIncome": 148000000,
    "netIncomeRatio": 0.0719494409,
    "eps": 0.4582,
    "epsdiluted": 0.454,
    "weightedAverageShsOut": 323000000,
    "weightedAverageShsOutDil": 326000000,
    "link": "https://www.sec.gov/Archives/edgar/data/1136893/000113689319000024/0001136893-19-000024-index.html",
    "finalLink": "https://www.sec.gov/Archives/edgar/data/1136893/000113689319000024/fis-10xq03x31x2019.htm"
  },
  {
    "date": "2018-12-31",
    "symbol": "FIS",
    "reportedCurrency": "USD",
    "cik": "0001136893",
    "fillingDate": "2019-02-21",
    "acceptedDate": "2019-02-21 15:19:29",
    "calendarYear": "2018",
    "period": "Q4",
    "revenue": 2167000000,
    "costOfRevenue": 1377000000,
    "grossProfit": 790000000,
    "grossProfitRatio": 0.3645592986,
    "researchAndDevelopmentExpenses": 0,
    "generalAndAdministrativeExpenses": 0,
    "sellingAndMarketingExpenses": 0,
    "sellingGeneralAndAdministrativeExpenses": 287000000,
    "otherExpenses": 0,
    "operatingExpenses": 287000000,
    "costAndExpenses": 1664000000,
    "interestIncome": 0,
    "interestExpense": 72000000,
    "depreciationAndAmortization": 360000000,
    "ebitda": 832000000,
    "ebitdaratio": 0.3839409322,
    "operatingIncome": 503000000,
    "operatingIncomeRatio": 0.2321181357,
    "totalOtherIncomeExpensesNet": -107000000,
    "incomeBeforeTax": 396000000,
    "incomeBeforeTaxRatio": 0.1827411168,
    "incomeTaxExpense": 85000000,
    "netIncome": 299000000,
    "netIncomeRatio": 0.1379787725,
    "eps": 0.92,
    "epsdiluted": 0.91,
    "weightedAverageShsOut": 326000000,
    "weightedAverageShsOutDil": 329000000,
    "link": "https://www.sec.gov/Archives/edgar/data/1136893/000113689319000008/0001136893-19-000008-index.html",
    "finalLink": "https://www.sec.gov/Archives/edgar/data/1136893/000113689319000008/a10-k2018.htm"
  },
  {
    "date": "2018-09-30",
    "symbol": "FIS",
    "reportedCurrency": "USD",
    "cik": "0001136893",
    "fillingDate": "2018-10-30",
    "acceptedDate": "2018-10-30 16:21:12",
    "calendarYear": "2018",
    "period": "Q3",
    "revenue": 2084000000,
    "costOfRevenue": 1364000000,
    "grossProfit": 720000000,
    "grossProfitRatio": 0.3454894434,
    "researchAndDevelopmentExpenses": 0,
    "generalAndAdministrativeExpenses": 0,
    "sellingAndMarketingExpenses": 0,
    "sellingGeneralAndAdministrativeExpenses": 267000000,
    "otherExpenses": 0,
    "operatingExpenses": 267000000,
    "costAndExpenses": 1631000000,
    "interestIncome": 0,
    "interestExpense": 80000000,
    "depreciationAndAmortization": 354000000,
    "ebitda": 638000000,
    "ebitdaratio": 0.3061420345,
    "operatingIncome": 453000000,
    "operatingIncomeRatio": 0.2173704415,
    "totalOtherIncomeExpensesNet": -253000000,
    "incomeBeforeTax": 200000000,
    "incomeBeforeTaxRatio": 0.0959692898,
    "incomeTaxExpense": 37000000,
    "netIncome": 154000000,
    "netIncomeRatio": 0.0738963532,
    "eps": 0.47,
    "epsdiluted": 0.47,
    "weightedAverageShsOut": 328000000,
    "weightedAverageShsOutDil": 331000000,
    "link": "https://www.sec.gov/Archives/edgar/data/1136893/000113689318000058/0001136893-18-000058-index.html",
    "finalLink": "https://www.sec.gov/Archives/edgar/data/1136893/000113689318000058/fis-10xq09x30x2018.htm"
  },
  {
    "date": "2018-06-30",
    "symbol": "FIS",
    "reportedCurrency": "USD",
    "cik": "0001136893",
    "fillingDate": "2018-07-31",
    "acceptedDate": "2018-07-31 16:17:00",
    "calendarYear": "2018",
    "period": "Q2",
    "revenue": 2106000000,
    "costOfRevenue": 1414000000,
    "grossProfit": 692000000,
    "grossProfitRatio": 0.3285849953,
    "researchAndDevelopmentExpenses": 0,
    "generalAndAdministrativeExpenses": 0,
    "sellingAndMarketingExpenses": 0,
    "sellingGeneralAndAdministrativeExpenses": 290000000,
    "otherExpenses": 0,
    "operatingExpenses": 290000000,
    "costAndExpenses": 1704000000,
    "interestIncome": 0,
    "interestExpense": 73000000,
    "depreciationAndAmortization": 354000000,
    "ebitda": 703000000,
    "ebitdaratio": 0.3338081671,
    "operatingIncome": 402000000,
    "operatingIncomeRatio": 0.1908831909,
    "totalOtherIncomeExpensesNet": -133000000,
    "incomeBeforeTax": 269000000,
    "incomeBeforeTaxRatio": 0.1277302944,
    "incomeTaxExpense": 51000000,
    "netIncome": 212000000,
    "netIncomeRatio": 0.1006647673,
    "eps": 0.64,
    "epsdiluted": 0.64,
    "weightedAverageShsOut": 329000000,
    "weightedAverageShsOutDil": 333000000,
    "link": "https://www.sec.gov/Archives/edgar/data/1136893/000113689318000044/0001136893-18-000044-index.html",
    "finalLink": "https://www.sec.gov/Archives/edgar/data/1136893/000113689318000044/fis-10xq06x30x2018.htm"
  },
  {
    "date": "2018-03-31",
    "symbol": "FIS",
    "reportedCurrency": "USD",
    "cik": "0001136893",
    "fillingDate": "2018-05-02",
    "acceptedDate": "2018-05-02 12:12:57",
    "calendarYear": "2018",
    "period": "Q1",
    "revenue": 2066000000,
    "costOfRevenue": 1414000000,
    "grossProfit": 652000000,
    "grossProfitRatio": 0.3155856728,
    "researchAndDevelopmentExpenses": 0,
    "generalAndAdministrativeExpenses": 0,
    "sellingAndMarketingExpenses": 0,
    "sellingGeneralAndAdministrativeExpenses": 301000000,
    "otherExpenses": 0,
    "operatingExpenses": 301000000,
    "costAndExpenses": 1715000000,
    "interestIncome": 0,
    "interestExpense": 72000000,
    "depreciationAndAmortization": 352000000,
    "ebitda": 649000000,
    "ebitdaratio": 0.3141335915,
    "operatingIncome": 351000000,
    "operatingIncomeRatio": 0.169893514,
    "totalOtherIncomeExpensesNet": -127000000,
    "incomeBeforeTax": 224000000,
    "incomeBeforeTaxRatio": 0.1084220716,
    "incomeTaxExpense": 34000000,
    "netIncome": 182000000,
    "netIncomeRatio": 0.0880929332,
    "eps": 0.55,
    "epsdiluted": 0.54,
    "weightedAverageShsOut": 330000000,
    "weightedAverageShsOutDil": 334000000,
    "link": "https://www.sec.gov/Archives/edgar/data/1136893/000113689318000021/0001136893-18-000021-index.html",
    "finalLink": "https://www.sec.gov/Archives/edgar/data/1136893/000113689318000021/fis-10xq03x31x2018.htm"
  },
  {
    "date": "2017-12-31",
    "symbol": "FIS",
    "reportedCurrency": "USD",
    "cik": "0001136893",
    "fillingDate": "2018-02-22",
    "acceptedDate": "2018-02-22 15:40:21",
    "calendarYear": "2017",
    "period": "Q4",
    "revenue": 2166000000,
    "costOfRevenue": 1397000000,
    "grossProfit": 769000000,
    "grossProfitRatio": 0.3550323176,
    "researchAndDevelopmentExpenses": 0,
    "generalAndAdministrativeExpenses": 0,
    "sellingAndMarketingExpenses": 0,
    "sellingGeneralAndAdministrativeExpenses": 301000000,
    "otherExpenses": 0,
    "operatingExpenses": 301000000,
    "costAndExpenses": 1698000000,
    "interestIncome": 0,
    "interestExpense": 92000000,
    "depreciationAndAmortization": 351000000,
    "ebitda": 786000000,
    "ebitdaratio": 0.3628808864,
    "operatingIncome": 468000000,
    "operatingIncomeRatio": 0.216066482,
    "totalOtherIncomeExpensesNet": -106000000,
    "incomeBeforeTax": 362000000,
    "incomeBeforeTaxRatio": 0.1671283472,
    "incomeTaxExpense": -581000000,
    "netIncome": 934000000,
    "netIncomeRatio": 0.431209603,
    "eps": 2.81,
    "epsdiluted": 2.77,
    "weightedAverageShsOut": 332000000,
    "weightedAverageShsOutDil": 337000000,
    "link": "https://www.sec.gov/Archives/edgar/data/1136893/000113689318000011/0001136893-18-000011-index.html",
    "finalLink": "https://www.sec.gov/Archives/edgar/data/1136893/000113689318000011/a10-k2017.htm"
  },
  {
    "date": "2017-09-30",
    "symbol": "FIS",
    "reportedCurrency": "USD",
    "cik": "0001136893",
    "fillingDate": "2017-11-01",
    "acceptedDate": "2017-11-01 12:08:39",
    "calendarYear": "2017",
    "period": "Q3",
    "revenue": 2096000000,
    "costOfRevenue": 1386000000,
    "grossProfit": 710000000,
    "grossProfitRatio": 0.338740458,
    "researchAndDevelopmentExpenses": 0,
    "generalAndAdministrativeExpenses": 0,
    "sellingAndMarketingExpenses": 0,
    "sellingGeneralAndAdministrativeExpenses": 303000000,
    "otherExpenses": 0,
    "operatingExpenses": 303000000,
    "costAndExpenses": 1689000000,
    "interestIncome": 0,
    "interestExpense": 84000000,
    "depreciationAndAmortization": 342000000,
    "ebitda": 545000000,
    "ebitdaratio": 0.260019084,
    "operatingIncome": 407000000,
    "operatingIncomeRatio": 0.1941793893,
    "totalOtherIncomeExpensesNet": -288000000,
    "incomeBeforeTax": 119000000,
    "incomeBeforeTaxRatio": 0.0567748092,
    "incomeTaxExpense": 50000000,
    "netIncome": 59000000,
    "netIncomeRatio": 0.028148855,
    "eps": 0.18,
    "epsdiluted": 0.18,
    "weightedAverageShsOut": 331000000,
    "weightedAverageShsOutDil": 336000000,
    "link": "https://www.sec.gov/Archives/edgar/data/1136893/000113689317000042/0001136893-17-000042-index.html",
    "finalLink": "https://www.sec.gov/Archives/edgar/data/1136893/000113689317000042/fis-10xq09x30x2017.htm"
  },
  {
    "date": "2017-06-30",
    "symbol": "FIS",
    "reportedCurrency": "USD",
    "cik": "0001136893",
    "fillingDate": "2017-08-03",
    "acceptedDate": "2017-08-03 10:50:59",
    "calendarYear": "2017",
    "period": "Q2",
    "revenue": 2258000000,
    "costOfRevenue": 1520000000,
    "grossProfit": 738000000,
    "grossProfitRatio": 0.3268379097,
    "researchAndDevelopmentExpenses": 0,
    "generalAndAdministrativeExpenses": 0,
    "sellingAndMarketingExpenses": 0,
    "sellingGeneralAndAdministrativeExpenses": 329000000,
    "otherExpenses": 0,
    "operatingExpenses": 329000000,
    "costAndExpenses": 1849000000,
    "interestIncome": 0,
    "interestExpense": 91000000,
    "depreciationAndAmortization": 341000000,
    "ebitda": 715000000,
    "ebitdaratio": 0.3166519043,
    "operatingIncome": 409000000,
    "operatingIncomeRatio": 0.1811337467,
    "totalOtherIncomeExpensesNet": -126000000,
    "incomeBeforeTax": 283000000,
    "incomeBeforeTaxRatio": 0.1253321523,
    "incomeTaxExpense": 136000000,
    "netIncome": 139000000,
    "netIncomeRatio": 0.0615589017,
    "eps": 0.42,
    "epsdiluted": 0.42,
    "weightedAverageShsOut": 330000000,
    "weightedAverageShsOutDil": 334000000,
    "link": "https://www.sec.gov/Archives/edgar/data/1136893/000113689317000033/0001136893-17-000033-index.html",
    "finalLink": "https://www.sec.gov/Archives/edgar/data/1136893/000113689317000033/fis-10xq06x30x2017.htm"
  },
  {
    "date": "2017-03-31",
    "symbol": "FIS",
    "reportedCurrency": "USD",
    "cik": "0001136893",
    "fillingDate": "2017-05-03",
    "acceptedDate": "2017-05-03 11:11:12",
    "calendarYear": "2017",
    "period": "Q1",
    "revenue": 2255000000,
    "costOfRevenue": 1582000000,
    "grossProfit": 673000000,
    "grossProfitRatio": 0.2984478936,
    "researchAndDevelopmentExpenses": 0,
    "generalAndAdministrativeExpenses": 0,
    "sellingAndMarketingExpenses": 0,
    "sellingGeneralAndAdministrativeExpenses": 333000000,
    "otherExpenses": 0,
    "operatingExpenses": 333000000,
    "costAndExpenses": 1915000000,
    "interestIncome": 0,
    "interestExpense": 93000000,
    "depreciationAndAmortization": 339000000,
    "ebitda": 655000000,
    "ebitdaratio": 0.2904656319,
    "operatingIncome": 340000000,
    "operatingIncomeRatio": 0.1507760532,
    "totalOtherIncomeExpensesNet": -117000000,
    "incomeBeforeTax": 223000000,
    "incomeBeforeTaxRatio": 0.0988913525,
    "incomeTaxExpense": 79000000,
    "netIncome": 138000000,
    "netIncomeRatio": 0.0611973392,
    "eps": 0.42,
    "epsdiluted": 0.41,
    "weightedAverageShsOut": 328000000,
    "weightedAverageShsOutDil": 333000000,
    "link": "https://www.sec.gov/Archives/edgar/data/1136893/000113689317000019/0001136893-17-000019-index.html",
    "finalLink": "https://www.sec.gov/Archives/edgar/data/1136893/000113689317000019/fis-10xq03x31x2017.htm"
  },
  {
    "date": "2016-12-31",
    "symbol": "FIS",
    "reportedCurrency": "USD",
    "cik": "0001136893",
    "fillingDate": "2017-02-23",
    "acceptedDate": "2017-02-23 16:10:11",
    "calendarYear": "2016",
    "period": "Q4",
    "revenue": 2445000000,
    "costOfRevenue": 1553000000,
    "grossProfit": 892000000,
    "grossProfitRatio": 0.3648261759,
    "researchAndDevelopmentExpenses": 0,
    "generalAndAdministrativeExpenses": 0,
    "sellingAndMarketingExpenses": 0,
    "sellingGeneralAndAdministrativeExpenses": 460000000,
    "otherExpenses": 0,
    "operatingExpenses": 460000000,
    "costAndExpenses": 2013000000,
    "interestIncome": 0,
    "interestExpense": 98000000,
    "depreciationAndAmortization": 298000000,
    "ebitda": 729000000,
    "ebitdaratio": 0.2981595092,
    "operatingIncome": 432000000,
    "operatingIncomeRatio": 0.1766871166,
    "totalOtherIncomeExpensesNet": -99000000,
    "incomeBeforeTax": 333000000,
    "incomeBeforeTaxRatio": 0.136196319,
    "incomeTaxExpense": 117000000,
    "netIncome": 207000000,
    "netIncomeRatio": 0.0846625767,
    "eps": 0.63,
    "epsdiluted": 0.63,
    "weightedAverageShsOut": 327000000,
    "weightedAverageShsOutDil": 331000000,
    "link": "https://www.sec.gov/Archives/edgar/data/1136893/000113689317000008/0001136893-17-000008-index.html",
    "finalLink": "https://www.sec.gov/Archives/edgar/data/1136893/000113689317000008/a10-k2016.htm"
  },
  {
    "date": "2016-09-30",
    "symbol": "FIS",
    "reportedCurrency": "USD",
    "cik": "0001136893",
    "fillingDate": "2016-11-02",
    "acceptedDate": "2016-11-02 12:59:29",
    "calendarYear": "2016",
    "period": "Q3",
    "revenue": 2309000000,
    "costOfRevenue": 1527000000,
    "grossProfit": 782000000,
    "grossProfitRatio": 0.338674751,
    "researchAndDevelopmentExpenses": 0,
    "generalAndAdministrativeExpenses": 0,
    "sellingAndMarketingExpenses": 0,
    "sellingGeneralAndAdministrativeExpenses": 384000000,
    "otherExpenses": 0,
    "operatingExpenses": 384000000,
    "costAndExpenses": 1911000000,
    "interestIncome": 0,
    "interestExpense": 94000000,
    "depreciationAndAmortization": 292000000,
    "ebitda": 680000000,
    "ebitdaratio": 0.2944997835,
    "operatingIncome": 398000000,
    "operatingIncomeRatio": 0.1723689909,
    "totalOtherIncomeExpensesNet": -104000000,
    "incomeBeforeTax": 294000000,
    "incomeBeforeTaxRatio": 0.1273278476,
    "incomeTaxExpense": 103000000,
    "netIncome": 185000000,
    "netIncomeRatio": 0.0801212646,
    "eps": 0.57,
    "epsdiluted": 0.56,
    "weightedAverageShsOut": 326000000,
    "weightedAverageShsOutDil": 330000000,
    "link": "https://www.sec.gov/Archives/edgar/data/1136893/000113689316000108/0001136893-16-000108-index.html",
    "finalLink": "https://www.sec.gov/Archives/edgar/data/1136893/000113689316000108/fis-10xq09x30x2016.htm"
  },
  {
    "date": "2016-06-30",
    "symbol": "FIS",
    "reportedCurrency": "USD",
    "cik": "0001136893",
    "fillingDate": "2016-08-02",
    "acceptedDate": "2016-08-02 14:45:06",
    "calendarYear": "2016",
    "period": "Q2",
    "revenue": 2305000000,
    "costOfRevenue": 1600000000,
    "grossProfit": 705000000,
    "grossProfitRatio": 0.305856833,
    "researchAndDevelopmentExpenses": 0,
    "generalAndAdministrativeExpenses": 0,
    "sellingAndMarketingExpenses": 0,
    "sellingGeneralAndAdministrativeExpenses": 422000000,
    "otherExpenses": 0,
    "operatingExpenses": 422000000,
    "costAndExpenses": 2022000000,
    "interestIncome": 0,
    "interestExpense": 93000000,
    "depreciationAndAmortization": 291000000,
    "ebitda": 573000000,
    "ebitdaratio": 0.2485900217,
    "operatingIncome": 283000000,
    "operatingIncomeRatio": 0.1227765727,
    "totalOtherIncomeExpensesNet": -94000000,
    "incomeBeforeTax": 189000000,
    "incomeBeforeTaxRatio": 0.0819956616,
    "incomeTaxExpense": 66000000,
    "netIncome": 121000000,
    "netIncomeRatio": 0.052494577,
    "eps": 0.37,
    "epsdiluted": 0.37,
    "weightedAverageShsOut": 325000000,
    "weightedAverageShsOutDil": 329000000,
    "link": "https://www.sec.gov/Archives/edgar/data/1136893/000113689316000096/0001136893-16-000096-index.html",
    "finalLink": "https://www.sec.gov/Archives/edgar/data/1136893/000113689316000096/fis-10xq06x30x2016.htm"
  },
  {
    "date": "2016-03-31",
    "symbol": "FIS",
    "reportedCurrency": "USD",
    "cik": "0001136893",
    "fillingDate": "2016-05-04",
    "acceptedDate": "2016-05-04 11:26:41",
    "calendarYear": "2016",
    "period": "Q1",
    "revenue": 2181000000,
    "costOfRevenue": 1553000000,
    "grossProfit": 628000000,
    "grossProfitRatio": 0.2879413113,
    "researchAndDevelopmentExpenses": 0,
    "generalAndAdministrativeExpenses": 0,
    "sellingAndMarketingExpenses": 0,
    "sellingGeneralAndAdministrativeExpenses": 444000000,
    "otherExpenses": 0,
    "operatingExpenses": 444000000,
    "costAndExpenses": 1997000000,
    "interestIncome": 0,
    "interestExpense": 93000000,
    "depreciationAndAmortization": 293000000,
    "ebitda": 476000000,
    "ebitdaratio": 0.2182485099,
    "operatingIncome": 184000000,
    "operatingIncomeRatio": 0.0843649702,
    "totalOtherIncomeExpensesNet": -94000000,
    "incomeBeforeTax": 90000000,
    "incomeBeforeTaxRatio": 0.0412654746,
    "incomeTaxExpense": 31000000,
    "netIncome": 55000000,
    "netIncomeRatio": 0.02521779,
    "eps": 0.17,
    "epsdiluted": 0.17,
    "weightedAverageShsOut": 324000000,
    "weightedAverageShsOutDil": 327000000,
    "link": "https://www.sec.gov/Archives/edgar/data/1136893/000113689316000068/0001136893-16-000068-index.html",
    "finalLink": "https://www.sec.gov/Archives/edgar/data/1136893/000113689316000068/fis-10xq03x31x2016.htm"
  },
  {
    "date": "2015-12-31",
    "symbol": "FIS",
    "reportedCurrency": "USD",
    "cik": "0001136893",
    "fillingDate": "2016-02-26",
    "acceptedDate": "2016-02-26 16:51:03",
    "calendarYear": "2015",
    "period": "Q4",
    "revenue": 1874800000,
    "costOfRevenue": 1232600000,
    "grossProfit": 642200000,
    "grossProfitRatio": 0.3425432046,
    "researchAndDevelopmentExpenses": 0,
    "generalAndAdministrativeExpenses": 383400000,
    "sellingAndMarketingExpenses": 0,
    "sellingGeneralAndAdministrativeExpenses": 383400000,
    "otherExpenses": 0,
    "operatingExpenses": 383400000,
    "costAndExpenses": 1616000000,
    "interestIncome": 0,
    "interestExpense": 74600000,
    "depreciationAndAmortization": 205200000,
    "ebitda": 471300000,
    "ebitdaratio": 0.2513868146,
    "operatingIncome": 258800000,
    "operatingIncomeRatio": 0.1380413911,
    "totalOtherIncomeExpensesNet": -83000000,
    "incomeBeforeTax": 175800000,
    "incomeBeforeTaxRatio": 0.0937700021,
    "incomeTaxExpense": 64600000,
    "netIncome": 105200000,
    "netIncomeRatio": 0.056112652,
    "eps": 0.36,
    "epsdiluted": 0.35,
    "weightedAverageShsOut": 295700000,
    "weightedAverageShsOutDil": 299200000,
    "link": "https://www.sec.gov/Archives/edgar/data/1136893/000113689316000061/0001136893-16-000061-index.html",
    "finalLink": "https://www.sec.gov/Archives/edgar/data/1136893/000113689316000061/a10-k2015.htm"
  },
  {
    "date": "2015-09-30",
    "symbol": "FIS",
    "reportedCurrency": "USD",
    "cik": "0001136893",
    "fillingDate": "2015-11-05",
    "acceptedDate": "2015-11-05 15:24:50",
    "calendarYear": "2015",
    "period": "Q3",
    "revenue": 1578800000,
    "costOfRevenue": 1022000000,
    "grossProfit": 556800000,
    "grossProfitRatio": 0.3526729161,
    "researchAndDevelopmentExpenses": 0,
    "generalAndAdministrativeExpenses": 0,
    "sellingAndMarketingExpenses": 0,
    "sellingGeneralAndAdministrativeExpenses": 219200000,
    "otherExpenses": 0,
    "operatingExpenses": 219000000,
    "costAndExpenses": 1240500000,
    "interestIncome": 0,
    "interestExpense": 36000000,
    "depreciationAndAmortization": 156000000,
    "ebitda": 474000000,
    "ebitdaratio": 0.3002280213,
    "operatingIncome": 338000000,
    "operatingIncomeRatio": 0.2140866481,
    "totalOtherIncomeExpensesNet": -56000000,
    "incomeBeforeTax": 282000000,
    "incomeBeforeTaxRatio": 0.1786166709,
    "incomeTaxExpense": 100000000,
    "netIncome": 175000000,
    "netIncomeRatio": 0.1108436787,
    "eps": 0.62,
    "epsdiluted": 0.62,
    "weightedAverageShsOut": 282258064,
    "weightedAverageShsOutDil": 283800000,
    "link": "https://www.sec.gov/Archives/edgar/data/1136893/000113689315000048/0001136893-15-000048-index.html",
    "finalLink": "https://www.sec.gov/Archives/edgar/data/1136893/000113689315000048/fis-10xq09x30x2015.htm"
  },
  {
    "date": "2015-06-30",
    "symbol": "FIS",
    "reportedCurrency": "USD",
    "cik": "0001136893",
    "fillingDate": "2015-08-06",
    "acceptedDate": "2015-08-06 15:59:25",
    "calendarYear": "2015",
    "period": "Q2",
    "revenue": 1587000000,
    "costOfRevenue": 1069000000,
    "grossProfit": 518000000,
    "grossProfitRatio": 0.3264020164,
    "researchAndDevelopmentExpenses": 0,
    "generalAndAdministrativeExpenses": 0,
    "sellingAndMarketingExpenses": 0,
    "sellingGeneralAndAdministrativeExpenses": 230800000,
    "otherExpenses": 0,
    "operatingExpenses": 230800000,
    "costAndExpenses": 1300000000,
    "interestIncome": 0,
    "interestExpense": 36000000,
    "depreciationAndAmortization": 154500000,
    "ebitda": 594000000,
    "ebitdaratio": 0.3742911153,
    "operatingIncome": 287000000,
    "operatingIncomeRatio": 0.1808443604,
    "totalOtherIncomeExpensesNet": 116000000,
    "incomeBeforeTax": 403000000,
    "incomeBeforeTaxRatio": 0.2539382483,
    "incomeTaxExpense": 156000000,
    "netIncome": 240000000,
    "netIncomeRatio": 0.1512287335,
    "eps": 0.85,
    "epsdiluted": 0.84,
    "weightedAverageShsOut": 281000000,
    "weightedAverageShsOutDil": 284400000,
    "link": "https://www.sec.gov/Archives/edgar/data/1136893/000113689315000037/0001136893-15-000037-index.html",
    "finalLink": "https://www.sec.gov/Archives/edgar/data/1136893/000113689315000037/fis-10xq06x30x2015.htm"
  },
  {
    "date": "2015-03-31",
    "symbol": "FIS",
    "reportedCurrency": "USD",
    "cik": "0001136893",
    "fillingDate": "2015-05-08",
    "acceptedDate": "2015-05-08 12:24:17",
    "calendarYear": "2015",
    "period": "Q1",
    "revenue": 1554800000,
    "costOfRevenue": 1070300000,
    "grossProfit": 484500000,
    "grossProfitRatio": 0.3116156419,
    "researchAndDevelopmentExpenses": 0,
    "generalAndAdministrativeExpenses": 0,
    "sellingAndMarketingExpenses": 0,
    "sellingGeneralAndAdministrativeExpenses": 269400000,
    "otherExpenses": 0,
    "operatingExpenses": 269400000,
    "costAndExpenses": 1339700000,
    "interestIncome": 0,
    "interestExpense": 37000000,
    "depreciationAndAmortization": 153400000,
    "ebitda": 366000000,
    "ebitdaratio": 0.2354000515,
    "operatingIncome": 215000000,
    "operatingIncomeRatio": 0.138281451,
    "totalOtherIncomeExpensesNet": -39000000,
    "incomeBeforeTax": 176000000,
    "incomeBeforeTaxRatio": 0.113197839,
    "incomeTaxExpense": 58000000,
    "netIncome": 111000000,
    "netIncomeRatio": 0.0713918189,
    "eps": 0.39,
    "epsdiluted": 0.39,
    "weightedAverageShsOut": 283000000,
    "weightedAverageShsOutDil": 287000000,
    "link": "https://www.sec.gov/Archives/edgar/data/1136893/000113689315000020/0001136893-15-000020-index.html",
    "finalLink": "https://www.sec.gov/Archives/edgar/data/1136893/000113689315000020/fis-10xq03x31x2015.htm"
  },
  {
    "date": "2014-12-31",
    "symbol": "FIS",
    "reportedCurrency": "USD",
    "cik": "0001136893",
    "fillingDate": "2015-02-27",
    "acceptedDate": "2015-02-27 14:44:38",
    "calendarYear": "2014",
    "period": "Q4",
    "revenue": 1689100000,
    "costOfRevenue": 1117200000,
    "grossProfit": 571900000,
    "grossProfitRatio": 0.3385826772,
    "researchAndDevelopmentExpenses": 0,
    "generalAndAdministrativeExpenses": 220800000,
    "sellingAndMarketingExpenses": 0,
    "sellingGeneralAndAdministrativeExpenses": 220800000,
    "otherExpenses": 0,
    "operatingExpenses": 220800000,
    "costAndExpenses": 1338000000,
    "interestIncome": 0,
    "interestExpense": 36800000,
    "depreciationAndAmortization": 160200000,
    "ebitda": 523400000,
    "ebitdaratio": 0.3098691611,
    "operatingIncome": 351100000,
    "operatingIncomeRatio": 0.2078621751,
    "totalOtherIncomeExpensesNet": -40000000,
    "incomeBeforeTax": 311100000,
    "incomeBeforeTaxRatio": 0.1841809248,
    "incomeTaxExpense": 101400000,
    "netIncome": 195300000,
    "netIncomeRatio": 0.1156237049,
    "eps": 0.69,
    "epsdiluted": 0.68,
    "weightedAverageShsOut": 282800000,
    "weightedAverageShsOutDil": 286500000,
    "link": "https://www.sec.gov/Archives/edgar/data/1136893/000113689315000006/0001136893-15-000006-index.htm",
    "finalLink": "https://www.sec.gov/Archives/edgar/data/1136893/000113689315000006/a10-k2014.htm"
  },
  {
    "date": "2014-09-30",
    "symbol": "FIS",
    "reportedCurrency": "USD",
    "cik": "0001136893",
    "fillingDate": "2014-11-07",
    "acceptedDate": "2014-11-07 12:48:21",
    "calendarYear": "2014",
    "period": "Q3",
    "revenue": 1605300000,
    "costOfRevenue": 1075100000,
    "grossProfit": 530200000,
    "grossProfitRatio": 0.3302809444,
    "researchAndDevelopmentExpenses": 0,
    "generalAndAdministrativeExpenses": 0,
    "sellingAndMarketingExpenses": 0,
    "sellingGeneralAndAdministrativeExpenses": 206500000,
    "otherExpenses": 0,
    "operatingExpenses": 206500000,
    "costAndExpenses": 1281600000,
    "interestIncome": 0,
    "interestExpense": 37700000,
    "depreciationAndAmortization": 157000000,
    "ebitda": 425900000,
    "ebitdaratio": 0.265308665,
    "operatingIncome": 323700000,
    "operatingIncomeRatio": 0.2016445524,
    "totalOtherIncomeExpensesNet": -92500000,
    "incomeBeforeTax": 231200000,
    "incomeBeforeTaxRatio": 0.1440229241,
    "incomeTaxExpense": 72100000,
    "netIncome": 150500000,
    "netIncomeRatio": 0.0937519467,
    "eps": 0.53,
    "epsdiluted": 0.52,
    "weightedAverageShsOut": 283100000,
    "weightedAverageShsOutDil": 287000000,
    "link": "https://www.sec.gov/Archives/edgar/data/1136893/000113689314000059/0001136893-14-000059-index.html",
    "finalLink": "https://www.sec.gov/Archives/edgar/data/1136893/000113689314000059/fis-10xq09x30x2014.htm"
  },
  {
    "date": "2014-06-30",
    "symbol": "FIS",
    "reportedCurrency": "USD",
    "cik": "0001136893",
    "fillingDate": "2014-08-07",
    "acceptedDate": "2014-08-07 14:53:04",
    "calendarYear": "2014",
    "period": "Q2",
    "revenue": 1599100000,
    "costOfRevenue": 1092800000,
    "grossProfit": 506300000,
    "grossProfitRatio": 0.3166155963,
    "researchAndDevelopmentExpenses": 0,
    "generalAndAdministrativeExpenses": 0,
    "sellingAndMarketingExpenses": 0,
    "sellingGeneralAndAdministrativeExpenses": 196600000,
    "otherExpenses": 0,
    "operatingExpenses": 196600000,
    "costAndExpenses": 1289400000,
    "interestIncome": 0,
    "interestExpense": 41900000,
    "depreciationAndAmortization": 156500000,
    "ebitda": 466200000,
    "ebitdaratio": 0.2915389907,
    "operatingIncome": 309700000,
    "operatingIncomeRatio": 0.1936714402,
    "totalOtherIncomeExpensesNet": -43100000,
    "incomeBeforeTax": 266600000,
    "incomeBeforeTaxRatio": 0.1667187793,
    "incomeTaxExpense": 80400000,
    "netIncome": 178800000,
    "netIncomeRatio": 0.1118128948,
    "eps": 0.63,
    "epsdiluted": 0.62,
    "weightedAverageShsOut": 285500000,
    "weightedAverageShsOutDil": 289200000,
    "link": "https://www.sec.gov/Archives/edgar/data/1136893/000113689314000038/0001136893-14-000038-index.html",
    "finalLink": "https://www.sec.gov/Archives/edgar/data/1136893/000113689314000038/fis-10xq06x30x2014.htm"
  },
  {
    "date": "2014-03-31",
    "symbol": "FIS",
    "reportedCurrency": "USD",
    "cik": "0001136893",
    "fillingDate": "2014-05-07",
    "acceptedDate": "2014-05-07 13:36:07",
    "calendarYear": "2014",
    "period": "Q1",
    "revenue": 1520300000,
    "costOfRevenue": 1050000000,
    "grossProfit": 470300000,
    "grossProfitRatio": 0.3093468394,
    "researchAndDevelopmentExpenses": 0,
    "generalAndAdministrativeExpenses": 0,
    "sellingAndMarketingExpenses": 0,
    "sellingGeneralAndAdministrativeExpenses": 186600000,
    "otherExpenses": 0,
    "operatingExpenses": 186600000,
    "costAndExpenses": 1236600000,
    "interestIncome": 0,
    "interestExpense": 41100000,
    "depreciationAndAmortization": 152600000,
    "ebitda": 438700000,
    "ebitdaratio": 0.2885614681,
    "operatingIncome": 286100000,
    "operatingIncomeRatio": 0.1881865421,
    "totalOtherIncomeExpensesNet": -41600000,
    "incomeBeforeTax": 244500000,
    "incomeBeforeTaxRatio": 0.1608235217,
    "incomeTaxExpense": 81200000,
    "netIncome": 154500000,
    "netIncomeRatio": 0.1016246793,
    "eps": 0.54,
    "epsdiluted": 0.53,
    "weightedAverageShsOut": 288000000,
    "weightedAverageShsOutDil": 291900000,
    "link": "https://www.sec.gov/Archives/edgar/data/1136893/000113689314000020/0001136893-14-000020-index.html",
    "finalLink": "https://www.sec.gov/Archives/edgar/data/1136893/000113689314000020/fis-10xq03x31x2014.htm"
  },
  {
    "date": "2013-12-31",
    "symbol": "FIS",
    "reportedCurrency": "USD",
    "cik": "0001136893",
    "fillingDate": "2014-02-28",
    "acceptedDate": "2014-02-28 15:32:02",
    "calendarYear": "2013",
    "period": "Q4",
    "revenue": 1578500000,
    "costOfRevenue": 1054800000,
    "grossProfit": 523700000,
    "grossProfitRatio": 0.3317706684,
    "researchAndDevelopmentExpenses": 0,
    "generalAndAdministrativeExpenses": 300100000,
    "sellingAndMarketingExpenses": 0,
    "sellingGeneralAndAdministrativeExpenses": 300100000,
    "otherExpenses": 0,
    "operatingExpenses": 300100000,
    "costAndExpenses": 1354900000,
    "interestIncome": 0,
    "interestExpense": 43400000,
    "depreciationAndAmortization": 157200000,
    "ebitda": 390900000,
    "ebitdaratio": 0.2476401647,
    "operatingIncome": 223600000,
    "operatingIncomeRatio": 0.1416534685,
    "totalOtherIncomeExpensesNet": -43700000,
    "incomeBeforeTax": 179900000,
    "incomeBeforeTaxRatio": 0.1139689579,
    "incomeTaxExpense": 95200000,
    "netIncome": 71900000,
    "netIncomeRatio": 0.0455495724,
    "eps": 0.25,
    "epsdiluted": 0.25,
    "weightedAverageShsOut": 288700000,
    "weightedAverageShsOutDil": 293000000,
    "link": "https://www.sec.gov/Archives/edgar/data/1136893/000113689314000009/0001136893-14-000009-index.htm",
    "finalLink": "https://www.sec.gov/Archives/edgar/data/1136893/000113689314000009/fis-10k12312013.htm"
  },
  {
    "date": "2013-09-30",
    "symbol": "FIS",
    "reportedCurrency": "USD",
    "cik": "0001136893",
    "fillingDate": "2013-11-01",
    "acceptedDate": "2013-11-01 15:19:42",
    "calendarYear": "2013",
    "period": "Q3",
    "revenue": 1501700000,
    "costOfRevenue": 994600000,
    "grossProfit": 507100000,
    "grossProfitRatio": 0.3376839582,
    "researchAndDevelopmentExpenses": 0,
    "generalAndAdministrativeExpenses": 0,
    "sellingAndMarketingExpenses": 0,
    "sellingGeneralAndAdministrativeExpenses": 189000000,
    "otherExpenses": 0,
    "operatingExpenses": 189000000,
    "costAndExpenses": 1183600000,
    "interestIncome": 0,
    "interestExpense": 43700000,
    "depreciationAndAmortization": 151900000,
    "ebitda": 469600000,
    "ebitdaratio": 0.3127122594,
    "operatingIncome": 317700000,
    "operatingIncomeRatio": 0.2115602317,
    "totalOtherIncomeExpensesNet": -37800000,
    "incomeBeforeTax": 279900000,
    "incomeBeforeTaxRatio": 0.1863887594,
    "incomeTaxExpense": 97800000,
    "netIncome": 172300000,
    "netIncomeRatio": 0.1147366318,
    "eps": 0.6,
    "epsdiluted": 0.59,
    "weightedAverageShsOut": 289200000,
    "weightedAverageShsOutDil": 293200000,
    "link": "https://www.sec.gov/Archives/edgar/data/1136893/000113689313000053/0001136893-13-000053-index.html",
    "finalLink": "https://www.sec.gov/Archives/edgar/data/1136893/000113689313000053/fis-10xq09x30x2013.htm"
  },
  {
    "date": "2013-06-30",
    "symbol": "FIS",
    "reportedCurrency": "USD",
    "cik": "0001136893",
    "fillingDate": "2013-08-02",
    "acceptedDate": "2013-08-02 14:42:10",
    "calendarYear": "2013",
    "period": "Q2",
    "revenue": 1512500000,
    "costOfRevenue": 1028200000,
    "grossProfit": 484300000,
    "grossProfitRatio": 0.3201983471,
    "researchAndDevelopmentExpenses": 0,
    "generalAndAdministrativeExpenses": 0,
    "sellingAndMarketingExpenses": 0,
    "sellingGeneralAndAdministrativeExpenses": 236700000,
    "otherExpenses": 0,
    "operatingExpenses": 236700000,
    "costAndExpenses": 1264900000,
    "interestIncome": 0,
    "interestExpense": 49400000,
    "depreciationAndAmortization": 152300000,
    "ebitda": 247600000,
    "ebitdaratio": 0.1637024793,
    "operatingIncome": 248700000,
    "operatingIncomeRatio": 0.1644297521,
    "totalOtherIncomeExpensesNet": -111300000,
    "incomeBeforeTax": 137400000,
    "incomeBeforeTaxRatio": 0.0908429752,
    "incomeTaxExpense": 41200000,
    "netIncome": 104800000,
    "netIncomeRatio": 0.0692892562,
    "eps": 0.36,
    "epsdiluted": 0.36,
    "weightedAverageShsOut": 289900000,
    "weightedAverageShsOutDil": 294300000,
    "link": "https://www.sec.gov/Archives/edgar/data/1136893/000113689313000037/0001136893-13-000037-index.html",
    "finalLink": "https://www.sec.gov/Archives/edgar/data/1136893/000113689313000037/fis-10xq06x30x2013.htm"
  },
  {
    "date": "2013-03-31",
    "symbol": "FIS",
    "reportedCurrency": "USD",
    "cik": "0001136893",
    "fillingDate": "2013-05-02",
    "acceptedDate": "2013-05-02 16:52:52",
    "calendarYear": "2013",
    "period": "Q1",
    "revenue": 1478000000,
    "costOfRevenue": 1008000000,
    "grossProfit": 470000000,
    "grossProfitRatio": 0.3179972936,
    "researchAndDevelopmentExpenses": 0,
    "generalAndAdministrativeExpenses": 0,
    "sellingAndMarketingExpenses": 0,
    "sellingGeneralAndAdministrativeExpenses": 194900000,
    "otherExpenses": 0,
    "operatingExpenses": 194900000,
    "costAndExpenses": 1202900000,
    "interestIncome": 0,
    "interestExpense": 51700000,
    "depreciationAndAmortization": 153200000,
    "ebitda": 433400000,
    "ebitdaratio": 0.2932341001,
    "operatingIncome": 275100000,
    "operatingIncomeRatio": 0.1861299053,
    "totalOtherIncomeExpensesNet": -46600000,
    "incomeBeforeTax": 228500000,
    "incomeBeforeTaxRatio": 0.1546008119,
    "incomeTaxExpense": 75200000,
    "netIncome": 144100000,
    "netIncomeRatio": 0.0974966171,
    "eps": 0.5,
    "epsdiluted": 0.49,
    "weightedAverageShsOut": 291000000,
    "weightedAverageShsOutDil": 295500000,
    "link": "https://www.sec.gov/Archives/edgar/data/1136893/000113689313000021/0001136893-13-000021-index.html",
    "finalLink": "https://www.sec.gov/Archives/edgar/data/1136893/000113689313000021/fis-10xq03x31x2013.htm"
  },
  {
    "date": "2012-12-31",
    "symbol": "FIS",
    "reportedCurrency": "USD",
    "cik": "0001136893",
    "fillingDate": "2013-02-26",
    "acceptedDate": "2013-02-26 16:32:09",
    "calendarYear": "2012",
    "period": "Q4",
    "revenue": 1500100000,
    "costOfRevenue": 1007500000,
    "grossProfit": 492600000,
    "grossProfitRatio": 0.3283781081,
    "researchAndDevelopmentExpenses": 0,
    "generalAndAdministrativeExpenses": 206500000,
    "sellingAndMarketingExpenses": 0,
    "sellingGeneralAndAdministrativeExpenses": 206500000,
    "otherExpenses": 0,
    "operatingExpenses": 206500000,
    "costAndExpenses": 1214000000,
    "interestIncome": 8600000,
    "interestExpense": 61300000,
    "depreciationAndAmortization": 159600000,
    "ebitda": 453200000,
    "ebitdaratio": 0.3021131925,
    "operatingIncome": 286100000,
    "operatingIncomeRatio": 0.1907206186,
    "totalOtherIncomeExpensesNet": -53800000,
    "incomeBeforeTax": 232300000,
    "incomeBeforeTaxRatio": 0.1548563429,
    "incomeTaxExpense": 78900000,
    "netIncome": 136700000,
    "netIncomeRatio": 0.0911272582,
    "eps": 0.47,
    "epsdiluted": 0.46,
    "weightedAverageShsOut": 292300000,
    "weightedAverageShsOutDil": 297800000,
    "link": "https://www.sec.gov/Archives/edgar/data/1136893/000113689313000011/0001136893-13-000011-index.html",
    "finalLink": "https://www.sec.gov/Archives/edgar/data/1136893/000113689313000011/fis-201212x31x2012.htm"
  },
  {
    "date": "2012-09-30",
    "symbol": "FIS",
    "reportedCurrency": "USD",
    "cik": "0001136893",
    "fillingDate": "2012-11-07",
    "acceptedDate": "2012-11-07 08:30:48",
    "calendarYear": "2012",
    "period": "Q3",
    "revenue": 1436900000,
    "costOfRevenue": 968800000,
    "grossProfit": 468100000,
    "grossProfitRatio": 0.3257707565,
    "researchAndDevelopmentExpenses": 0,
    "generalAndAdministrativeExpenses": 0,
    "sellingAndMarketingExpenses": 0,
    "sellingGeneralAndAdministrativeExpenses": 180200000,
    "otherExpenses": 0,
    "operatingExpenses": 180200000,
    "costAndExpenses": 1149000000,
    "interestIncome": 0,
    "interestExpense": 54000000,
    "depreciationAndAmortization": 156000000,
    "ebitda": 442400000,
    "ebitdaratio": 0.3078850303,
    "operatingIncome": 287900000,
    "operatingIncomeRatio": 0.2003618902,
    "totalOtherIncomeExpensesNet": -55500000,
    "incomeBeforeTax": 232400000,
    "incomeBeforeTaxRatio": 0.1617370729,
    "incomeTaxExpense": 79000000,
    "netIncome": 86800000,
    "netIncomeRatio": 0.0604078224,
    "eps": 0.3,
    "epsdiluted": 0.29,
    "weightedAverageShsOut": 292400000,
    "weightedAverageShsOutDil": 297900000,
    "link": "https://www.sec.gov/Archives/edgar/data/1136893/000113689312000054/0001136893-12-000054-index.html",
    "finalLink": "https://www.sec.gov/Archives/edgar/data/1136893/000113689312000054/fis-10xq09x30x2012.htm"
  },
  {
    "date": "2012-06-30",
    "symbol": "FIS",
    "reportedCurrency": "USD",
    "cik": "0001136893",
    "fillingDate": "2012-08-06",
    "acceptedDate": "2012-08-06 15:04:22",
    "calendarYear": "2012",
    "period": "Q2",
    "revenue": 1457200000,
    "costOfRevenue": 981100000,
    "grossProfit": 476100000,
    "grossProfitRatio": 0.3267224815,
    "researchAndDevelopmentExpenses": 0,
    "generalAndAdministrativeExpenses": 193400000,
    "sellingAndMarketingExpenses": 0,
    "sellingGeneralAndAdministrativeExpenses": 193400000,
    "otherExpenses": 0,
    "operatingExpenses": 193400000,
    "costAndExpenses": 1174500000,
    "interestIncome": 0,
    "interestExpense": 56600000,
    "depreciationAndAmortization": 159100000,
    "ebitda": 440000000,
    "ebitdaratio": 0.3019489432,
    "operatingIncome": 282700000,
    "operatingIncomeRatio": 0.194002196,
    "totalOtherIncomeExpensesNet": -58400000,
    "incomeBeforeTax": 224300000,
    "incomeBeforeTaxRatio": 0.1539253363,
    "incomeTaxExpense": 65300000,
    "netIncome": 150600000,
    "netIncomeRatio": 0.1033488883,
    "eps": 0.51,
    "epsdiluted": 0.5,
    "weightedAverageShsOut": 292700000,
    "weightedAverageShsOutDil": 298300000,
    "link": "https://www.sec.gov/Archives/edgar/data/1136893/000113689312000046/0001136893-12-000046-index.html",
    "finalLink": "https://www.sec.gov/Archives/edgar/data/1136893/000113689312000046/fis-10xq06x30x2012.htm"
  },
  {
    "date": "2012-03-31",
    "symbol": "FIS",
    "reportedCurrency": "USD",
    "cik": "0001136893",
    "fillingDate": "2012-05-04",
    "acceptedDate": "2012-05-04 12:19:46",
    "calendarYear": "2012",
    "period": "Q1",
    "revenue": 1446900000,
    "costOfRevenue": 1010300000,
    "grossProfit": 436600000,
    "grossProfitRatio": 0.3017485659,
    "researchAndDevelopmentExpenses": 0,
    "generalAndAdministrativeExpenses": 207100000,
    "sellingAndMarketingExpenses": 0,
    "sellingGeneralAndAdministrativeExpenses": 207100000,
    "otherExpenses": 0,
    "operatingExpenses": 207100000,
    "costAndExpenses": 1217400000,
    "interestIncome": 0,
    "interestExpense": 59400000,
    "depreciationAndAmortization": 158100000,
    "ebitda": 359700000,
    "ebitdaratio": 0.2486004561,
    "operatingIncome": 229500000,
    "operatingIncomeRatio": 0.1586149699,
    "totalOtherIncomeExpensesNet": -87300000,
    "incomeBeforeTax": 142200000,
    "incomeBeforeTaxRatio": 0.0982790794,
    "incomeTaxExpense": 47700000,
    "netIncome": 87100000,
    "netIncomeRatio": 0.060197664,
    "eps": 0.3,
    "epsdiluted": 0.29,
    "weightedAverageShsOut": 289700000,
    "weightedAverageShsOutDil": 295400000,
    "link": "https://www.sec.gov/Archives/edgar/data/1136893/000113689312000030/0001136893-12-000030-index.htm",
    "finalLink": "https://www.sec.gov/Archives/edgar/data/1136893/000113689312000030/fis-201203312012.htm"
  },
  {
    "date": "2011-12-31",
    "symbol": "FIS",
    "reportedCurrency": "USD",
    "cik": "0001136893",
    "fillingDate": "2012-02-24",
    "acceptedDate": "2012-02-24 09:30:48",
    "calendarYear": "2011",
    "period": "Q4",
    "revenue": 1494400000,
    "costOfRevenue": 1010200000,
    "grossProfit": 484200000,
    "grossProfitRatio": 0.324009636,
    "researchAndDevelopmentExpenses": 0,
    "generalAndAdministrativeExpenses": 157500000,
    "sellingAndMarketingExpenses": 0,
    "sellingGeneralAndAdministrativeExpenses": 157500000,
    "otherExpenses": 0,
    "operatingExpenses": 157500000,
    "costAndExpenses": 1176800000,
    "interestIncome": 6000000,
    "interestExpense": 70500000,
    "depreciationAndAmortization": 165600000,
    "ebitda": 423100000,
    "ebitdaratio": 0.2831236617,
    "operatingIncome": 317600000,
    "operatingIncomeRatio": 0.2125267666,
    "totalOtherIncomeExpensesNet": -130600000,
    "incomeBeforeTax": 187000000,
    "incomeBeforeTaxRatio": 0.125133833,
    "incomeTaxExpense": 59000000,
    "netIncome": 117000000,
    "netIncomeRatio": 0.0782922912,
    "eps": 0.4,
    "epsdiluted": 0.4,
    "weightedAverageShsOut": 289700000,
    "weightedAverageShsOutDil": 289700000,
    "link": "https://www.sec.gov/Archives/edgar/data/1136893/000113689312000017/0001136893-12-000017-index.html",
    "finalLink": "https://www.sec.gov/Archives/edgar/data/1136893/000113689312000017/fis-201112312011.htm"
  },
  {
    "date": "2011-09-30",
    "symbol": "FIS",
    "reportedCurrency": "USD",
    "cik": "0001136893",
    "fillingDate": "2011-11-04",
    "acceptedDate": "2011-11-04 12:04:38",
    "calendarYear": "2011",
    "period": "Q3",
    "revenue": 1426200000,
    "costOfRevenue": 984300000,
    "grossProfit": 441900000,
    "grossProfitRatio": 0.3098443416,
    "researchAndDevelopmentExpenses": 0,
    "generalAndAdministrativeExpenses": 165500000,
    "sellingAndMarketingExpenses": 0,
    "sellingGeneralAndAdministrativeExpenses": 165500000,
    "otherExpenses": 0,
    "operatingExpenses": 165500000,
    "costAndExpenses": 1149800000,
    "interestIncome": 0,
    "interestExpense": 60500000,
    "depreciationAndAmortization": 161600000,
    "ebitda": 434000000,
    "ebitdaratio": 0.3043051465,
    "operatingIncome": 276400000,
    "operatingIncomeRatio": 0.1938017108,
    "totalOtherIncomeExpensesNet": -64500000,
    "incomeBeforeTax": 211900000,
    "incomeBeforeTaxRatio": 0.1485766372,
    "incomeTaxExpense": 64600000,
    "netIncome": 136300000,
    "netIncomeRatio": 0.0955686439,
    "eps": 0.45,
    "epsdiluted": 0.44,
    "weightedAverageShsOut": 300900000,
    "weightedAverageShsOutDil": 306800000,
    "link": "https://www.sec.gov/Archives/edgar/data/1136893/000113689311000024/0001136893-11-000024-index.html",
    "finalLink": "https://www.sec.gov/Archives/edgar/data/1136893/000113689311000024/fis-201109302011.htm"
  },
  {
    "date": "2011-06-30",
    "symbol": "FIS",
    "reportedCurrency": "USD",
    "cik": "0001136893",
    "fillingDate": "2011-08-04",
    "acceptedDate": "2011-08-04 16:02:31",
    "calendarYear": "2011",
    "period": "Q2",
    "revenue": 1441700000,
    "costOfRevenue": 1007500000,
    "grossProfit": 434200000,
    "grossProfitRatio": 0.3011722272,
    "researchAndDevelopmentExpenses": 0,
    "generalAndAdministrativeExpenses": 175300000,
    "sellingAndMarketingExpenses": 0,
    "sellingGeneralAndAdministrativeExpenses": 175300000,
    "otherExpenses": 0,
    "operatingExpenses": 175300000,
    "costAndExpenses": 1182800000,
    "interestIncome": 0,
    "interestExpense": 65800000,
    "depreciationAndAmortization": 155600000,
    "ebitda": 414700000,
    "ebitdaratio": 0.2876465284,
    "operatingIncome": 254600000,
    "operatingIncomeRatio": 0.1765970729,
    "totalOtherIncomeExpensesNet": -66000000,
    "incomeBeforeTax": 188600000,
    "incomeBeforeTaxRatio": 0.1308177846,
    "incomeTaxExpense": 60200000,
    "netIncome": 123500000,
    "netIncomeRatio": 0.0856627592,
    "eps": 0.41,
    "epsdiluted": 0.4,
    "weightedAverageShsOut": 303600000,
    "weightedAverageShsOutDil": 310900000,
    "link": "https://www.sec.gov/Archives/edgar/data/1136893/000113689311000010/0001136893-11-000010-index.html",
    "finalLink": "https://www.sec.gov/Archives/edgar/data/1136893/000113689311000010/fis-201106302011.htm"
  },
  {
    "date": "2011-03-31",
    "symbol": "FIS",
    "reportedCurrency": "USD",
    "cik": "0001136893",
    "fillingDate": "2011-05-06",
    "acceptedDate": "2011-05-06 14:05:33",
    "calendarYear": "2011",
    "period": "Q1",
    "revenue": 1383400000,
    "costOfRevenue": 996000000,
    "grossProfit": 387400000,
    "grossProfitRatio": 0.2800346971,
    "researchAndDevelopmentExpenses": 0,
    "generalAndAdministrativeExpenses": 173500000,
    "sellingAndMarketingExpenses": 0,
    "sellingGeneralAndAdministrativeExpenses": 173500000,
    "otherExpenses": 0,
    "operatingExpenses": 173500000,
    "costAndExpenses": 1169500000,
    "interestIncome": 0,
    "interestExpense": 68000000,
    "depreciationAndAmortization": 154400000,
    "ebitda": 365000000,
    "ebitdaratio": 0.2638427064,
    "operatingIncome": 213900000,
    "operatingIncomeRatio": 0.1546190545,
    "totalOtherIncomeExpensesNet": -64700000,
    "incomeBeforeTax": 149200000,
    "incomeBeforeTaxRatio": 0.1078502241,
    "incomeTaxExpense": 52300000,
    "netIncome": 92800000,
    "netIncomeRatio": 0.0670811045,
    "eps": 0.31,
    "epsdiluted": 0.3,
    "weightedAverageShsOut": 301500000,
    "weightedAverageShsOutDil": 308700000,
    "link": "https://www.sec.gov/Archives/edgar/data/1136893/000095012311046453/0000950123-11-046453-index.html",
    "finalLink": "https://www.sec.gov/Archives/edgar/data/1136893/000095012311046453/fis-2011331x10q.htm"
  },
  {
    "date": "2010-12-31",
    "symbol": "FIS",
    "reportedCurrency": "USD",
    "cik": "0001136893",
    "fillingDate": "2011-02-25",
    "acceptedDate": "2011-02-25 14:22:40",
    "calendarYear": "2010",
    "period": "Q4",
    "revenue": 1396300000,
    "costOfRevenue": 956800000,
    "grossProfit": 439500000,
    "grossProfitRatio": 0.3147604383,
    "researchAndDevelopmentExpenses": 0,
    "generalAndAdministrativeExpenses": 186000000,
    "sellingAndMarketingExpenses": 0,
    "sellingGeneralAndAdministrativeExpenses": 186000000,
    "otherExpenses": 0,
    "operatingExpenses": 186000000,
    "costAndExpenses": 1142800000,
    "interestIncome": 6400000,
    "interestExpense": 71300000,
    "depreciationAndAmortization": 159700000,
    "ebitda": 408100000,
    "ebitdaratio": 0.2922724343,
    "operatingIncome": 253500000,
    "operatingIncomeRatio": 0.1815512426,
    "totalOtherIncomeExpensesNet": -76400000,
    "incomeBeforeTax": 177100000,
    "incomeBeforeTaxRatio": 0.1268352073,
    "incomeTaxExpense": 54100000,
    "netIncome": 110600000,
    "netIncomeRatio": 0.079209339,
    "eps": 0.37,
    "epsdiluted": 0.37,
    "weightedAverageShsOut": 299300000,
    "weightedAverageShsOutDil": 305400000,
    "link": "https://www.sec.gov/Archives/edgar/data/1136893/000095012311018522/0000950123-11-018522-index.htm",
    "finalLink": "https://www.sec.gov/Archives/edgar/data/1136893/000095012311018522/fis12311010k.htm"
  },
  {
    "date": "2010-09-30",
    "symbol": "FIS",
    "reportedCurrency": "USD",
    "cik": "0001136893",
    "fillingDate": "2010-11-05",
    "acceptedDate": "2010-11-05 15:06:44",
    "calendarYear": "2010",
    "period": "Q3",
    "revenue": 1367200000,
    "costOfRevenue": 897300000,
    "grossProfit": 469900000,
    "grossProfitRatio": 0.3436951434,
    "researchAndDevelopmentExpenses": 0,
    "generalAndAdministrativeExpenses": 138900000,
    "sellingAndMarketingExpenses": 0,
    "sellingGeneralAndAdministrativeExpenses": 138900000,
    "otherExpenses": 0,
    "operatingExpenses": 138900000,
    "costAndExpenses": 1036200000,
    "interestIncome": 0,
    "interestExpense": 60900000,
    "depreciationAndAmortization": 154700000,
    "ebitda": 348700000,
    "ebitdaratio": 0.255046811,
    "operatingIncome": 176100000,
    "operatingIncomeRatio": 0.1288033938,
    "totalOtherIncomeExpensesNet": -43000000,
    "incomeBeforeTax": 133100000,
    "incomeBeforeTaxRatio": 0.0973522528,
    "incomeTaxExpense": 48200000,
    "netIncome": 110400000,
    "netIncomeRatio": 0.080748976,
    "eps": 0.33,
    "epsdiluted": 0.33,
    "weightedAverageShsOut": 332200000,
    "weightedAverageShsOutDil": 339200000,
    "link": "https://www.sec.gov/Archives/edgar/data/1136893/000095012310101624/0000950123-10-101624-index.html",
    "finalLink": "https://www.sec.gov/Archives/edgar/data/1136893/000095012310101624/g24532e10vq.htm"
  },
  {
    "date": "2010-06-30",
    "symbol": "FIS",
    "reportedCurrency": "USD",
    "cik": "0001136893",
    "fillingDate": "2010-08-04",
    "acceptedDate": "2010-08-04 12:07:23",
    "calendarYear": "2010",
    "period": "Q2",
    "revenue": 1286100000,
    "costOfRevenue": 912200000,
    "grossProfit": 373900000,
    "grossProfitRatio": 0.2907238939,
    "researchAndDevelopmentExpenses": 0,
    "generalAndAdministrativeExpenses": 197000000,
    "sellingAndMarketingExpenses": 0,
    "sellingGeneralAndAdministrativeExpenses": 197000000,
    "otherExpenses": 0,
    "operatingExpenses": 197000000,
    "costAndExpenses": 1109200000,
    "interestIncome": 1100000,
    "interestExpense": 19300000,
    "depreciationAndAmortization": 152300000,
    "ebitda": 323800000,
    "ebitdaratio": 0.2517689138,
    "operatingIncome": 176900000,
    "operatingIncomeRatio": 0.1375476246,
    "totalOtherIncomeExpensesNet": -24700000,
    "incomeBeforeTax": 152200000,
    "incomeBeforeTaxRatio": 0.1183422751,
    "incomeTaxExpense": 56100000,
    "netIncome": 89900000,
    "netIncomeRatio": 0.0699012518,
    "eps": 0.24,
    "epsdiluted": 0.23,
    "weightedAverageShsOut": 376500000,
    "weightedAverageShsOutDil": 384600000,
    "link": "https://www.sec.gov/Archives/edgar/data/1136893/000095012310072296/0000950123-10-072296-index.html",
    "finalLink": "https://www.sec.gov/Archives/edgar/data/1136893/000095012310072296/g22173e10vq.htm"
  },
  {
    "date": "2010-03-31",
    "symbol": "FIS",
    "reportedCurrency": "USD",
    "cik": "0001136893",
    "fillingDate": "2010-05-05",
    "acceptedDate": "2010-05-05 14:48:49",
    "calendarYear": "2010",
    "period": "Q1",
    "revenue": 1249600000,
    "costOfRevenue": 907200000,
    "grossProfit": 342400000,
    "grossProfitRatio": 0.2740076825,
    "researchAndDevelopmentExpenses": 0,
    "generalAndAdministrativeExpenses": 158600000,
    "sellingAndMarketingExpenses": 0,
    "sellingGeneralAndAdministrativeExpenses": 158600000,
    "otherExpenses": 0,
    "operatingExpenses": 158600000,
    "costAndExpenses": 1065800000,
    "interestIncome": 0,
    "interestExpense": 28200000,
    "depreciationAndAmortization": 152800000,
    "ebitda": 334900000,
    "ebitdaratio": 0.2680057618,
    "operatingIncome": 183800000,
    "operatingIncomeRatio": 0.1470870679,
    "totalOtherIncomeExpensesNet": -29900000,
    "incomeBeforeTax": 153900000,
    "incomeBeforeTaxRatio": 0.123159411,
    "incomeTaxExpense": 56900000,
    "netIncome": 93600000,
    "netIncomeRatio": 0.0749039693,
    "eps": 0.25,
    "epsdiluted": 0.25,
    "weightedAverageShsOut": 373300000,
    "weightedAverageShsOutDil": 379900000,
    "link": "https://www.sec.gov/Archives/edgar/data/1136893/000095012310044403/0000950123-10-044403-index.html",
    "finalLink": "https://www.sec.gov/Archives/edgar/data/1136893/000095012310044403/g22840e10vq.htm"
  },
  {
    "date": "2009-12-31",
    "symbol": "FIS",
    "reportedCurrency": "USD",
    "cik": "0001136893",
    "fillingDate": "2010-02-26",
    "acceptedDate": "2010-02-26 10:07:18",
    "calendarYear": "2009",
    "period": "Q4",
    "revenue": 1286200000,
    "costOfRevenue": 1003100000,
    "grossProfit": 283100000,
    "grossProfitRatio": 0.2201057378,
    "researchAndDevelopmentExpenses": 0,
    "generalAndAdministrativeExpenses": 284400000,
    "sellingAndMarketingExpenses": -11800000,
    "sellingGeneralAndAdministrativeExpenses": 272600000,
    "otherExpenses": 70500000,
    "operatingExpenses": 343100000,
    "costAndExpenses": 1339200000,
    "interestIncome": 700000,
    "interestExpense": 37000000,
    "depreciationAndAmortization": 155600000,
    "ebitda": 99800000,
    "ebitdaratio": 0.0775929093,
    "operatingIncome": -57100000,
    "operatingIncomeRatio": -0.0443943399,
    "totalOtherIncomeExpensesNet": -35700000,
    "incomeBeforeTax": -92800000,
    "incomeBeforeTaxRatio": -0.0721505209,
    "incomeTaxExpense": -33700000,
    "netIncome": -53900000,
    "netIncomeRatio": -0.0419063909,
    "eps": -0.14,
    "epsdiluted": -0.14,
    "weightedAverageShsOut": 236400000,
    "weightedAverageShsOutDil": 239400000,
    "link": "https://www.sec.gov/Archives/edgar/data/1136893/000095012310017631/0000950123-10-017631-index.html",
    "finalLink": "https://www.sec.gov/Archives/edgar/data/1136893/000095012310017631/g21226e10vk.htm"
  },
  {
    "date": "2009-09-30",
    "symbol": "FIS",
    "reportedCurrency": "USD",
    "cik": "0001136893",
    "fillingDate": "2009-11-05",
    "acceptedDate": "2009-11-05 15:55:38",
    "calendarYear": "2009",
    "period": "Q3",
    "revenue": 850700000,
    "costOfRevenue": 600500000,
    "grossProfit": 250200000,
    "grossProfitRatio": 0.2941107323,
    "researchAndDevelopmentExpenses": 22300000,
    "generalAndAdministrativeExpenses": 92200000,
    "sellingAndMarketingExpenses": 0,
    "sellingGeneralAndAdministrativeExpenses": 92200000,
    "otherExpenses": 0,
    "operatingExpenses": 114500000,
    "costAndExpenses": 715000000,
    "interestIncome": 1400000,
    "interestExpense": 33200000,
    "depreciationAndAmortization": 94300000,
    "ebitda": 229600000,
    "ebitdaratio": 0.2698953803,
    "operatingIncome": 135700000,
    "operatingIncomeRatio": 0.159515693,
    "totalOtherIncomeExpensesNet": -32200000,
    "incomeBeforeTax": 103500000,
    "incomeBeforeTaxRatio": 0.1216645116,
    "incomeTaxExpense": 35500000,
    "netIncome": 67600000,
    "netIncomeRatio": 0.0794639708,
    "eps": 0.35,
    "epsdiluted": 0.35,
    "weightedAverageShsOut": 191100000,
    "weightedAverageShsOutDil": 194600000,
    "link": "https://www.sec.gov/Archives/edgar/data/1136893/000095012309058365/0000950123-09-058365-index.html",
    "finalLink": "https://www.sec.gov/Archives/edgar/data/1136893/000095012309058365/g20663e10vq.htm"
  },
  {
    "date": "2009-06-30",
    "symbol": "FIS",
    "reportedCurrency": "USD",
    "cik": "0001136893",
    "fillingDate": "2009-08-05",
    "acceptedDate": "2009-08-05 17:25:00",
    "calendarYear": "2009",
    "period": "Q2",
    "revenue": 834800000,
    "costOfRevenue": 602700000,
    "grossProfit": 232100000,
    "grossProfitRatio": 0.278030666,
    "researchAndDevelopmentExpenses": 21500000,
    "generalAndAdministrativeExpenses": 93200000,
    "sellingAndMarketingExpenses": 0,
    "sellingGeneralAndAdministrativeExpenses": 93200000,
    "otherExpenses": 0,
    "operatingExpenses": 114700000,
    "costAndExpenses": 717400000,
    "interestIncome": 500000,
    "interestExpense": 31800000,
    "depreciationAndAmortization": 92100000,
    "ebitda": 211000000,
    "ebitdaratio": 0.2527551509,
    "operatingIncome": 117400000,
    "operatingIncomeRatio": 0.1406324868,
    "totalOtherIncomeExpensesNet": -29800000,
    "incomeBeforeTax": 87600000,
    "incomeBeforeTaxRatio": 0.1049353138,
    "incomeTaxExpense": 30100000,
    "netIncome": 59200000,
    "netIncomeRatio": 0.0709151893,
    "eps": 0.31,
    "epsdiluted": 0.31,
    "weightedAverageShsOut": 190300000,
    "weightedAverageShsOutDil": 192700000,
    "link": "https://www.sec.gov/Archives/edgar/data/1136893/000095012309030426/0000950123-09-030426-index.html",
    "finalLink": "https://www.sec.gov/Archives/edgar/data/1136893/000095012309030426/g16913e10vq.htm"
  },
  {
    "date": "2009-03-31",
    "symbol": "FIS",
    "reportedCurrency": "USD",
    "cik": "0001136893",
    "fillingDate": "2009-05-06",
    "acceptedDate": "2009-05-06 16:33:26",
    "calendarYear": "2009",
    "period": "Q1",
    "revenue": 797800000,
    "costOfRevenue": 594300000,
    "grossProfit": 203500000,
    "grossProfitRatio": 0.2550764603,
    "researchAndDevelopmentExpenses": 22600000,
    "generalAndAdministrativeExpenses": 99000000,
    "sellingAndMarketingExpenses": 0,
    "sellingGeneralAndAdministrativeExpenses": 99000000,
    "otherExpenses": 0,
    "operatingExpenses": 121600000,
    "costAndExpenses": 715900000,
    "interestIncome": 800000,
    "interestExpense": 32000000,
    "depreciationAndAmortization": 92000000,
    "ebitda": 173000000,
    "ebitdaratio": 0.2168463274,
    "operatingIncome": 81900000,
    "operatingIncomeRatio": 0.1026573076,
    "totalOtherIncomeExpensesNet": -32100000,
    "incomeBeforeTax": 49800000,
    "incomeBeforeTaxRatio": 0.0624216596,
    "incomeTaxExpense": 17100000,
    "netIncome": 33000000,
    "netIncomeRatio": 0.0413637503,
    "eps": 0.17,
    "epsdiluted": 0.17,
    "weightedAverageShsOut": 190000000,
    "weightedAverageShsOutDil": 191600000,
    "link": "https://www.sec.gov/Archives/edgar/data/1136893/000095014409003968/0000950144-09-003968-index.html",
    "finalLink": "https://www.sec.gov/Archives/edgar/data/1136893/000095014409003968/g18957e10vq.htm"
  },
  {
    "date": "2008-12-31",
    "symbol": "FIS",
    "reportedCurrency": "USD",
    "cik": "0001136893",
    "fillingDate": "2009-02-27",
    "acceptedDate": "2009-02-27 12:19:24",
    "calendarYear": "2008",
    "period": "Q4",
    "revenue": 835280000,
    "costOfRevenue": 652605000,
    "grossProfit": 182675000,
    "grossProfitRatio": 0.2186991189,
    "researchAndDevelopmentExpenses": 11492000,
    "generalAndAdministrativeExpenses": 80554000,
    "sellingAndMarketingExpenses": 0,
    "sellingGeneralAndAdministrativeExpenses": 80554000,
    "otherExpenses": 0,
    "operatingExpenses": 92046000,
    "costAndExpenses": 744651000,
    "interestIncome": 0,
    "interestExpense": 0,
    "depreciationAndAmortization": 121637000,
    "ebitda": 212266000,
    "ebitdaratio": 0.2541255627,
    "operatingIncome": 90629000,
    "operatingIncomeRatio": 0.1085013409,
    "totalOtherIncomeExpensesNet": -28557000,
    "incomeBeforeTax": 62072000,
    "incomeBeforeTaxRatio": 0.0743128053,
    "incomeTaxExpense": 20119000,
    "netIncome": 28770000,
    "netIncomeRatio": 0.0344435399,
    "eps": 0.15,
    "epsdiluted": 0.15,
    "weightedAverageShsOut": 189800000,
    "weightedAverageShsOutDil": 190000000,
    "link": "https://www.sec.gov/Archives/edgar/data/1136893/000095014409001697/0000950144-09-001697-index.html",
    "finalLink": "https://www.sec.gov/Archives/edgar/data/1136893/000095014409001697/g17808e10vk.htm"
  },
  {
    "date": "2008-09-30",
    "symbol": "FIS",
    "reportedCurrency": "USD",
    "cik": "0001136893",
    "fillingDate": "2008-11-10",
    "acceptedDate": "2008-11-07 18:00:29",
    "calendarYear": "2008",
    "period": "Q3",
    "revenue": 893844000,
    "costOfRevenue": 661995000,
    "grossProfit": 231849000,
    "grossProfitRatio": 0.2593841878,
    "researchAndDevelopmentExpenses": 26155000,
    "generalAndAdministrativeExpenses": 79944000,
    "sellingAndMarketingExpenses": 0,
    "sellingGeneralAndAdministrativeExpenses": 79944000,
    "otherExpenses": 0,
    "operatingExpenses": 106099000,
    "costAndExpenses": 768094000,
    "interestIncome": 1000000,
    "interestExpense": 47700000,
    "depreciationAndAmortization": 100000000,
    "ebitda": 220700000,
    "ebitdaratio": 0.2469110941,
    "operatingIncome": 125750000,
    "operatingIncomeRatio": 0.1406845042,
    "totalOtherIncomeExpensesNet": -52750000,
    "incomeBeforeTax": 73000000,
    "incomeBeforeTaxRatio": 0.0816697321,
    "incomeTaxExpense": 27000000,
    "netIncome": 43600000,
    "netIncomeRatio": 0.0487780866,
    "eps": 0.23,
    "epsdiluted": 0.23,
    "weightedAverageShsOut": 189541000,
    "weightedAverageShsOutDil": 191800000,
    "link": "https://www.sec.gov/Archives/edgar/data/1136893/000095014408008312/0000950144-08-008312-index.html",
    "finalLink": "https://www.sec.gov/Archives/edgar/data/1136893/000095014408008312/g16520e10vq.htm"
  },
  {
    "date": "2008-06-30",
    "symbol": "FIS",
    "reportedCurrency": "USD",
    "cik": "0001136893",
    "fillingDate": "2008-08-08",
    "acceptedDate": "2008-08-08 17:12:46",
    "calendarYear": "2008",
    "period": "Q2",
    "revenue": 1339038000,
    "costOfRevenue": 962964000,
    "grossProfit": 376074000,
    "grossProfitRatio": 0.2808538667,
    "researchAndDevelopmentExpenses": 26567000,
    "generalAndAdministrativeExpenses": 175384000,
    "sellingAndMarketingExpenses": 0,
    "sellingGeneralAndAdministrativeExpenses": 175384000,
    "otherExpenses": 0,
    "operatingExpenses": 201951000,
    "costAndExpenses": 1164915000,
    "interestIncome": 1500000,
    "interestExpense": 43600000,
    "depreciationAndAmortization": 120400000,
    "ebitda": 180900000,
    "ebitdaratio": 0.1350969875,
    "operatingIncome": 174123000,
    "operatingIncomeRatio": 0.1300358914,
    "totalOtherIncomeExpensesNet": -157223000,
    "incomeBeforeTax": 16900000,
    "incomeBeforeTaxRatio": 0.012621001,
    "incomeTaxExpense": 3300000,
    "netIncome": 71900000,
    "netIncomeRatio": 0.0536952648,
    "eps": 0.37,
    "epsdiluted": 0.37,
    "weightedAverageShsOut": 192538000,
    "weightedAverageShsOutDil": 194400000,
    "link": "https://www.sec.gov/Archives/edgar/data/1136893/000089256908001102/0000892569-08-001102-index.html",
    "finalLink": "https://www.sec.gov/Archives/edgar/data/1136893/000089256908001102/a42910e10vq.htm"
  },
  {
    "date": "2008-03-31",
    "symbol": "FIS",
    "reportedCurrency": "USD",
    "cik": "0001136893",
    "fillingDate": "2008-05-09",
    "acceptedDate": "2008-05-08 20:44:24",
    "calendarYear": "2008",
    "period": "Q1",
    "revenue": 830300000,
    "costOfRevenue": 648700000,
    "grossProfit": 181600000,
    "grossProfitRatio": 0.2187161267,
    "researchAndDevelopmentExpenses": 19300000,
    "generalAndAdministrativeExpenses": 163551000,
    "sellingAndMarketingExpenses": 0,
    "sellingGeneralAndAdministrativeExpenses": 163551000,
    "otherExpenses": 0,
    "operatingExpenses": 130400000,
    "costAndExpenses": 1119174000,
    "interestIncome": 2800000,
    "interestExpense": 38800000,
    "depreciationAndAmortization": 124100000,
    "ebitda": 176900000,
    "ebitdaratio": 0.2130555221,
    "operatingIncome": 51200000,
    "operatingIncomeRatio": 0.0616644586,
    "totalOtherIncomeExpensesNet": -37200000,
    "incomeBeforeTax": 14000000,
    "incomeBeforeTaxRatio": 0.0168613754,
    "incomeTaxExpense": 3300000,
    "netIncome": 70500000,
    "netIncomeRatio": 0.084909069,
    "eps": 0.36,
    "epsdiluted": 0.36,
    "weightedAverageShsOut": 194500000,
    "weightedAverageShsOutDil": 196500000,
    "link": "https://www.sec.gov/Archives/edgar/data/1136893/000095013408008975/0000950134-08-008975-index.html",
    "finalLink": "https://www.sec.gov/Archives/edgar/data/1136893/000095013408008975/a40580e10vq.htm"
  },
  {
    "date": "2007-12-31",
    "symbol": "FIS",
    "reportedCurrency": "USD",
    "cik": "0001136893",
    "fillingDate": "2008-02-29",
    "acceptedDate": "2008-02-29 17:20:09",
    "calendarYear": "2007",
    "period": "Q4",
    "revenue": 1330414000,
    "costOfRevenue": 931788000,
    "grossProfit": 398626000,
    "grossProfitRatio": 0.2996255301,
    "researchAndDevelopmentExpenses": 36345000,
    "generalAndAdministrativeExpenses": 140208000,
    "sellingAndMarketingExpenses": 0,
    "sellingGeneralAndAdministrativeExpenses": 140208000,
    "otherExpenses": 0,
    "operatingExpenses": 169369000,
    "costAndExpenses": 1101157000,
    "interestIncome": 0,
    "interestExpense": 0,
    "depreciationAndAmortization": 139298000,
    "ebitda": 368555000,
    "ebitdaratio": 0.2770227914,
    "operatingIncome": 229257000,
    "operatingIncomeRatio": 0.1723200447,
    "totalOtherIncomeExpensesNet": -55497000,
    "incomeBeforeTax": 173760000,
    "incomeBeforeTaxRatio": 0.1306059618,
    "incomeTaxExpense": 64290000,
    "netIncome": 108411000,
    "netIncomeRatio": 0.0814866651,
    "eps": 0.56,
    "epsdiluted": 0.55,
    "weightedAverageShsOut": 193800000,
    "weightedAverageShsOutDil": 196500000,
    "link": "https://www.sec.gov/Archives/edgar/data/1136893/000089256908000207/0000892569-08-000207-index.htm",
    "finalLink": "https://www.sec.gov/Archives/edgar/data/1136893/000089256908000207/a38312e10vk.htm"
  },
  {
    "date": "2007-09-30",
    "symbol": "FIS",
    "reportedCurrency": "USD",
    "cik": "0001136893",
    "fillingDate": "2007-11-09",
    "acceptedDate": "2007-11-09 17:20:03",
    "calendarYear": "2007",
    "period": "Q3",
    "revenue": 712812000,
    "costOfRevenue": 838912000,
    "grossProfit": -126100000,
    "grossProfitRatio": -0.1769049904,
    "researchAndDevelopmentExpenses": 17579000,
    "generalAndAdministrativeExpenses": 123802000,
    "sellingAndMarketingExpenses": 0,
    "sellingGeneralAndAdministrativeExpenses": 123802000,
    "otherExpenses": 0,
    "operatingExpenses": 150258000,
    "costAndExpenses": 989170000,
    "interestIncome": 0,
    "interestExpense": 0,
    "depreciationAndAmortization": 135227000,
    "ebitda": 195075000,
    "ebitdaratio": 0.2736696352,
    "operatingIncome": 59848000,
    "operatingIncomeRatio": 0.0839604272,
    "totalOtherIncomeExpensesNet": 148634000,
    "incomeBeforeTax": 208482000,
    "incomeBeforeTaxRatio": 0.2924782411,
    "incomeTaxExpense": 75238000,
    "netIncome": 245304000,
    "netIncomeRatio": 0.3441356206,
    "eps": 1.27,
    "epsdiluted": 1.25,
    "weightedAverageShsOut": 193171000,
    "weightedAverageShsOutDil": 196649000,
    "link": "https://www.sec.gov/Archives/edgar/data/1136893/000089256907001400/0000892569-07-001400-index.html",
    "finalLink": "https://www.sec.gov/Archives/edgar/data/1136893/000089256907001400/a35541e10vq.htm"
  },
  {
    "date": "2007-06-30",
    "symbol": "FIS",
    "reportedCurrency": "USD",
    "cik": "0001136893",
    "fillingDate": "2007-08-09",
    "acceptedDate": "2007-08-09 17:22:11",
    "calendarYear": "2007",
    "period": "Q2",
    "revenue": 1176238000,
    "costOfRevenue": 842946000,
    "grossProfit": 333292000,
    "grossProfitRatio": 0.2833542191,
    "researchAndDevelopmentExpenses": 23588000,
    "generalAndAdministrativeExpenses": 125770000,
    "sellingAndMarketingExpenses": 0,
    "sellingGeneralAndAdministrativeExpenses": 125770000,
    "otherExpenses": 0,
    "operatingExpenses": 149358000,
    "costAndExpenses": 992304000,
    "interestIncome": 0,
    "interestExpense": 0,
    "depreciationAndAmortization": 114004000,
    "ebitda": 293373000,
    "ebitdaratio": 0.2494163596,
    "operatingIncome": 179369000,
    "operatingIncomeRatio": 0.152493798,
    "totalOtherIncomeExpensesNet": 50376000,
    "incomeBeforeTax": 229745000,
    "incomeBeforeTaxRatio": 0.1953218651,
    "incomeTaxExpense": 86533000,
    "netIncome": 148004000,
    "netIncomeRatio": 0.1258282763,
    "eps": 0.77,
    "epsdiluted": 0.75,
    "weightedAverageShsOut": 192743000,
    "weightedAverageShsOutDil": 196977000,
    "link": "https://www.sec.gov/Archives/edgar/data/1136893/000089256907001021/0000892569-07-001021-index.htm",
    "finalLink": "https://www.sec.gov/Archives/edgar/data/1136893/000089256907001021/a32859e10vq.htm"
  },
  {
    "date": "2007-03-31",
    "symbol": "FIS",
    "reportedCurrency": "USD",
    "cik": "0001136893",
    "fillingDate": "2007-05-08",
    "acceptedDate": "2007-05-08 16:15:49",
    "calendarYear": "2007",
    "period": "Q1",
    "revenue": 1124066000,
    "costOfRevenue": 813316000,
    "grossProfit": 310750000,
    "grossProfitRatio": 0.2764517386,
    "researchAndDevelopmentExpenses": 27109000,
    "generalAndAdministrativeExpenses": 119483000,
    "sellingAndMarketingExpenses": 0,
    "sellingGeneralAndAdministrativeExpenses": 119483000,
    "otherExpenses": 0,
    "operatingExpenses": 146592000,
    "costAndExpenses": 959908000,
    "interestIncome": 0,
    "interestExpense": 0,
    "depreciationAndAmortization": 138936000,
    "ebitda": 297804000,
    "ebitdaratio": 0.2649346213,
    "operatingIncome": 158868000,
    "operatingIncomeRatio": 0.1413333381,
    "totalOtherIncomeExpensesNet": -70891000,
    "incomeBeforeTax": 87977000,
    "incomeBeforeTaxRatio": 0.0782667566,
    "incomeTaxExpense": 34745000,
    "netIncome": 59503000,
    "netIncomeRatio": 0.0529355038,
    "eps": 0.31,
    "epsdiluted": 0.3,
    "weightedAverageShsOut": 191898000,
    "weightedAverageShsOutDil": 195807000,
    "link": "https://www.sec.gov/Archives/edgar/data/1136893/000089256907000631/0000892569-07-000631-index.html",
    "finalLink": "https://www.sec.gov/Archives/edgar/data/1136893/000089256907000631/a30004e10vq.htm"
  },
  {
    "date": "2006-12-31",
    "symbol": "FIS",
    "reportedCurrency": "USD",
    "cik": "0001136893",
    "fillingDate": "2007-03-01",
    "acceptedDate": "2007-03-01 17:21:02",
    "calendarYear": "2006",
    "period": "Q4",
    "revenue": 1129069000,
    "costOfRevenue": 814932000,
    "grossProfit": 314137000,
    "grossProfitRatio": 0.2782265743,
    "researchAndDevelopmentExpenses": 28019000,
    "generalAndAdministrativeExpenses": 121209000,
    "sellingAndMarketingExpenses": 0,
    "sellingGeneralAndAdministrativeExpenses": 121209000,
    "otherExpenses": 0,
    "operatingExpenses": 149228000,
    "costAndExpenses": 964160000,
    "interestIncome": 0,
    "interestExpense": 0,
    "depreciationAndAmortization": 115246000,
    "ebitda": 280155000,
    "ebitdaratio": 0.2481292109,
    "operatingIncome": 164909000,
    "operatingIncomeRatio": 0.146057504,
    "totalOtherIncomeExpensesNet": -48343000,
    "incomeBeforeTax": 116566000,
    "incomeBeforeTaxRatio": 0.1032408117,
    "incomeTaxExpense": 43235000,
    "netIncome": 75120000,
    "netIncomeRatio": 0.066532692,
    "eps": 0.39,
    "epsdiluted": 0.39,
    "weightedAverageShsOut": 185926000,
    "weightedAverageShsOutDil": 189196000,
    "link": "https://www.sec.gov/Archives/edgar/data/1136893/000089256907000185/0000892569-07-000185-index.htm",
    "finalLink": "https://www.sec.gov/Archives/edgar/data/1136893/000089256907000185/a27617e10vk.htm"
  },
  {
    "date": "2006-09-30",
    "symbol": "FIS",
    "reportedCurrency": "USD",
    "cik": "0001136893",
    "fillingDate": "2006-11-09",
    "acceptedDate": "2006-11-09 15:35:19",
    "calendarYear": "2006",
    "period": "Q3",
    "revenue": 1080651000,
    "costOfRevenue": 772580000,
    "grossProfit": 308071000,
    "grossProfitRatio": 0.2850790866,
    "researchAndDevelopmentExpenses": 25855000,
    "generalAndAdministrativeExpenses": 112724000,
    "sellingAndMarketingExpenses": 0,
    "sellingGeneralAndAdministrativeExpenses": 112724000,
    "otherExpenses": 0,
    "operatingExpenses": 138579000,
    "costAndExpenses": 911159000,
    "interestIncome": 0,
    "interestExpense": 0,
    "depreciationAndAmortization": 112615000,
    "ebitda": 275130000,
    "ebitdaratio": 0.2545965349,
    "operatingIncome": 162515000,
    "operatingIncomeRatio": 0.1503862024,
    "totalOtherIncomeExpensesNet": -49866000,
    "incomeBeforeTax": 112649000,
    "incomeBeforeTaxRatio": 0.104241795,
    "incomeTaxExpense": 42799000,
    "netIncome": 78580000,
    "netIncomeRatio": 0.072715428,
    "eps": 0.41,
    "epsdiluted": 0.41,
    "weightedAverageShsOut": 190680000,
    "weightedAverageShsOutDil": 193626000,
    "link": "https://www.sec.gov/Archives/edgar/data/1136893/000089256906001348/0000892569-06-001348-index.htm",
    "finalLink": "https://www.sec.gov/Archives/edgar/data/1136893/000089256906001348/a25061e10vq.htm"
  },
  {
    "date": "2006-06-30",
    "symbol": "FIS",
    "reportedCurrency": "USD",
    "cik": "0001136893",
    "fillingDate": "2006-08-09",
    "acceptedDate": "2006-08-09 16:41:25",
    "calendarYear": "2006",
    "period": "Q2",
    "revenue": 1021946000,
    "costOfRevenue": 719718000,
    "grossProfit": 302228000,
    "grossProfitRatio": 0.2957377396,
    "researchAndDevelopmentExpenses": 23646000,
    "generalAndAdministrativeExpenses": 125866000,
    "sellingAndMarketingExpenses": 0,
    "sellingGeneralAndAdministrativeExpenses": 125866000,
    "otherExpenses": 0,
    "operatingExpenses": 149512000,
    "costAndExpenses": 869230000,
    "interestIncome": 0,
    "interestExpense": 0,
    "depreciationAndAmortization": 111783000,
    "ebitda": 264499000,
    "ebitdaratio": 0.2588189591,
    "operatingIncome": 152716000,
    "operatingIncomeRatio": 0.1494364673,
    "totalOtherIncomeExpensesNet": -46634000,
    "incomeBeforeTax": 106082000,
    "incomeBeforeTaxRatio": 0.1038039192,
    "incomeTaxExpense": 40629000,
    "netIncome": 66029000,
    "netIncomeRatio": 0.064611046,
    "eps": 0.34,
    "epsdiluted": 0.34,
    "weightedAverageShsOut": 192224000,
    "weightedAverageShsOutDil": 195374000,
    "link": "https://www.sec.gov/Archives/edgar/data/1136893/000089256906000968/0000892569-06-000968-index.htm",
    "finalLink": "https://www.sec.gov/Archives/edgar/data/1136893/000089256906000968/a22899e10vq.htm"
  },
  {
    "date": "2006-03-31",
    "symbol": "FIS",
    "reportedCurrency": "USD",
    "cik": "0001136893",
    "fillingDate": "2006-05-10",
    "acceptedDate": "2006-05-10 16:47:41",
    "calendarYear": "2006",
    "period": "Q1",
    "revenue": 900936000,
    "costOfRevenue": 622337000,
    "grossProfit": 278599000,
    "grossProfitRatio": 0.3092328423,
    "researchAndDevelopmentExpenses": 28060000,
    "generalAndAdministrativeExpenses": 145729000,
    "sellingAndMarketingExpenses": 0,
    "sellingGeneralAndAdministrativeExpenses": 145729000,
    "otherExpenses": 0,
    "operatingExpenses": 173789000,
    "costAndExpenses": 796126000,
    "interestIncome": 0,
    "interestExpense": 0,
    "depreciationAndAmortization": 97882000,
    "ebitda": 202692000,
    "ebitdaratio": 0.2249793548,
    "operatingIncome": 104810000,
    "operatingIncomeRatio": 0.1163345676,
    "totalOtherIncomeExpensesNet": -43487000,
    "incomeBeforeTax": 61323000,
    "incomeBeforeTaxRatio": 0.0680658782,
    "incomeTaxExpense": 23487000,
    "netIncome": 39358000,
    "netIncomeRatio": 0.043685678,
    "eps": 0.23,
    "epsdiluted": 0.23,
    "weightedAverageShsOut": 169989000,
    "weightedAverageShsOutDil": 172987000,
    "link": "https://www.sec.gov/Archives/edgar/data/1136893/000089256906000699/0000892569-06-000699-index.htm",
    "finalLink": "https://www.sec.gov/Archives/edgar/data/1136893/000089256906000699/a20489e10vq.htm"
  },
  {
    "date": "2005-12-31",
    "symbol": "FIS",
    "reportedCurrency": "USD",
    "cik": "0001136893",
    "fillingDate": "2006-03-16",
    "acceptedDate": "2006-03-16 06:33:15",
    "calendarYear": "2005",
    "period": "Q4",
    "revenue": 295886000,
    "costOfRevenue": 202826000,
    "grossProfit": 93060000,
    "grossProfitRatio": 0.3145130219,
    "researchAndDevelopmentExpenses": 0,
    "generalAndAdministrativeExpenses": 28692000,
    "sellingAndMarketingExpenses": 0,
    "sellingGeneralAndAdministrativeExpenses": 28692000,
    "otherExpenses": 2860000,
    "operatingExpenses": 28692000,
    "costAndExpenses": 234378000,
    "interestIncome": 0,
    "interestExpense": 0,
    "depreciationAndAmortization": 16512000,
    "ebitda": 80880000,
    "ebitdaratio": 0.2733485194,
    "operatingIncome": 61508000,
    "operatingIncomeRatio": 0.2078773582,
    "totalOtherIncomeExpensesNet": -2132000,
    "incomeBeforeTax": 59376000,
    "incomeBeforeTaxRatio": 0.2006718804,
    "incomeTaxExpense": 22958000,
    "netIncome": 36310000,
    "netIncomeRatio": 0.1227161812,
    "eps": 0.21,
    "epsdiluted": 0.21,
    "weightedAverageShsOut": 169989000,
    "weightedAverageShsOutDil": 169989000,
    "link": "https://www.sec.gov/Archives/edgar/data/1136893/000095013406005253/0000950134-06-005253-index.htm",
    "finalLink": "https://www.sec.gov/Archives/edgar/data/1136893/000095013406005253/a18325e10vk.htm"
  },
  {
    "date": "2005-09-30",
    "symbol": "FIS",
    "reportedCurrency": "USD",
    "cik": "0001136893",
    "fillingDate": "2005-11-07",
    "acceptedDate": "2005-11-07 16:25:29",
    "calendarYear": "2005",
    "period": "Q3",
    "revenue": 282774000,
    "costOfRevenue": 201997000,
    "grossProfit": 80777000,
    "grossProfitRatio": 0.285659219,
    "researchAndDevelopmentExpenses": 0,
    "generalAndAdministrativeExpenses": 30749000,
    "sellingAndMarketingExpenses": 0,
    "sellingGeneralAndAdministrativeExpenses": 30749000,
    "otherExpenses": 0,
    "operatingExpenses": 126592000,
    "costAndExpenses": 232746000,
    "interestIncome": 0,
    "interestExpense": 0,
    "depreciationAndAmortization": 70782000,
    "ebitda": 194505000,
    "ebitdaratio": 0.6878461245,
    "operatingIncome": 123723000,
    "operatingIncomeRatio": 0.4375331537,
    "totalOtherIncomeExpensesNet": -34937000,
    "incomeBeforeTax": 88786000,
    "incomeBeforeTaxRatio": 0.3139821907,
    "incomeTaxExpense": -17900000,
    "netIncome": 57892000,
    "netIncomeRatio": 0.2047288647,
    "eps": 0.45,
    "epsdiluted": 0.45,
    "weightedAverageShsOut": 127920000,
    "weightedAverageShsOutDil": 127920000,
    "link": "https://www.sec.gov/Archives/edgar/data/1136893/000119312505218231/0001193125-05-218231-index.htm",
    "finalLink": "https://www.sec.gov/Archives/edgar/data/1136893/000119312505218231/d10q.htm"
  },
  {
    "date": "2005-06-30",
    "symbol": "FIS",
    "reportedCurrency": "USD",
    "cik": "0001136893",
    "fillingDate": "2005-08-04",
    "acceptedDate": "2005-08-04 10:19:37",
    "calendarYear": "2005",
    "period": "Q2",
    "revenue": 276023000,
    "costOfRevenue": 196466000,
    "grossProfit": 79557000,
    "grossProfitRatio": 0.2882259812,
    "researchAndDevelopmentExpenses": 0,
    "generalAndAdministrativeExpenses": 36180000,
    "sellingAndMarketingExpenses": 0,
    "sellingGeneralAndAdministrativeExpenses": 36180000,
    "otherExpenses": 0,
    "operatingExpenses": 137621000,
    "costAndExpenses": 232646000,
    "interestIncome": 0,
    "interestExpense": 0,
    "depreciationAndAmortization": 75363000,
    "ebitda": 192951000,
    "ebitdaratio": 0.6990395728,
    "operatingIncome": 43377000,
    "operatingIncomeRatio": 0.1571499476,
    "totalOtherIncomeExpensesNet": 38182000,
    "incomeBeforeTax": 81559000,
    "incomeBeforeTaxRatio": 0.2954789999,
    "incomeTaxExpense": 31380000,
    "netIncome": 48576000,
    "netIncomeRatio": 0.1759853346,
    "eps": 0.38,
    "epsdiluted": 0.38,
    "weightedAverageShsOut": 127920000,
    "weightedAverageShsOutDil": 127920000,
    "link": "https://www.sec.gov/Archives/edgar/data/1136893/000119312505157220/0001193125-05-157220-index.htm",
    "finalLink": "https://www.sec.gov/Archives/edgar/data/1136893/000119312505157220/d10q.htm"
  },
  {
    "date": "2005-03-31",
    "symbol": "FIS",
    "reportedCurrency": "USD",
    "cik": "0001136893",
    "fillingDate": "2005-05-10",
    "acceptedDate": "2005-05-10 14:37:55",
    "calendarYear": "2005",
    "period": "Q1",
    "revenue": 262458000,
    "costOfRevenue": 190292000,
    "grossProfit": 72166000,
    "grossProfitRatio": 0.2749620892,
    "researchAndDevelopmentExpenses": 0,
    "generalAndAdministrativeExpenses": 35114000,
    "sellingAndMarketingExpenses": 0,
    "sellingGeneralAndAdministrativeExpenses": 35114000,
    "otherExpenses": 0,
    "operatingExpenses": 35114000,
    "costAndExpenses": 225406000,
    "interestIncome": 0,
    "interestExpense": 0,
    "depreciationAndAmortization": 75740000,
    "ebitda": 162753000,
    "ebitdaratio": 0.6201106463,
    "operatingIncome": 37052000,
    "operatingIncomeRatio": 0.1411730639,
    "totalOtherIncomeExpensesNet": 36005000,
    "incomeBeforeTax": 73057000,
    "incomeBeforeTaxRatio": 0.2783569181,
    "incomeTaxExpense": 28054000,
    "netIncome": 44596000,
    "netIncomeRatio": 0.1699167105,
    "eps": 0.35,
    "epsdiluted": 0.35,
    "weightedAverageShsOut": 127920000,
    "weightedAverageShsOutDil": 127920000,
    "link": "https://www.sec.gov/Archives/edgar/data/1136893/000119312505102530/0001193125-05-102530-index.htm",
    "finalLink": "https://www.sec.gov/Archives/edgar/data/1136893/000119312505102530/d10q.htm"
  },
  {
    "date": "2004-12-31",
    "symbol": "FIS",
    "reportedCurrency": "USD",
    "cik": "0001136893",
    "fillingDate": "2005-03-11",
    "acceptedDate": "2005-03-11 17:14:26",
    "calendarYear": "2004",
    "period": "Q4",
    "revenue": 281842000,
    "costOfRevenue": 192663000,
    "grossProfit": 89179000,
    "grossProfitRatio": 0.3164148707,
    "researchAndDevelopmentExpenses": 0,
    "generalAndAdministrativeExpenses": 30317000,
    "sellingAndMarketingExpenses": 0,
    "sellingGeneralAndAdministrativeExpenses": 30317000,
    "otherExpenses": 0,
    "operatingExpenses": 30317000,
    "costAndExpenses": 222980000,
    "interestIncome": 0,
    "interestExpense": 0,
    "depreciationAndAmortization": 14382000,
    "ebitda": 73244000,
    "ebitdaratio": 0.2598761008,
    "operatingIncome": 58862000,
    "operatingIncomeRatio": 0.2088475103,
    "totalOtherIncomeExpensesNet": -7375000,
    "incomeBeforeTax": 51487000,
    "incomeBeforeTaxRatio": 0.182680367,
    "incomeTaxExpense": 20630000,
    "netIncome": 37115000,
    "netIncomeRatio": 0.1316872574,
    "eps": 0.6,
    "epsdiluted": 0.6,
    "weightedAverageShsOut": 61794000,
    "weightedAverageShsOutDil": 61794000,
    "link": "https://www.sec.gov/Archives/edgar/data/1136893/000119312505048033/0001193125-05-048033-index.htm",
    "finalLink": "https://www.sec.gov/Archives/edgar/data/1136893/000119312505048033/d10k.htm"
  },
  {
    "date": "2004-09-30",
    "symbol": "FIS",
    "reportedCurrency": "USD",
    "cik": "0001136893",
    "fillingDate": "2004-11-09",
    "acceptedDate": "2004-11-09 12:10:39",
    "calendarYear": "2004",
    "period": "Q3",
    "revenue": 262660000,
    "costOfRevenue": 186516000,
    "grossProfit": 76144000,
    "grossProfitRatio": 0.2898956826,
    "researchAndDevelopmentExpenses": 0,
    "generalAndAdministrativeExpenses": 29465000,
    "sellingAndMarketingExpenses": 0,
    "sellingGeneralAndAdministrativeExpenses": 29465000,
    "otherExpenses": 0,
    "operatingExpenses": 29465000,
    "costAndExpenses": 215607000,
    "interestIncome": 0,
    "interestExpense": 0,
    "depreciationAndAmortization": 15946000,
    "ebitda": 60585000,
    "ebitdaratio": 0.2306594076,
    "operatingIncome": 44639000,
    "operatingIncomeRatio": 0.1699497449,
    "totalOtherIncomeExpensesNet": -551000,
    "incomeBeforeTax": 44088000,
    "incomeBeforeTaxRatio": 0.1678519759,
    "incomeTaxExpense": 16313000,
    "netIncome": 27266000,
    "netIncomeRatio": 0.1038072032,
    "eps": 0.44,
    "epsdiluted": 0.43,
    "weightedAverageShsOut": 62588000,
    "weightedAverageShsOutDil": 63849000,
    "link": "https://www.sec.gov/Archives/edgar/data/1136893/000119312504190768/0001193125-04-190768-index.html",
    "finalLink": "https://www.sec.gov/Archives/edgar/data/1136893/000119312504190768/d10q.htm"
  },
  {
    "date": "2004-06-30",
    "symbol": "FIS",
    "reportedCurrency": "USD",
    "cik": "0001136893",
    "fillingDate": "2004-08-06",
    "acceptedDate": "2004-08-06 15:52:19",
    "calendarYear": "2004",
    "period": "Q2",
    "revenue": 255664000,
    "costOfRevenue": 209564000,
    "grossProfit": 46100000,
    "grossProfitRatio": 0.1803147882,
    "researchAndDevelopmentExpenses": 0,
    "generalAndAdministrativeExpenses": 31910000,
    "sellingAndMarketingExpenses": 0,
    "sellingGeneralAndAdministrativeExpenses": 31910000,
    "otherExpenses": 0,
    "operatingExpenses": 31910000,
    "costAndExpenses": 218221000,
    "interestIncome": 0,
    "interestExpense": 0,
    "depreciationAndAmortization": 15368000,
    "ebitda": 52811000,
    "ebitdaratio": 0.2065640841,
    "operatingIncome": 37443000,
    "operatingIncomeRatio": 0.1464539395,
    "totalOtherIncomeExpensesNet": 2139000,
    "incomeBeforeTax": 39582000,
    "incomeBeforeTaxRatio": 0.1548203893,
    "incomeTaxExpense": 13092000,
    "netIncome": 22819000,
    "netIncomeRatio": 0.0892538644,
    "eps": 0.36,
    "epsdiluted": 0.36,
    "weightedAverageShsOut": 63083000,
    "weightedAverageShsOutDil": 64272000,
    "link": "https://www.sec.gov/Archives/edgar/data/1136893/000119312504134297/0001193125-04-134297-index.html",
    "finalLink": "https://www.sec.gov/Archives/edgar/data/1136893/000119312504134297/d10q.htm"
  },
  {
    "date": "2004-03-31",
    "symbol": "FIS",
    "reportedCurrency": "USD",
    "cik": "0001136893",
    "fillingDate": "2004-05-10",
    "acceptedDate": "2004-05-10 16:13:56",
    "calendarYear": "2004",
    "period": "Q1",
    "revenue": 239340000,
    "costOfRevenue": 198293000,
    "grossProfit": 41047000,
    "grossProfitRatio": 0.1715007938,
    "researchAndDevelopmentExpenses": 0,
    "generalAndAdministrativeExpenses": 29570000,
    "sellingAndMarketingExpenses": 0,
    "sellingGeneralAndAdministrativeExpenses": 29570000,
    "otherExpenses": 0,
    "operatingExpenses": 29570000,
    "costAndExpenses": 227863000,
    "interestIncome": 0,
    "interestExpense": 0,
    "depreciationAndAmortization": 15898000,
    "ebitda": 45868000,
    "ebitdaratio": 0.1916436868,
    "operatingIncome": 29970000,
    "operatingIncomeRatio": 0.1252193532,
    "totalOtherIncomeExpensesNet": 2820000,
    "incomeBeforeTax": 32790000,
    "incomeBeforeTaxRatio": 0.1370017548,
    "incomeTaxExpense": 10363000,
    "netIncome": 18123000,
    "netIncomeRatio": 0.075720732,
    "eps": 0.28,
    "epsdiluted": 0.28,
    "weightedAverageShsOut": 63677000,
    "weightedAverageShsOutDil": 64643000,
    "link": "https://www.sec.gov/Archives/edgar/data/1136893/000119312504083670/0001193125-04-083670-index.html",
    "finalLink": "https://www.sec.gov/Archives/edgar/data/1136893/000119312504083670/d10q.htm"
  },
  {
    "date": "2003-12-31",
    "symbol": "FIS",
    "reportedCurrency": "USD",
    "cik": "0001136893",
    "fillingDate": "2004-02-17",
    "acceptedDate": "2004-02-17 12:49:35",
    "calendarYear": "2003",
    "period": "Q4",
    "revenue": 272112000,
    "costOfRevenue": 193472000,
    "grossProfit": 78640000,
    "grossProfitRatio": 0.2889986476,
    "researchAndDevelopmentExpenses": 0,
    "generalAndAdministrativeExpenses": 38324000,
    "sellingAndMarketingExpenses": 0,
    "sellingGeneralAndAdministrativeExpenses": 38324000,
    "otherExpenses": -12203000,
    "operatingExpenses": 26121000,
    "costAndExpenses": 219593000,
    "interestIncome": 0,
    "interestExpense": 0,
    "depreciationAndAmortization": 12293000,
    "ebitda": 64812000,
    "ebitdaratio": 0.2381813371,
    "operatingIncome": 52519000,
    "operatingIncomeRatio": 0.1930050861,
    "totalOtherIncomeExpensesNet": -1714000,
    "incomeBeforeTax": 50805000,
    "incomeBeforeTaxRatio": 0.1867062092,
    "incomeTaxExpense": 18553000,
    "netIncome": 30917000,
    "netIncomeRatio": 0.113618657,
    "eps": 0.49,
    "epsdiluted": 0.49,
    "weightedAverageShsOut": 63677000,
    "weightedAverageShsOutDil": 63677000,
    "link": "https://www.sec.gov/Archives/edgar/data/1136893/000119312504024670/0001193125-04-024670-index.htm",
    "finalLink": "https://www.sec.gov/Archives/edgar/data/1136893/000119312504024670/d10k.htm"
  },
  {
    "date": "2003-09-30",
    "symbol": "FIS",
    "reportedCurrency": "USD",
    "cik": "0001136893",
    "fillingDate": "2003-11-10",
    "acceptedDate": "2003-11-10 17:06:10",
    "calendarYear": "2003",
    "period": "Q3",
    "revenue": 255791000,
    "costOfRevenue": 182256000,
    "grossProfit": 73535000,
    "grossProfitRatio": 0.2874807949,
    "researchAndDevelopmentExpenses": 0,
    "generalAndAdministrativeExpenses": 30012000,
    "sellingAndMarketingExpenses": 0,
    "sellingGeneralAndAdministrativeExpenses": 30012000,
    "otherExpenses": 0,
    "operatingExpenses": 30012000,
    "costAndExpenses": 212268000,
    "interestIncome": 0,
    "interestExpense": 0,
    "depreciationAndAmortization": 15113000,
    "ebitda": 58636000,
    "ebitdaratio": 0.2292340231,
    "operatingIncome": 43523000,
    "operatingIncomeRatio": 0.1701506308,
    "totalOtherIncomeExpensesNet": -1571000,
    "incomeBeforeTax": 41952000,
    "incomeBeforeTaxRatio": 0.1640088979,
    "incomeTaxExpense": 15627000,
    "netIncome": 26325000,
    "netIncomeRatio": 0.1029160526,
    "eps": 0.4,
    "epsdiluted": 0.4,
    "weightedAverageShsOut": 65019000,
    "weightedAverageShsOutDil": 65820000,
    "link": "https://www.sec.gov/Archives/edgar/data/1136893/000119312503076344/0001193125-03-076344-index.html",
    "finalLink": "https://www.sec.gov/Archives/edgar/data/1136893/000119312503076344/d10q.htm"
  },
  {
    "date": "2003-06-30",
    "symbol": "FIS",
    "reportedCurrency": "USD",
    "cik": "0001136893",
    "fillingDate": "2003-08-04",
    "acceptedDate": "2003-08-04 17:15:19",
    "calendarYear": "2003",
    "period": "Q2",
    "revenue": 247392000,
    "costOfRevenue": 180977000,
    "grossProfit": 66415000,
    "grossProfitRatio": 0.2684605808,
    "researchAndDevelopmentExpenses": 0,
    "generalAndAdministrativeExpenses": 29450000,
    "sellingAndMarketingExpenses": 0,
    "sellingGeneralAndAdministrativeExpenses": 29450000,
    "otherExpenses": 0,
    "operatingExpenses": 29450000,
    "costAndExpenses": 209990000,
    "interestIncome": 0,
    "interestExpense": 0,
    "depreciationAndAmortization": 10250000,
    "ebitda": 47652000,
    "ebitdaratio": 0.1926173846,
    "operatingIncome": 37402000,
    "operatingIncomeRatio": 0.1511851636,
    "totalOtherIncomeExpensesNet": -800000,
    "incomeBeforeTax": 36602000,
    "incomeBeforeTaxRatio": 0.1479514293,
    "incomeTaxExpense": 13634000,
    "netIncome": 22968000,
    "netIncomeRatio": 0.0928405122,
    "eps": 0.35,
    "epsdiluted": 0.35,
    "weightedAverageShsOut": 65536000,
    "weightedAverageShsOutDil": 65536000,
    "link": "https://www.sec.gov/Archives/edgar/data/1136893/000119312503028584/0001193125-03-028584-index.html",
    "finalLink": "https://www.sec.gov/Archives/edgar/data/1136893/000119312503028584/d10q.htm"
  },
  {
    "date": "2003-03-31",
    "symbol": "FIS",
    "reportedCurrency": "USD",
    "cik": "0001136893",
    "fillingDate": "2003-05-15",
    "acceptedDate": "2003-05-15 14:47:43",
    "calendarYear": "2003",
    "period": "Q1",
    "revenue": 240169000,
    "costOfRevenue": 176057000,
    "grossProfit": 64112000,
    "grossProfitRatio": 0.2669453593,
    "researchAndDevelopmentExpenses": 0,
    "generalAndAdministrativeExpenses": 30516000,
    "sellingAndMarketingExpenses": 0,
    "sellingGeneralAndAdministrativeExpenses": 30516000,
    "otherExpenses": 12640000,
    "operatingExpenses": 43156000,
    "costAndExpenses": 219213000,
    "interestIncome": 0,
    "interestExpense": 0,
    "depreciationAndAmortization": 9812000,
    "ebitda": 30768000,
    "ebitdaratio": 0.1281097894,
    "operatingIncome": 20956000,
    "operatingIncomeRatio": 0.0872552244,
    "totalOtherIncomeExpensesNet": -1526000,
    "incomeBeforeTax": 19430000,
    "incomeBeforeTaxRatio": 0.0809013653,
    "incomeTaxExpense": 7238000,
    "netIncome": 12192000,
    "netIncomeRatio": 0.0507642535,
    "eps": 0.19,
    "epsdiluted": 0.18,
    "weightedAverageShsOut": 65840000,
    "weightedAverageShsOutDil": 66202000,
    "link": "https://www.sec.gov/Archives/edgar/data/1136893/000093176303001653/0000931763-03-001653-index.html",
    "finalLink": "https://www.sec.gov/Archives/edgar/data/1136893/000093176303001653/d10q.htm"
  },
  {
    "date": "2002-12-31",
    "symbol": "FIS",
    "reportedCurrency": "USD",
    "cik": "0001136893",
    "fillingDate": "2003-02-14",
    "acceptedDate": "2003-02-14 16:18:52",
    "calendarYear": "2002",
    "period": "Q4",
    "revenue": 263251000,
    "costOfRevenue": 183264000,
    "grossProfit": 79987000,
    "grossProfitRatio": 0.3038431003,
    "researchAndDevelopmentExpenses": 0,
    "generalAndAdministrativeExpenses": 28563000,
    "sellingAndMarketingExpenses": 0,
    "sellingGeneralAndAdministrativeExpenses": 28563000,
    "otherExpenses": 2865000,
    "operatingExpenses": 31428000,
    "costAndExpenses": 214692000,
    "interestIncome": 0,
    "interestExpense": 0,
    "depreciationAndAmortization": 9685000,
    "ebitda": 58244000,
    "ebitdaratio": 0.2212489221,
    "operatingIncome": 48559000,
    "operatingIncomeRatio": 0.1844589384,
    "totalOtherIncomeExpensesNet": -1578000,
    "incomeBeforeTax": 46981000,
    "incomeBeforeTaxRatio": 0.1784646592,
    "incomeTaxExpense": 17971000,
    "netIncome": 29010000,
    "netIncomeRatio": 0.1101990116,
    "eps": 0.44,
    "epsdiluted": 0.44,
    "weightedAverageShsOut": 65840000,
    "weightedAverageShsOutDil": 65840000,
    "link": "https://www.sec.gov/Archives/edgar/data/1136893/000104746903005642/0001047469-03-005642-index.html",
    "finalLink": "https://www.sec.gov/Archives/edgar/data/1136893/000104746903005642/a2103322z10-k.htm"
  },
  {
    "date": "2002-09-30",
    "symbol": "FIS",
    "reportedCurrency": "USD",
    "cik": "0001136893",
    "fillingDate": "2002-11-14",
    "acceptedDate": "2002-11-14 19:33:18",
    "calendarYear": "2002",
    "period": "Q3",
    "revenue": 254506000,
    "costOfRevenue": 179132000,
    "grossProfit": 75374000,
    "grossProfitRatio": 0.2961580474,
    "researchAndDevelopmentExpenses": 0,
    "generalAndAdministrativeExpenses": 28718000,
    "sellingAndMarketingExpenses": 0,
    "sellingGeneralAndAdministrativeExpenses": 28718000,
    "otherExpenses": 9365000,
    "operatingExpenses": 38083000,
    "costAndExpenses": 217215000,
    "interestIncome": 0,
    "interestExpense": 0,
    "depreciationAndAmortization": 7652000,
    "ebitda": 44943000,
    "ebitdaratio": 0.176589157,
    "operatingIncome": 37291000,
    "operatingIncomeRatio": 0.1465230682,
    "totalOtherIncomeExpensesNet": -1468000,
    "incomeBeforeTax": 35823000,
    "incomeBeforeTaxRatio": 0.1407550313,
    "incomeTaxExpense": 13840000,
    "netIncome": 21983000,
    "netIncomeRatio": 0.0863751739,
    "eps": 0.32,
    "epsdiluted": 0.32,
    "weightedAverageShsOut": 68850000,
    "weightedAverageShsOutDil": 68850000,
    "link": "https://www.sec.gov/Archives/edgar/data/1136893/000110465902006383/0001104659-02-006383-index.html",
    "finalLink": "https://www.sec.gov/Archives/edgar/data/1136893/000110465902006383/j5988_10q.htm"
  },
  {
    "date": "2002-06-30",
    "symbol": "FIS",
    "reportedCurrency": "USD",
    "cik": "0001136893",
    "fillingDate": "2002-08-14",
    "acceptedDate": "2002-08-14 18:12:19",
    "calendarYear": "2002",
    "period": "Q2",
    "revenue": 255369000,
    "costOfRevenue": 188936000,
    "grossProfit": 66433000,
    "grossProfitRatio": 0.2601451233,
    "researchAndDevelopmentExpenses": 0,
    "generalAndAdministrativeExpenses": 28115000,
    "sellingAndMarketingExpenses": 0,
    "sellingGeneralAndAdministrativeExpenses": 28115000,
    "otherExpenses": 0,
    "operatingExpenses": 28115000,
    "costAndExpenses": 217051000,
    "interestIncome": 0,
    "interestExpense": 0,
    "depreciationAndAmortization": 11707000,
    "ebitda": 50025000,
    "ebitdaratio": 0.1958930019,
    "operatingIncome": 38318000,
    "operatingIncomeRatio": 0.1500495362,
    "totalOtherIncomeExpensesNet": -1161000,
    "incomeBeforeTax": 37157000,
    "incomeBeforeTaxRatio": 0.1455031738,
    "incomeTaxExpense": 14213000,
    "netIncome": 22944000,
    "netIncomeRatio": 0.0898464575,
    "eps": 0.33,
    "epsdiluted": 0.33,
    "weightedAverageShsOut": 69052000,
    "weightedAverageShsOutDil": 69052000,
    "link": "https://www.sec.gov/Archives/edgar/data/1136893/000095014402008866/0000950144-02-008866-index.html",
    "finalLink": "https://www.sec.gov/Archives/edgar/data/1136893/000095014402008866/g77880e10vq.htm"
  },
  {
    "date": "2002-03-31",
    "symbol": "FIS",
    "reportedCurrency": "USD",
    "cik": "0001136893",
    "fillingDate": "2002-05-14",
    "acceptedDate": "2002-05-14 14:02:57",
    "calendarYear": "2002",
    "period": "Q1",
    "revenue": 234842000,
    "costOfRevenue": 179108000,
    "grossProfit": 55734000,
    "grossProfitRatio": 0.237325521,
    "researchAndDevelopmentExpenses": 0,
    "generalAndAdministrativeExpenses": 27953000,
    "sellingAndMarketingExpenses": 0,
    "sellingGeneralAndAdministrativeExpenses": 27953000,
    "otherExpenses": 0,
    "operatingExpenses": 27953000,
    "costAndExpenses": 207061000,
    "interestIncome": 0,
    "interestExpense": 0,
    "depreciationAndAmortization": 10006000,
    "ebitda": 37787000,
    "ebitdaratio": 0.1609039269,
    "operatingIncome": 27781000,
    "operatingIncomeRatio": 0.1182965568,
    "totalOtherIncomeExpensesNet": -1794000,
    "incomeBeforeTax": 25987000,
    "incomeBeforeTaxRatio": 0.1106573782,
    "incomeTaxExpense": 9940000,
    "netIncome": 16047000,
    "netIncomeRatio": 0.0683310481,
    "eps": 0.23,
    "epsdiluted": 0.23,
    "weightedAverageShsOut": 68868000,
    "weightedAverageShsOutDil": 69963000,
    "link": "https://www.sec.gov/Archives/edgar/data/1136893/000095014402005335/0000950144-02-005335-index.html",
    "finalLink": "https://www.sec.gov/Archives/edgar/data/1136893/000095014402005335/g76296e10-q.htm"
  },
  {
    "date": "2001-12-31",
    "symbol": "FIS",
    "reportedCurrency": "USD",
    "cik": "0001136893",
    "fillingDate": "2002-03-25",
    "acceptedDate": "2002-03-25 00:00:00",
    "calendarYear": "2001",
    "period": "Q4",
    "revenue": 232748000,
    "costOfRevenue": 163166000,
    "grossProfit": 69582000,
    "grossProfitRatio": 0.2989585303,
    "researchAndDevelopmentExpenses": 0,
    "generalAndAdministrativeExpenses": 23224000,
    "sellingAndMarketingExpenses": 0,
    "sellingGeneralAndAdministrativeExpenses": 23224000,
    "otherExpenses": 0,
    "operatingExpenses": 23224000,
    "costAndExpenses": 186390000,
    "interestIncome": 0,
    "interestExpense": 0,
    "depreciationAndAmortization": 13162000,
    "ebitda": 59520000,
    "ebitdaratio": 0.2557272243,
    "operatingIncome": 46358000,
    "operatingIncomeRatio": 0.1991767921,
    "totalOtherIncomeExpensesNet": -3845000,
    "incomeBeforeTax": 42513000,
    "incomeBeforeTaxRatio": 0.182656779,
    "incomeTaxExpense": 16949000,
    "netIncome": 26509000,
    "netIncomeRatio": 0.1138957155,
    "eps": 0.38,
    "epsdiluted": 0.38,
    "weightedAverageShsOut": 68868000,
    "weightedAverageShsOutDil": 68868000,
    "link": "https://www.sec.gov/Archives/edgar/data/1136893/000095014402002688/0000950144-02-002688-index.htm",
    "finalLink": "https://www.sec.gov/Archives/edgar/data/1136893/000095014402002688/g74736e10-k405.htm"
  },
  {
    "date": "2001-09-30",
    "symbol": "FIS",
    "reportedCurrency": "USD",
    "cik": "0001136893",
    "fillingDate": "2001-11-14",
    "acceptedDate": "2001-11-14 00:00:00",
    "calendarYear": "2001",
    "period": "Q3",
    "revenue": 217983000,
    "costOfRevenue": 150651000,
    "grossProfit": 67332000,
    "grossProfitRatio": 0.3088864728,
    "researchAndDevelopmentExpenses": 0,
    "generalAndAdministrativeExpenses": 24611000,
    "sellingAndMarketingExpenses": 0,
    "sellingGeneralAndAdministrativeExpenses": 24611000,
    "otherExpenses": 0,
    "operatingExpenses": 24611000,
    "costAndExpenses": 175262000,
    "interestIncome": 0,
    "interestExpense": 0,
    "depreciationAndAmortization": 11810000,
    "ebitda": 54531000,
    "ebitdaratio": 0.2501617099,
    "operatingIncome": 42721000,
    "operatingIncomeRatio": 0.195983173,
    "totalOtherIncomeExpensesNet": -3281000,
    "incomeBeforeTax": 39440000,
    "incomeBeforeTaxRatio": 0.1809315405,
    "incomeTaxExpense": 15381000,
    "netIncome": 24059000,
    "netIncomeRatio": 0.1103709922,
    "eps": 0.35,
    "epsdiluted": 0.35,
    "weightedAverageShsOut": 68618000,
    "weightedAverageShsOutDil": 69368000,
    "link": "https://www.sec.gov/Archives/edgar/data/1136893/000093176301502209/0000931763-01-502209-index.html",
    "finalLink": "https://www.sec.gov/Archives/edgar/data/1136893/000093176301502209/d10q.txt"
  },
  {
    "date": "2001-06-30",
    "symbol": "FIS",
    "reportedCurrency": "USD",
    "cik": "0001136893",
    "fillingDate": "2001-08-14",
    "acceptedDate": "2001-08-14 00:00:00",
    "calendarYear": "2001",
    "period": "Q2",
    "revenue": 205416000,
    "costOfRevenue": 144479000,
    "grossProfit": 60937000,
    "grossProfitRatio": 0.2966516727,
    "researchAndDevelopmentExpenses": 0,
    "generalAndAdministrativeExpenses": 25087000,
    "sellingAndMarketingExpenses": 0,
    "sellingGeneralAndAdministrativeExpenses": 25087000,
    "otherExpenses": 0,
    "operatingExpenses": 25087000,
    "costAndExpenses": 169566000,
    "interestIncome": 0,
    "interestExpense": 0,
    "depreciationAndAmortization": 0,
    "ebitda": 35850000,
    "ebitdaratio": 0.174523893,
    "operatingIncome": 35850000,
    "operatingIncomeRatio": 0.174523893,
    "totalOtherIncomeExpensesNet": -446000,
    "incomeBeforeTax": 35404000,
    "incomeBeforeTaxRatio": 0.1723526892,
    "incomeTaxExpense": 13808000,
    "netIncome": 21269000,
    "netIncomeRatio": 0.1035411068,
    "eps": 0.31,
    "epsdiluted": 0.31,
    "weightedAverageShsOut": 68268000,
    "weightedAverageShsOutDil": 68268000,
    "link": "https://www.sec.gov/Archives/edgar/data/1136893/000093176301501486/0000931763-01-501486-index.html",
    "finalLink": "https://www.sec.gov/Archives/edgar/data/1136893/000093176301501486/d10q.txt"
  }
]