[
  {
    "date": "2024-12-31",
    "symbol": "FIS",
    "reportedCurrency": "USD",
    "cik": "0001136893",
    "fillingDate": "2025-02-13",
    "acceptedDate": "2025-02-13 16:16:19",
    "calendarYear": "2024",
    "period": "FY",
    "revenue": 10127000000,
    "costOfRevenue": 6323000000,
    "grossProfit": 3804000000,
    "grossProfitRatio": 0.3756295053,
    "researchAndDevelopmentExpenses": 0,
    "generalAndAdministrativeExpenses": 0,
    "sellingAndMarketingExpenses": 0,
    "sellingGeneralAndAdministrativeExpenses": 2185000000,
    "otherExpenses": -90000000,
    "operatingExpenses": 2095000000,
    "costAndExpenses": 8418000000,
    "interestIncome": 101000000,
    "interestExpense": 351000000,
    "depreciationAndAmortization": 1737000000,
    "ebitda": 3385000000,
    "ebitdaratio": 0.334254962,
    "operatingIncome": 1709000000,
    "operatingIncomeRatio": 0.1687567888,
    "totalOtherIncomeExpensesNet": -557000000,
    "incomeBeforeTax": 1152000000,
    "incomeBeforeTaxRatio": 0.1137553076,
    "incomeTaxExpense": 362000000,
    "netIncome": 1450000000,
    "netIncomeRatio": 0.1431815938,
    "eps": 1.42,
    "epsdiluted": 1.42,
    "weightedAverageShsOut": 553000000,
    "weightedAverageShsOutDil": 555000000,
    "link": "https://www.sec.gov/Archives/edgar/data/1136893/000113689325000014/0001136893-25-000014-index.htm",
    "finalLink": "https://www.sec.gov/Archives/edgar/data/1136893/000113689325000014/fis-20241231.htm"
  },
  {
    "date": "2023-12-31",
    "symbol": "FIS",
    "reportedCurrency": "USD",
    "cik": "0001136893",
    "fillingDate": "2024-02-26",
    "acceptedDate": "2024-02-26 16:16:54",
    "calendarYear": "2023",
    "period": "FY",
    "revenue": 9831000000,
    "costOfRevenue": 6175000000,
    "grossProfit": 3656000000,
    "grossProfitRatio": 0.371884854,
    "researchAndDevelopmentExpenses": 0,
    "generalAndAdministrativeExpenses": 0,
    "sellingAndMarketingExpenses": 0,
    "sellingGeneralAndAdministrativeExpenses": 1614000000,
    "otherExpenses": 0,
    "operatingExpenses": 1614000000,
    "costAndExpenses": 7789000000,
    "interestIncome": 92000000,
    "interestExpense": 713000000,
    "depreciationAndAmortization": 1530000000,
    "ebitda": 2905000000,
    "ebitdaratio": 0.295493846,
    "operatingIncome": 2042000000,
    "operatingIncomeRatio": 0.2077103041,
    "totalOtherIncomeExpensesNet": -1380000000,
    "incomeBeforeTax": 662000000,
    "incomeBeforeTaxRatio": 0.0673380124,
    "incomeTaxExpense": 157000000,
    "netIncome": -6655000000,
    "netIncomeRatio": -0.6769402909,
    "eps": -11.2606,
    "epsdiluted": -11.2606,
    "weightedAverageShsOut": 591000000,
    "weightedAverageShsOutDil": 591000000,
    "link": "https://www.sec.gov/Archives/edgar/data/1136893/000113689324000015/0001136893-24-000015-index.htm",
    "finalLink": "https://www.sec.gov/Archives/edgar/data/1136893/000113689324000015/fis-20231231.htm"
  },
  {
    "date": "2022-12-31",
    "symbol": "FIS",
    "reportedCurrency": "USD",
    "cik": "0001136893",
    "fillingDate": "2023-02-27",
    "acceptedDate": "2023-02-27 16:38:25",
    "calendarYear": "2022",
    "period": "FY",
    "revenue": 9719000000,
    "costOfRevenue": 6216000000,
    "grossProfit": 3503000000,
    "grossProfitRatio": 0.3604280276,
    "researchAndDevelopmentExpenses": 0,
    "generalAndAdministrativeExpenses": 0,
    "sellingAndMarketingExpenses": 0,
    "sellingGeneralAndAdministrativeExpenses": 1601000000,
    "otherExpenses": 0,
    "operatingExpenses": 1601000000,
    "costAndExpenses": 7817000000,
    "interestIncome": 17000000,
    "interestExpense": 298000000,
    "depreciationAndAmortization": 1636000000,
    "ebitda": 2875000000,
    "ebitdaratio": 0.2958123264,
    "operatingIncome": 1902000000,
    "operatingIncomeRatio": 0.195699146,
    "totalOtherIncomeExpensesNet": -961000000,
    "incomeBeforeTax": 941000000,
    "incomeBeforeTaxRatio": 0.0968206606,
    "incomeTaxExpense": 325000000,
    "netIncome": -16720000000,
    "netIncomeRatio": -1.7203415989,
    "eps": -27.6821,
    "epsdiluted": -27.6821,
    "weightedAverageShsOut": 604000000,
    "weightedAverageShsOutDil": 604000000,
    "link": "https://www.sec.gov/Archives/edgar/data/1136893/000113689323000028/0001136893-23-000028-index.htm",
    "finalLink": "https://www.sec.gov/Archives/edgar/data/1136893/000113689323000028/fis-20221231.htm"
  },
  {
    "date": "2021-12-31",
    "symbol": "FIS",
    "reportedCurrency": "USD",
    "cik": "0001136893",
    "fillingDate": "2022-02-23",
    "acceptedDate": "2022-02-23 16:16:51",
    "calendarYear": "2021",
    "period": "FY",
    "revenue": 13877000000,
    "costOfRevenue": 8682000000,
    "grossProfit": 5195000000,
    "grossProfitRatio": 0.3743604525,
    "researchAndDevelopmentExpenses": 0,
    "generalAndAdministrativeExpenses": 0,
    "sellingAndMarketingExpenses": 0,
    "sellingGeneralAndAdministrativeExpenses": 3093000000,
    "otherExpenses": 0,
    "operatingExpenses": 3093000000,
    "costAndExpenses": 11775000000,
    "interestIncome": 2000000,
    "interestExpense": 216000000,
    "depreciationAndAmortization": 4016000000,
    "ebitda": 5021000000,
    "ebitdaratio": 0.3618217194,
    "operatingIncome": 2102000000,
    "operatingIncomeRatio": 0.1514736615,
    "totalOtherIncomeExpensesNet": -1307000000,
    "incomeBeforeTax": 795000000,
    "incomeBeforeTaxRatio": 0.0572890394,
    "incomeTaxExpense": 371000000,
    "netIncome": 417000000,
    "netIncomeRatio": 0.0300497226,
    "eps": 0.677,
    "epsdiluted": 0.6715,
    "weightedAverageShsOut": 616000000,
    "weightedAverageShsOutDil": 621000000,
    "link": "https://www.sec.gov/Archives/edgar/data/1136893/000113689322000038/0001136893-22-000038-index.htm",
    "finalLink": "https://www.sec.gov/Archives/edgar/data/1136893/000113689322000038/fis-20211231.htm"
  },
  {
    "date": "2020-12-31",
    "symbol": "FIS",
    "reportedCurrency": "USD",
    "cik": "0001136893",
    "fillingDate": "2021-02-18",
    "acceptedDate": "2021-02-18 16:16:21",
    "calendarYear": "2020",
    "period": "FY",
    "revenue": 12552000000,
    "costOfRevenue": 8348000000,
    "grossProfit": 4204000000,
    "grossProfitRatio": 0.3349267049,
    "researchAndDevelopmentExpenses": 0,
    "generalAndAdministrativeExpenses": 0,
    "sellingAndMarketingExpenses": 0,
    "sellingGeneralAndAdministrativeExpenses": 2658000000,
    "otherExpenses": 0,
    "operatingExpenses": 2658000000,
    "costAndExpenses": 11006000000,
    "interestIncome": 5000000,
    "interestExpense": 339000000,
    "depreciationAndAmortization": 3714000000,
    "ebitda": 4319000000,
    "ebitdaratio": 0.3440885915,
    "operatingIncome": 1546000000,
    "operatingIncomeRatio": 0.1231676227,
    "totalOtherIncomeExpensesNet": -1286000000,
    "incomeBeforeTax": 260000000,
    "incomeBeforeTaxRatio": 0.0207138305,
    "incomeTaxExpense": 96000000,
    "netIncome": 158000000,
    "netIncomeRatio": 0.0125876354,
    "eps": 0.2552,
    "epsdiluted": 0.252,
    "weightedAverageShsOut": 619000000,
    "weightedAverageShsOutDil": 627000000,
    "link": "https://www.sec.gov/Archives/edgar/data/1136893/000113689321000025/0001136893-21-000025-index.htm",
    "finalLink": "https://www.sec.gov/Archives/edgar/data/1136893/000113689321000025/fis-20201231.htm"
  },
  {
    "date": "2019-12-31",
    "symbol": "FIS",
    "reportedCurrency": "USD",
    "cik": "0001136893",
    "fillingDate": "2020-02-20",
    "acceptedDate": "2020-02-20 17:16:58",
    "calendarYear": "2019",
    "period": "FY",
    "revenue": 10333000000,
    "costOfRevenue": 6610000000,
    "grossProfit": 3723000000,
    "grossProfitRatio": 0.3603019452,
    "researchAndDevelopmentExpenses": 0,
    "generalAndAdministrativeExpenses": 0,
    "sellingAndMarketingExpenses": 0,
    "sellingGeneralAndAdministrativeExpenses": 1963000000,
    "otherExpenses": 0,
    "operatingExpenses": 1963000000,
    "costAndExpenses": 8573000000,
    "interestIncome": 52000000,
    "interestExpense": 387000000,
    "depreciationAndAmortization": 2444000000,
    "ebitda": 3244000000,
    "ebitdaratio": 0.3139456111,
    "operatingIncome": 1760000000,
    "operatingIncomeRatio": 0.1703280751,
    "totalOtherIncomeExpensesNet": -1357000000,
    "incomeBeforeTax": 403000000,
    "incomeBeforeTaxRatio": 0.0390012581,
    "incomeTaxExpense": 100000000,
    "netIncome": 298000000,
    "netIncomeRatio": 0.02883964,
    "eps": 0.6697,
    "epsdiluted": 0.6607,
    "weightedAverageShsOut": 445000000,
    "weightedAverageShsOutDil": 451000000,
    "link": "https://www.sec.gov/Archives/edgar/data/1136893/000113689320000032/0001136893-20-000032-index.htm",
    "finalLink": "https://www.sec.gov/Archives/edgar/data/1136893/000113689320000032/a10-k2019.htm"
  },
  {
    "date": "2018-12-31",
    "symbol": "FIS",
    "reportedCurrency": "USD",
    "cik": "0001136893",
    "fillingDate": "2019-02-21",
    "acceptedDate": "2019-02-21 15:19:29",
    "calendarYear": "2018",
    "period": "FY",
    "revenue": 8423000000,
    "costOfRevenue": 5569000000,
    "grossProfit": 2854000000,
    "grossProfitRatio": 0.3388341446,
    "researchAndDevelopmentExpenses": 0,
    "generalAndAdministrativeExpenses": 0,
    "sellingAndMarketingExpenses": 0,
    "sellingGeneralAndAdministrativeExpenses": 1145000000,
    "otherExpenses": 0,
    "operatingExpenses": 1145000000,
    "costAndExpenses": 6714000000,
    "interestIncome": 17000000,
    "interestExpense": 313000000,
    "depreciationAndAmortization": 1420000000,
    "ebitda": 2837000000,
    "ebitdaratio": 0.3368158613,
    "operatingIncome": 1709000000,
    "operatingIncomeRatio": 0.2028968301,
    "totalOtherIncomeExpensesNet": -620000000,
    "incomeBeforeTax": 1089000000,
    "incomeBeforeTaxRatio": 0.129288852,
    "incomeTaxExpense": 208000000,
    "netIncome": 846000000,
    "netIncomeRatio": 0.1004392734,
    "eps": 2.58,
    "epsdiluted": 2.55,
    "weightedAverageShsOut": 328000000,
    "weightedAverageShsOutDil": 332000000,
    "link": "https://www.sec.gov/Archives/edgar/data/1136893/000113689319000008/0001136893-19-000008-index.html",
    "finalLink": "https://www.sec.gov/Archives/edgar/data/1136893/000113689319000008/a10-k2018.htm"
  },
  {
    "date": "2017-12-31",
    "symbol": "FIS",
    "reportedCurrency": "USD",
    "cik": "0001136893",
    "fillingDate": "2018-02-22",
    "acceptedDate": "2018-02-22 15:40:21",
    "calendarYear": "2017",
    "period": "FY",
    "revenue": 8668000000,
    "costOfRevenue": 5794000000,
    "grossProfit": 2874000000,
    "grossProfitRatio": 0.3315643747,
    "researchAndDevelopmentExpenses": 0,
    "generalAndAdministrativeExpenses": 0,
    "sellingAndMarketingExpenses": 0,
    "sellingGeneralAndAdministrativeExpenses": 1264000000,
    "otherExpenses": 0,
    "operatingExpenses": 1264000000,
    "costAndExpenses": 7058000000,
    "interestIncome": 22000000,
    "interestExpense": 358000000,
    "depreciationAndAmortization": 1366000000,
    "ebitda": 2700000000,
    "ebitdaratio": 0.3114905399,
    "operatingIncome": 1610000000,
    "operatingIncomeRatio": 0.1857406553,
    "totalOtherIncomeExpensesNet": -637000000,
    "incomeBeforeTax": 973000000,
    "incomeBeforeTaxRatio": 0.1122519612,
    "incomeTaxExpense": -321000000,
    "netIncome": 1261000000,
    "netIncomeRatio": 0.1454776188,
    "eps": 3.82,
    "epsdiluted": 3.75,
    "weightedAverageShsOut": 330000000,
    "weightedAverageShsOutDil": 336000000,
    "link": "https://www.sec.gov/Archives/edgar/data/1136893/000113689318000011/0001136893-18-000011-index.html",
    "finalLink": "https://www.sec.gov/Archives/edgar/data/1136893/000113689318000011/a10-k2017.htm"
  },
  {
    "date": "2016-12-31",
    "symbol": "FIS",
    "reportedCurrency": "USD",
    "cik": "0001136893",
    "fillingDate": "2017-02-23",
    "acceptedDate": "2017-02-23 16:10:11",
    "calendarYear": "2016",
    "period": "FY",
    "revenue": 9241000000,
    "costOfRevenue": 6233000000,
    "grossProfit": 3008000000,
    "grossProfitRatio": 0.3255058976,
    "researchAndDevelopmentExpenses": 0,
    "generalAndAdministrativeExpenses": 0,
    "sellingAndMarketingExpenses": 0,
    "sellingGeneralAndAdministrativeExpenses": 1429000000,
    "otherExpenses": 0,
    "operatingExpenses": 1429000000,
    "costAndExpenses": 7662000000,
    "interestIncome": 20000000,
    "interestExpense": 394000000,
    "depreciationAndAmortization": 1174000000,
    "ebitda": 2474000000,
    "ebitdaratio": 0.2677199437,
    "operatingIncome": 1579000000,
    "operatingIncomeRatio": 0.1708689536,
    "totalOtherIncomeExpensesNet": -673000000,
    "incomeBeforeTax": 906000000,
    "incomeBeforeTaxRatio": 0.0980413375,
    "incomeTaxExpense": 317000000,
    "netIncome": 568000000,
    "netIncomeRatio": 0.0614652094,
    "eps": 1.74,
    "epsdiluted": 1.72,
    "weightedAverageShsOut": 326000000,
    "weightedAverageShsOutDil": 330000000,
    "link": "https://www.sec.gov/Archives/edgar/data/1136893/000113689317000008/0001136893-17-000008-index.html",
    "finalLink": "https://www.sec.gov/Archives/edgar/data/1136893/000113689317000008/a10-k2016.htm"
  },
  {
    "date": "2015-12-31",
    "symbol": "FIS",
    "reportedCurrency": "USD",
    "cik": "0001136893",
    "fillingDate": "2016-02-26",
    "acceptedDate": "2016-02-26 16:51:03",
    "calendarYear": "2015",
    "period": "FY",
    "revenue": 6596000000,
    "costOfRevenue": 4395000000,
    "grossProfit": 2201000000,
    "grossProfitRatio": 0.3336870831,
    "researchAndDevelopmentExpenses": 0,
    "generalAndAdministrativeExpenses": 0,
    "sellingAndMarketingExpenses": 0,
    "sellingGeneralAndAdministrativeExpenses": 931000000,
    "otherExpenses": 0,
    "operatingExpenses": 931000000,
    "costAndExpenses": 5326000000,
    "interestIncome": 16000000,
    "interestExpense": 195000000,
    "depreciationAndAmortization": 669000000,
    "ebitda": 1901000000,
    "ebitdaratio": 0.2882049727,
    "operatingIncome": 1270000000,
    "operatingIncomeRatio": 0.1925409339,
    "totalOtherIncomeExpensesNet": -233000000,
    "incomeBeforeTax": 1037000000,
    "incomeBeforeTaxRatio": 0.1572164948,
    "incomeTaxExpense": 379000000,
    "netIncome": 632000000,
    "netIncomeRatio": 0.0958156458,
    "eps": 2.22,
    "epsdiluted": 2.19,
    "weightedAverageShsOut": 285000000,
    "weightedAverageShsOutDil": 289000000,
    "link": "https://www.sec.gov/Archives/edgar/data/1136893/000113689316000061/0001136893-16-000061-index.html",
    "finalLink": "https://www.sec.gov/Archives/edgar/data/1136893/000113689316000061/a10-k2015.htm"
  },
  {
    "date": "2014-12-31",
    "symbol": "FIS",
    "reportedCurrency": "USD",
    "cik": "0001136893",
    "fillingDate": "2015-02-27",
    "acceptedDate": "2015-02-27 14:44:38",
    "calendarYear": "2014",
    "period": "FY",
    "revenue": 6413800000,
    "costOfRevenue": 4332700000,
    "grossProfit": 2081100000,
    "grossProfitRatio": 0.3244722318,
    "researchAndDevelopmentExpenses": 0,
    "generalAndAdministrativeExpenses": 0,
    "sellingAndMarketingExpenses": 0,
    "sellingGeneralAndAdministrativeExpenses": 789000000,
    "otherExpenses": 0,
    "operatingExpenses": 789000000,
    "costAndExpenses": 5121700000,
    "interestIncome": 15300000,
    "interestExpense": 166500000,
    "depreciationAndAmortization": 626300000,
    "ebitda": 1846200000,
    "ebitdaratio": 0.2878480776,
    "operatingIncome": 1292100000,
    "operatingIncomeRatio": 0.201456235,
    "totalOtherIncomeExpensesNet": -238699999,
    "incomeBeforeTax": 1053400000,
    "incomeBeforeTaxRatio": 0.1642396083,
    "incomeTaxExpense": 335100000,
    "netIncome": 679100000,
    "netIncomeRatio": 0.1058810689,
    "eps": 2.38,
    "epsdiluted": 2.35,
    "weightedAverageShsOut": 284800000,
    "weightedAverageShsOutDil": 288700000,
    "link": "https://www.sec.gov/Archives/edgar/data/1136893/000113689315000006/0001136893-15-000006-index.htm",
    "finalLink": "https://www.sec.gov/Archives/edgar/data/1136893/000113689315000006/a10-k2014.htm"
  },
  {
    "date": "2013-12-31",
    "symbol": "FIS",
    "reportedCurrency": "USD",
    "cik": "0001136893",
    "fillingDate": "2014-02-28",
    "acceptedDate": "2014-02-28 15:32:02",
    "calendarYear": "2013",
    "period": "FY",
    "revenue": 6070700000,
    "costOfRevenue": 4085600000,
    "grossProfit": 1985100000,
    "grossProfitRatio": 0.3269968867,
    "researchAndDevelopmentExpenses": 0,
    "generalAndAdministrativeExpenses": 0,
    "sellingAndMarketingExpenses": 0,
    "sellingGeneralAndAdministrativeExpenses": 782500000,
    "otherExpenses": 0,
    "operatingExpenses": 782500000,
    "costAndExpenses": 4868100000,
    "interestIncome": 10400000,
    "interestExpense": 193100000,
    "depreciationAndAmortization": 614600000,
    "ebitda": 1632700000,
    "ebitdaratio": 0.2689475678,
    "operatingIncome": 1202600000,
    "operatingIncomeRatio": 0.198099066,
    "totalOtherIncomeExpensesNet": -377600000,
    "incomeBeforeTax": 825000000,
    "incomeBeforeTaxRatio": 0.1358986608,
    "incomeTaxExpense": 309200000,
    "netIncome": 493100000,
    "netIncomeRatio": 0.0812262177,
    "eps": 1.7,
    "epsdiluted": 1.68,
    "weightedAverageShsOut": 289700000,
    "weightedAverageShsOutDil": 294200000,
    "link": "https://www.sec.gov/Archives/edgar/data/1136893/000113689314000009/0001136893-14-000009-index.htm",
    "finalLink": "https://www.sec.gov/Archives/edgar/data/1136893/000113689314000009/fis-10k12312013.htm"
  },
  {
    "date": "2012-12-31",
    "symbol": "FIS",
    "reportedCurrency": "USD",
    "cik": "0001136893",
    "fillingDate": "2013-02-26",
    "acceptedDate": "2013-02-26 16:32:09",
    "calendarYear": "2012",
    "period": "FY",
    "revenue": 5807600000,
    "costOfRevenue": 3946900000,
    "grossProfit": 1860700000,
    "grossProfitRatio": 0.3203905228,
    "researchAndDevelopmentExpenses": 0,
    "generalAndAdministrativeExpenses": 0,
    "sellingAndMarketingExpenses": 0,
    "sellingGeneralAndAdministrativeExpenses": 781500000,
    "otherExpenses": 0,
    "operatingExpenses": 781500000,
    "costAndExpenses": 4728400000,
    "interestIncome": 8600000,
    "interestExpense": 223600000,
    "depreciationAndAmortization": 632800000,
    "ebitda": 1687600000,
    "ebitdaratio": 0.290584751,
    "operatingIncome": 1079200000,
    "operatingIncomeRatio": 0.1858254701,
    "totalOtherIncomeExpensesNet": -248000000,
    "incomeBeforeTax": 831200000,
    "incomeBeforeTaxRatio": 0.1431228046,
    "incomeTaxExpense": 270900000,
    "netIncome": 461200000,
    "netIncomeRatio": 0.0794131827,
    "eps": 1.58,
    "epsdiluted": 1.55,
    "weightedAverageShsOut": 291800000,
    "weightedAverageShsOutDil": 297500000,
    "link": "https://www.sec.gov/Archives/edgar/data/1136893/000113689313000011/0001136893-13-000011-index.html",
    "finalLink": "https://www.sec.gov/Archives/edgar/data/1136893/000113689313000011/fis-201212x31x2012.htm"
  },
  {
    "date": "2011-12-31",
    "symbol": "FIS",
    "reportedCurrency": "USD",
    "cik": "0001136893",
    "fillingDate": "2012-02-24",
    "acceptedDate": "2012-02-24 09:30:48",
    "calendarYear": "2011",
    "period": "FY",
    "revenue": 5745700000,
    "costOfRevenue": 3998000000,
    "grossProfit": 1747700000,
    "grossProfitRatio": 0.3041752963,
    "researchAndDevelopmentExpenses": 0,
    "generalAndAdministrativeExpenses": 0,
    "sellingAndMarketingExpenses": 0,
    "sellingGeneralAndAdministrativeExpenses": 658800000,
    "otherExpenses": 0,
    "operatingExpenses": 658800000,
    "costAndExpenses": 4656800000,
    "interestIncome": 6000000,
    "interestExpense": 244100000,
    "depreciationAndAmortization": 637200000,
    "ebitda": 1625600000,
    "ebitdaratio": 0.2829246219,
    "operatingIncome": 1088900000,
    "operatingIncomeRatio": 0.1895156378,
    "totalOtherIncomeExpensesNet": -344600000,
    "incomeBeforeTax": 744300000,
    "incomeBeforeTaxRatio": 0.1295403519,
    "incomeTaxExpense": 239000000,
    "netIncome": 469600000,
    "netIncomeRatio": 0.0817306856,
    "eps": 1.56,
    "epsdiluted": 1.53,
    "weightedAverageShsOut": 300600000,
    "weightedAverageShsOutDil": 307000000,
    "link": "https://www.sec.gov/Archives/edgar/data/1136893/000113689312000017/0001136893-12-000017-index.html",
    "finalLink": "https://www.sec.gov/Archives/edgar/data/1136893/000113689312000017/fis-201112312011.htm"
  },
  {
    "date": "2010-12-31",
    "symbol": "FIS",
    "reportedCurrency": "USD",
    "cik": "0001136893",
    "fillingDate": "2011-02-25",
    "acceptedDate": "2011-02-25 14:22:40",
    "calendarYear": "2010",
    "period": "FY",
    "revenue": 5269500000,
    "costOfRevenue": 3637700000,
    "grossProfit": 1631800000,
    "grossProfitRatio": 0.309668849,
    "researchAndDevelopmentExpenses": 0,
    "generalAndAdministrativeExpenses": 0,
    "sellingAndMarketingExpenses": 0,
    "sellingGeneralAndAdministrativeExpenses": 567300000,
    "otherExpenses": 0,
    "operatingExpenses": 567300000,
    "costAndExpenses": 4205000000,
    "interestIncome": 6400000,
    "interestExpense": 138200000,
    "depreciationAndAmortization": 630100000,
    "ebitda": 1384600000,
    "ebitdaratio": 0.2627573774,
    "operatingIncome": 1064500000,
    "operatingIncomeRatio": 0.2020115761,
    "totalOtherIncomeExpensesNet": -448200000,
    "incomeBeforeTax": 616300000,
    "incomeBeforeTaxRatio": 0.1169560679,
    "incomeTaxExpense": 215300000,
    "netIncome": 404500000,
    "netIncomeRatio": 0.0767625012,
    "eps": 1.17,
    "epsdiluted": 1.15,
    "weightedAverageShsOut": 345100000,
    "weightedAverageShsOutDil": 352000000,
    "link": "https://www.sec.gov/Archives/edgar/data/1136893/000095012311018522/0000950123-11-018522-index.htm",
    "finalLink": "https://www.sec.gov/Archives/edgar/data/1136893/000095012311018522/fis12311010k.htm"
  },
  {
    "date": "2009-12-31",
    "symbol": "FIS",
    "reportedCurrency": "USD",
    "cik": "0001136893",
    "fillingDate": "2010-02-26",
    "acceptedDate": "2010-02-26 10:07:18",
    "calendarYear": "2009",
    "period": "FY",
    "revenue": 3769500000,
    "costOfRevenue": 2800600000,
    "grossProfit": 968900000,
    "grossProfitRatio": 0.2570367423,
    "researchAndDevelopmentExpenses": 0,
    "generalAndAdministrativeExpenses": 0,
    "sellingAndMarketingExpenses": 0,
    "sellingGeneralAndAdministrativeExpenses": 411900000,
    "otherExpenses": 0,
    "operatingExpenses": 411900000,
    "costAndExpenses": 3212500000,
    "interestIncome": 3400000,
    "interestExpense": 44600000,
    "depreciationAndAmortization": 434000000,
    "ebitda": 634600000,
    "ebitdaratio": 0.1683512402,
    "operatingIncome": 557000000,
    "operatingIncomeRatio": 0.1477649556,
    "totalOtherIncomeExpensesNet": -401000000,
    "incomeBeforeTax": 156000000,
    "incomeBeforeTaxRatio": 0.041384799,
    "incomeTaxExpense": 52100000,
    "netIncome": 105900000,
    "netIncomeRatio": 0.0280939117,
    "eps": 0.45,
    "epsdiluted": 0.44,
    "weightedAverageShsOut": 236400000,
    "weightedAverageShsOutDil": 239400000,
    "link": "https://www.sec.gov/Archives/edgar/data/1136893/000095012310017631/0000950123-10-017631-index.html",
    "finalLink": "https://www.sec.gov/Archives/edgar/data/1136893/000095012310017631/g21226e10vk.htm"
  },
  {
    "date": "2008-12-31",
    "symbol": "FIS",
    "reportedCurrency": "USD",
    "cik": "0001136893",
    "fillingDate": "2009-02-27",
    "acceptedDate": "2009-02-27 12:19:24",
    "calendarYear": "2008",
    "period": "FY",
    "revenue": 3446000000,
    "costOfRevenue": 2636900000,
    "grossProfit": 809100000,
    "grossProfitRatio": 0.234793964,
    "researchAndDevelopmentExpenses": 84800000,
    "generalAndAdministrativeExpenses": 0,
    "sellingAndMarketingExpenses": 0,
    "sellingGeneralAndAdministrativeExpenses": 389400000,
    "otherExpenses": 0,
    "operatingExpenses": 474200000,
    "costAndExpenses": 3111100000,
    "interestIncome": 6300000,
    "interestExpense": 163500000,
    "depreciationAndAmortization": 465400000,
    "ebitda": 808100000,
    "ebitdaratio": 0.2345037725,
    "operatingIncome": 334900000,
    "operatingIncomeRatio": 0.0971851422,
    "totalOtherIncomeExpensesNet": -155900000,
    "incomeBeforeTax": 179000000,
    "incomeBeforeTaxRatio": 0.0519442832,
    "incomeTaxExpense": 57600000,
    "netIncome": 214800000,
    "netIncomeRatio": 0.0623331399,
    "eps": 1.12,
    "epsdiluted": 1.11,
    "weightedAverageShsOut": 191600000,
    "weightedAverageShsOutDil": 193500000,
    "link": "https://www.sec.gov/Archives/edgar/data/1136893/000095014409001697/0000950144-09-001697-index.html",
    "finalLink": "https://www.sec.gov/Archives/edgar/data/1136893/000095014409001697/g17808e10vk.htm"
  },
  {
    "date": "2007-12-31",
    "symbol": "FIS",
    "reportedCurrency": "USD",
    "cik": "0001136893",
    "fillingDate": "2008-02-29",
    "acceptedDate": "2008-02-29 17:20:09",
    "calendarYear": "2007",
    "period": "FY",
    "revenue": 2921000000,
    "costOfRevenue": 2265800000,
    "grossProfit": 655200000,
    "grossProfitRatio": 0.2243067443,
    "researchAndDevelopmentExpenses": 70400000,
    "generalAndAdministrativeExpenses": 0,
    "sellingAndMarketingExpenses": 0,
    "sellingGeneralAndAdministrativeExpenses": 302900000,
    "otherExpenses": 0,
    "operatingExpenses": 373300000,
    "costAndExpenses": 2639100000,
    "interestIncome": 3000000,
    "interestExpense": 190200000,
    "depreciationAndAmortization": 496800000,
    "ebitda": 1071000000,
    "ebitdaratio": 0.366655255,
    "operatingIncome": 281900000,
    "operatingIncomeRatio": 0.0965080452,
    "totalOtherIncomeExpensesNet": 104900000,
    "incomeBeforeTax": 386800000,
    "incomeBeforeTaxRatio": 0.132420404,
    "incomeTaxExpense": 136200000,
    "netIncome": 561200000,
    "netIncomeRatio": 0.1921259843,
    "eps": 2.91,
    "epsdiluted": 2.86,
    "weightedAverageShsOut": 193100000,
    "weightedAverageShsOutDil": 196500000,
    "link": "https://www.sec.gov/Archives/edgar/data/1136893/000089256908000207/0000892569-08-000207-index.htm",
    "finalLink": "https://www.sec.gov/Archives/edgar/data/1136893/000089256908000207/a38312e10vk.htm"
  },
  {
    "date": "2006-12-31",
    "symbol": "FIS",
    "reportedCurrency": "USD",
    "cik": "0001136893",
    "fillingDate": "2007-03-01",
    "acceptedDate": "2007-03-01 17:21:02",
    "calendarYear": "2006",
    "period": "FY",
    "revenue": 4132602000,
    "costOfRevenue": 2980117000,
    "grossProfit": 1152485000,
    "grossProfitRatio": 0.2788763593,
    "researchAndDevelopmentExpenses": 105580000,
    "generalAndAdministrativeExpenses": 0,
    "sellingAndMarketingExpenses": 0,
    "sellingGeneralAndAdministrativeExpenses": 454978000,
    "otherExpenses": 0,
    "operatingExpenses": 560558000,
    "costAndExpenses": 3540675000,
    "interestIncome": 4746000,
    "interestExpense": 192819000,
    "depreciationAndAmortization": 433550000,
    "ebitda": 1029999000,
    "ebitdaratio": 0.2492374054,
    "operatingIncome": 591927000,
    "operatingIncomeRatio": 0.1432334882,
    "totalOtherIncomeExpensesNet": -182505000,
    "incomeBeforeTax": 409422000,
    "incomeBeforeTaxRatio": 0.0990712389,
    "incomeTaxExpense": 150150000,
    "netIncome": 259087000,
    "netIncomeRatio": 0.0626934314,
    "eps": 1.39,
    "epsdiluted": 1.37,
    "weightedAverageShsOut": 185926000,
    "weightedAverageShsOutDil": 189196000,
    "link": "https://www.sec.gov/Archives/edgar/data/1136893/000089256907000185/0000892569-07-000185-index.htm",
    "finalLink": "https://www.sec.gov/Archives/edgar/data/1136893/000089256907000185/a27617e10vk.htm"
  },
  {
    "date": "2005-12-31",
    "symbol": "FIS",
    "reportedCurrency": "USD",
    "cik": "0001136893",
    "fillingDate": "2006-03-16",
    "acceptedDate": "2006-03-16 06:33:15",
    "calendarYear": "2005",
    "period": "FY",
    "revenue": 1117141000,
    "costOfRevenue": 791581000,
    "grossProfit": 325560000,
    "grossProfitRatio": 0.2914224793,
    "researchAndDevelopmentExpenses": 0,
    "generalAndAdministrativeExpenses": 0,
    "sellingAndMarketingExpenses": 0,
    "sellingGeneralAndAdministrativeExpenses": 129443000,
    "otherExpenses": 0,
    "operatingExpenses": 129443000,
    "costAndExpenses": 921024000,
    "interestIncome": 0,
    "interestExpense": 12832000,
    "depreciationAndAmortization": 51858000,
    "ebitda": 239248000,
    "ebitdaratio": 0.2141609698,
    "operatingIncome": 196117000,
    "operatingIncomeRatio": 0.1755525936,
    "totalOtherIncomeExpensesNet": -21676000,
    "incomeBeforeTax": 174441000,
    "incomeBeforeTaxRatio": 0.1561494923,
    "incomeTaxExpense": 68927000,
    "netIncome": 103043000,
    "netIncomeRatio": 0.0922381329,
    "eps": 1.6617,
    "epsdiluted": 1.6255,
    "weightedAverageShsOut": 127920000,
    "weightedAverageShsOutDil": 63391000,
    "link": "https://www.sec.gov/Archives/edgar/data/1136893/000095013406005253/0000950134-06-005253-index.htm",
    "finalLink": "https://www.sec.gov/Archives/edgar/data/1136893/000095013406005253/a18325e10vk.htm"
  },
  {
    "date": "2004-12-31",
    "symbol": "FIS",
    "reportedCurrency": "USD",
    "cik": "0001136893",
    "fillingDate": "2005-03-11",
    "acceptedDate": "2005-03-11 17:14:26",
    "calendarYear": "2004",
    "period": "FY",
    "revenue": 1039506000,
    "costOfRevenue": 739600000,
    "grossProfit": 299906000,
    "grossProfitRatio": 0.2885081952,
    "researchAndDevelopmentExpenses": 0,
    "generalAndAdministrativeExpenses": 0,
    "sellingAndMarketingExpenses": 0,
    "sellingGeneralAndAdministrativeExpenses": 120252000,
    "otherExpenses": 0,
    "operatingExpenses": 120252000,
    "costAndExpenses": 859852000,
    "interestIncome": 0,
    "interestExpense": 12914000,
    "depreciationAndAmortization": 47449000,
    "ebitda": 228310000,
    "ebitdaratio": 0.2196331719,
    "operatingIncome": 179654000,
    "operatingIncomeRatio": 0.1728263233,
    "totalOtherIncomeExpensesNet": -11707000,
    "incomeBeforeTax": 167947000,
    "incomeBeforeTaxRatio": 0.161564243,
    "incomeTaxExpense": 62071000,
    "netIncome": 111810000,
    "netIncomeRatio": 0.1075607067,
    "eps": 1.78,
    "epsdiluted": 1.75,
    "weightedAverageShsOut": 127920000,
    "weightedAverageShsOutDil": 63966000,
    "link": "https://www.sec.gov/Archives/edgar/data/1136893/000119312505048033/0001193125-05-048033-index.htm",
    "finalLink": "https://www.sec.gov/Archives/edgar/data/1136893/000119312505048033/d10k.htm"
  },
  {
    "date": "2003-12-31",
    "symbol": "FIS",
    "reportedCurrency": "USD",
    "cik": "0001136893",
    "fillingDate": "2004-02-17",
    "acceptedDate": "2004-02-17 12:49:35",
    "calendarYear": "2003",
    "period": "FY",
    "revenue": 1015464000,
    "costOfRevenue": 732762000,
    "grossProfit": 282702000,
    "grossProfitRatio": 0.2783968708,
    "researchAndDevelopmentExpenses": 0,
    "generalAndAdministrativeExpenses": 128302000,
    "sellingAndMarketingExpenses": 0,
    "sellingGeneralAndAdministrativeExpenses": 128302000,
    "otherExpenses": 0,
    "operatingExpenses": 128302000,
    "costAndExpenses": 861064000,
    "interestIncome": 0,
    "interestExpense": 0,
    "depreciationAndAmortization": 47468000,
    "ebitda": 201868000,
    "ebitdaratio": 0.1987938519,
    "operatingIncome": 154400000,
    "operatingIncomeRatio": 0.1520487186,
    "totalOtherIncomeExpensesNet": -5611000,
    "incomeBeforeTax": 148789000,
    "incomeBeforeTaxRatio": 0.1465231658,
    "incomeTaxExpense": 55052000,
    "netIncome": 92402000,
    "netIncomeRatio": 0.0909948556,
    "eps": 1.42,
    "epsdiluted": 1.4,
    "weightedAverageShsOut": 65094000,
    "weightedAverageShsOutDil": 65870000,
    "link": "https://www.sec.gov/Archives/edgar/data/1136893/000119312504024670/0001193125-04-024670-index.htm",
    "finalLink": "https://www.sec.gov/Archives/edgar/data/1136893/000119312504024670/d10k.htm"
  },
  {
    "date": "2002-12-31",
    "symbol": "FIS",
    "reportedCurrency": "USD",
    "cik": "0001136893",
    "fillingDate": "2003-02-14",
    "acceptedDate": "2003-02-14 16:18:52",
    "calendarYear": "2002",
    "period": "FY",
    "revenue": 1007968000,
    "costOfRevenue": 730440000,
    "grossProfit": 277528000,
    "grossProfitRatio": 0.2753341376,
    "researchAndDevelopmentExpenses": 0,
    "generalAndAdministrativeExpenses": 113349000,
    "sellingAndMarketingExpenses": 0,
    "sellingGeneralAndAdministrativeExpenses": 113349000,
    "otherExpenses": 12230000,
    "operatingExpenses": 125579000,
    "costAndExpenses": 856019000,
    "interestIncome": 0,
    "interestExpense": 0,
    "depreciationAndAmortization": 39050000,
    "ebitda": 190999000,
    "ebitdaratio": 0.1894891504,
    "operatingIncome": 151949000,
    "operatingIncomeRatio": 0.1507478412,
    "totalOtherIncomeExpensesNet": -6001000,
    "incomeBeforeTax": 145948000,
    "incomeBeforeTaxRatio": 0.1447942792,
    "incomeTaxExpense": 55964000,
    "netIncome": 89984000,
    "netIncomeRatio": 0.0892726753,
    "eps": 1.32,
    "epsdiluted": 1.3,
    "weightedAverageShsOut": 68254000,
    "weightedAverageShsOutDil": 69033000,
    "link": "https://www.sec.gov/Archives/edgar/data/1136893/000104746903005642/0001047469-03-005642-index.html",
    "finalLink": "https://www.sec.gov/Archives/edgar/data/1136893/000104746903005642/a2103322z10-k.htm"
  },
  {
    "date": "2001-12-31",
    "symbol": "FIS",
    "reportedCurrency": "USD",
    "cik": "0001136893",
    "fillingDate": "2002-03-25",
    "acceptedDate": "2002-03-25 00:00:00",
    "calendarYear": "2001",
    "period": "FY",
    "revenue": 851123000,
    "costOfRevenue": 601740000,
    "grossProfit": 249383000,
    "grossProfitRatio": 0.2930046539,
    "researchAndDevelopmentExpenses": 0,
    "generalAndAdministrativeExpenses": 97964000,
    "sellingAndMarketingExpenses": 0,
    "sellingGeneralAndAdministrativeExpenses": 97964000,
    "otherExpenses": 0,
    "operatingExpenses": 97964000,
    "costAndExpenses": 699704000,
    "interestIncome": 0,
    "interestExpense": 0,
    "depreciationAndAmortization": 46353000,
    "ebitda": 197772000,
    "ebitdaratio": 0.2323659448,
    "operatingIncome": 151419000,
    "operatingIncomeRatio": 0.1779049562,
    "totalOtherIncomeExpensesNet": -8067000,
    "incomeBeforeTax": 143352000,
    "incomeBeforeTaxRatio": 0.1684268901,
    "incomeTaxExpense": 56276000,
    "netIncome": 87076000,
    "netIncomeRatio": 0.1023071871,
    "eps": 1.27,
    "epsdiluted": 1.26,
    "weightedAverageShsOut": 68563780,
    "weightedAverageShsOutDil": 69107937,
    "link": "https://www.sec.gov/Archives/edgar/data/1136893/000095014402002688/0000950144-02-002688-index.htm",
    "finalLink": "https://www.sec.gov/Archives/edgar/data/1136893/000095014402002688/g74736e10-k405.htm"
  },
  {
    "date": "2000-12-31",
    "symbol": "FIS",
    "reportedCurrency": "USD",
    "cik": "0001136893",
    "fillingDate": "2000-12-31",
    "acceptedDate": "2000-12-31 00:00:00",
    "calendarYear": "2000",
    "period": "FY",
    "revenue": 827374000,
    "costOfRevenue": 0,
    "grossProfit": 827374000,
    "grossProfitRatio": 1,
    "researchAndDevelopmentExpenses": 0,
    "generalAndAdministrativeExpenses": 0,
    "sellingAndMarketingExpenses": 0,
    "sellingGeneralAndAdministrativeExpenses": 0,
    "otherExpenses": 681750000,
    "operatingExpenses": 681750000,
    "costAndExpenses": 681750000,
    "interestIncome": 0,
    "interestExpense": 0,
    "depreciationAndAmortization": 42698000,
    "ebitda": 870072000,
    "ebitdaratio": 1.0516066495,
    "operatingIncome": 145624000,
    "operatingIncomeRatio": 0.1760074646,
    "totalOtherIncomeExpensesNet": -1088000,
    "incomeBeforeTax": 144536000,
    "incomeBeforeTaxRatio": 0.1746924607,
    "incomeTaxExpense": 57000000,
    "netIncome": 88462000,
    "netIncomeRatio": 0.1069189991,
    "eps": 1.32,
    "epsdiluted": 1.3,
    "weightedAverageShsOut": 67016667,
    "weightedAverageShsOutDil": 68047692,
    "link": null,
    "finalLink": null
  },
  {
    "date": "1999-12-31",
    "symbol": "FIS",
    "reportedCurrency": "USD",
    "cik": "0001136893",
    "fillingDate": "1999-12-31",
    "acceptedDate": "1999-12-31 00:00:00",
    "calendarYear": "1999",
    "period": "FY",
    "revenue": 763297000,
    "costOfRevenue": 0,
    "grossProfit": 763297000,
    "grossProfitRatio": 1,
    "researchAndDevelopmentExpenses": 0,
    "generalAndAdministrativeExpenses": 0,
    "sellingAndMarketingExpenses": 0,
    "sellingGeneralAndAdministrativeExpenses": 0,
    "otherExpenses": 635812000,
    "operatingExpenses": 635812000,
    "costAndExpenses": 635812000,
    "interestIncome": 0,
    "interestExpense": 0,
    "depreciationAndAmortization": 35758000,
    "ebitda": 163243000,
    "ebitdaratio": 0.2138656381,
    "operatingIncome": 127485000,
    "operatingIncomeRatio": 0.1670188668,
    "totalOtherIncomeExpensesNet": 1410000,
    "incomeBeforeTax": 128895000,
    "incomeBeforeTaxRatio": 0.1688661163,
    "incomeTaxExpense": 54272000,
    "netIncome": 74629000,
    "netIncomeRatio": 0.0977719027,
    "eps": 1.09,
    "epsdiluted": 1.07,
    "weightedAverageShsOut": 68466972,
    "weightedAverageShsOutDil": 69746729,
    "link": null,
    "finalLink": null
  },
  {
    "date": "1998-12-31",
    "symbol": "FIS",
    "reportedCurrency": "USD",
    "cik": "0001136893",
    "fillingDate": "1998-12-31",
    "acceptedDate": "1998-12-31 00:00:00",
    "calendarYear": "1998",
    "period": "FY",
    "revenue": 625777000,
    "costOfRevenue": 0,
    "grossProfit": 625777000,
    "grossProfitRatio": 1,
    "researchAndDevelopmentExpenses": 0,
    "generalAndAdministrativeExpenses": 0,
    "sellingAndMarketingExpenses": 0,
    "sellingGeneralAndAdministrativeExpenses": 0,
    "otherExpenses": 522486000,
    "operatingExpenses": 522486000,
    "costAndExpenses": 522486000,
    "interestIncome": 0,
    "interestExpense": 0,
    "depreciationAndAmortization": 0,
    "ebitda": 103291000,
    "ebitdaratio": 0.1650603969,
    "operatingIncome": 103291000,
    "operatingIncomeRatio": 0.1650603969,
    "totalOtherIncomeExpensesNet": -916000,
    "incomeBeforeTax": 102375000,
    "incomeBeforeTaxRatio": 0.1635966167,
    "incomeTaxExpense": 40505000,
    "netIncome": 61090000,
    "netIncomeRatio": 0.0976226355,
    "eps": 0.86,
    "epsdiluted": 0.85,
    "weightedAverageShsOut": 71034884,
    "weightedAverageShsOutDil": 71870588,
    "link": null,
    "finalLink": null
  }
]