[
  {
    "date": "2025-06-30",
    "symbol": "FITB",
    "reportedCurrency": "USD",
    "cik": "0000035527",
    "fillingDate": "2025-08-05",
    "acceptedDate": "2025-08-05 16:36:59",
    "calendarYear": "2025",
    "period": "Q2",
    "revenue": 3234000000,
    "costOfRevenue": 1162000000,
    "grossProfit": 2072000000,
    "grossProfitRatio": 0.6406926407,
    "researchAndDevelopmentExpenses": 0,
    "generalAndAdministrativeExpenses": 215000000,
    "sellingAndMarketingExpenses": 43000000,
    "sellingGeneralAndAdministrativeExpenses": 258000000,
    "otherExpenses": 1006000000,
    "operatingExpenses": 1264000000,
    "costAndExpenses": 2426000000,
    "interestIncome": 2484000000,
    "interestExpense": 989000000,
    "depreciationAndAmortization": 138000000,
    "ebitda": 946000000,
    "ebitdaratio": 0.2925170068,
    "operatingIncome": 808000000,
    "operatingIncomeRatio": 0.2498453927,
    "totalOtherIncomeExpensesNet": 0,
    "incomeBeforeTax": 808000000,
    "incomeBeforeTaxRatio": 0.2498453927,
    "incomeTaxExpense": 180000000,
    "netIncome": 628000000,
    "netIncomeRatio": 0.1941867656,
    "eps": 0.88,
    "epsdiluted": 0.88,
    "weightedAverageShsOut": 670787000,
    "weightedAverageShsOutDil": 674034000,
    "link": "https://www.sec.gov/Archives/edgar/data/35527/000003552725000171/0000035527-25-000171-index.htm",
    "finalLink": "https://www.sec.gov/Archives/edgar/data/35527/000003552725000171/fitb-20250630.htm"
  },
  {
    "date": "2025-03-31",
    "symbol": "FITB",
    "reportedCurrency": "USD",
    "cik": "0000035527",
    "fillingDate": "2025-05-06",
    "acceptedDate": "2025-05-06 16:24:45",
    "calendarYear": "2025",
    "period": "Q1",
    "revenue": 3075000000,
    "costOfRevenue": 1169000000,
    "grossProfit": 1906000000,
    "grossProfitRatio": 0.6198373984,
    "researchAndDevelopmentExpenses": 0,
    "generalAndAdministrativeExpenses": 810000000,
    "sellingAndMarketingExpenses": 28000000,
    "sellingGeneralAndAdministrativeExpenses": 838000000,
    "otherExpenses": 415000000,
    "operatingExpenses": 1253000000,
    "costAndExpenses": 2422000000,
    "interestIncome": 2432000000,
    "interestExpense": 995000000,
    "depreciationAndAmortization": 135000000,
    "ebitda": 788000000,
    "ebitdaratio": 0.2562601626,
    "operatingIncome": 653000000,
    "operatingIncomeRatio": 0.2123577236,
    "totalOtherIncomeExpensesNet": 0,
    "incomeBeforeTax": 653000000,
    "incomeBeforeTaxRatio": 0.2123577236,
    "incomeTaxExpense": 138000000,
    "netIncome": 515000000,
    "netIncomeRatio": 0.1674796748,
    "eps": 0.71,
    "epsdiluted": 0.71,
    "weightedAverageShsOut": 671052000,
    "weightedAverageShsOutDil": 676040000,
    "link": "https://www.sec.gov/Archives/edgar/data/35527/000003552725000137/0000035527-25-000137-index.htm",
    "finalLink": "https://www.sec.gov/Archives/edgar/data/35527/000003552725000137/fitb-20250331.htm"
  },
  {
    "date": "2024-12-31",
    "symbol": "FITB",
    "reportedCurrency": "USD",
    "cik": "0000035527",
    "fillingDate": "2025-02-24",
    "acceptedDate": "2025-02-24 17:25:04",
    "calendarYear": "2024",
    "period": "Q4",
    "revenue": 3234000000,
    "costOfRevenue": 1270000000,
    "grossProfit": 1964000000,
    "grossProfitRatio": 0.6072974644,
    "researchAndDevelopmentExpenses": 0,
    "generalAndAdministrativeExpenses": 725000000,
    "sellingAndMarketingExpenses": 23000000,
    "sellingGeneralAndAdministrativeExpenses": 748000000,
    "otherExpenses": 451000000,
    "operatingExpenses": 1199000000,
    "costAndExpenses": 2469000000,
    "interestIncome": 2529000000,
    "interestExpense": 1091000000,
    "depreciationAndAmortization": 124000000,
    "ebitda": 889000000,
    "ebitdaratio": 0.2748917749,
    "operatingIncome": 765000000,
    "operatingIncomeRatio": 0.2365491651,
    "totalOtherIncomeExpensesNet": 0,
    "incomeBeforeTax": 765000000,
    "incomeBeforeTaxRatio": 0.2365491651,
    "incomeTaxExpense": 145000000,
    "netIncome": 620000000,
    "netIncomeRatio": 0.1917130489,
    "eps": 0.86,
    "epsdiluted": 0.85,
    "weightedAverageShsOut": 675307000,
    "weightedAverageShsOutDil": 681456000,
    "link": "https://www.sec.gov/Archives/edgar/data/35527/000003552725000079/0000035527-25-000079-index.htm",
    "finalLink": "https://www.sec.gov/Archives/edgar/data/35527/000003552725000079/fitb-20241231.htm"
  },
  {
    "date": "2024-09-30",
    "symbol": "FITB",
    "reportedCurrency": "USD",
    "cik": "0000035527",
    "fillingDate": "2024-11-05",
    "acceptedDate": "2024-11-05 16:54:28",
    "calendarYear": "2024",
    "period": "Q3",
    "revenue": 3311000000,
    "costOfRevenue": 1408000000,
    "grossProfit": 1903000000,
    "grossProfitRatio": 0.5747508306,
    "researchAndDevelopmentExpenses": 0,
    "generalAndAdministrativeExpenses": 746000000,
    "sellingAndMarketingExpenses": 26000000,
    "sellingGeneralAndAdministrativeExpenses": 772000000,
    "otherExpenses": 403000000,
    "operatingExpenses": 1175000000,
    "costAndExpenses": 2583000000,
    "interestIncome": 2669000000,
    "interestExpense": 1248000000,
    "depreciationAndAmortization": 123000000,
    "ebitda": 851000000,
    "ebitdaratio": 0.2570220477,
    "operatingIncome": 728000000,
    "operatingIncomeRatio": 0.2198731501,
    "totalOtherIncomeExpensesNet": 0,
    "incomeBeforeTax": 728000000,
    "incomeBeforeTaxRatio": 0.2198731501,
    "incomeTaxExpense": 155000000,
    "netIncome": 573000000,
    "netIncomeRatio": 0.1730594986,
    "eps": 0.78,
    "epsdiluted": 0.78,
    "weightedAverageShsOut": 680895000,
    "weightedAverageShsOutDil": 686109000,
    "link": "https://www.sec.gov/Archives/edgar/data/35527/000003552724000249/0000035527-24-000249-index.htm",
    "finalLink": "https://www.sec.gov/Archives/edgar/data/35527/000003552724000249/fitb-20240930.htm"
  },
  {
    "date": "2024-06-30",
    "symbol": "FITB",
    "reportedCurrency": "USD",
    "cik": "0000035527",
    "fillingDate": "2024-08-06",
    "acceptedDate": "2024-08-06 16:29:48",
    "calendarYear": "2024",
    "period": "Q2",
    "revenue": 3259000000,
    "costOfRevenue": 1330000000,
    "grossProfit": 1929000000,
    "grossProfitRatio": 0.5918993556,
    "researchAndDevelopmentExpenses": 0,
    "generalAndAdministrativeExpenses": 725000000,
    "sellingAndMarketingExpenses": 34000000,
    "sellingGeneralAndAdministrativeExpenses": 759000000,
    "otherExpenses": 406000000,
    "operatingExpenses": 1165000000,
    "costAndExpenses": 2495000000,
    "interestIncome": 2620000000,
    "interestExpense": 1233000000,
    "depreciationAndAmortization": 120000000,
    "ebitda": 884000000,
    "ebitdaratio": 0.2712488493,
    "operatingIncome": 764000000,
    "operatingIncomeRatio": 0.2344277386,
    "totalOtherIncomeExpensesNet": 0,
    "incomeBeforeTax": 764000000,
    "incomeBeforeTaxRatio": 0.2344277386,
    "incomeTaxExpense": 163000000,
    "netIncome": 601000000,
    "netIncomeRatio": 0.1844123964,
    "eps": 0.82,
    "epsdiluted": 0.81,
    "weightedAverageShsOut": 686781000,
    "weightedAverageShsOutDil": 691083000,
    "link": "https://www.sec.gov/Archives/edgar/data/35527/000003552724000212/0000035527-24-000212-index.htm",
    "finalLink": "https://www.sec.gov/Archives/edgar/data/35527/000003552724000212/fitb-20240630.htm"
  },
  {
    "date": "2024-03-31",
    "symbol": "FITB",
    "reportedCurrency": "USD",
    "cik": "0000035527",
    "fillingDate": "2024-05-07",
    "acceptedDate": "2024-05-07 17:23:12",
    "calendarYear": "2024",
    "period": "Q1",
    "revenue": 3269000000,
    "costOfRevenue": 1318000000,
    "grossProfit": 1951000000,
    "grossProfitRatio": 0.596818599,
    "researchAndDevelopmentExpenses": 0,
    "generalAndAdministrativeExpenses": 851000000,
    "sellingAndMarketingExpenses": 32000000,
    "sellingGeneralAndAdministrativeExpenses": 883000000,
    "otherExpenses": 410000000,
    "operatingExpenses": 1293000000,
    "costAndExpenses": 2611000000,
    "interestIncome": 2608000000,
    "interestExpense": 1224000000,
    "depreciationAndAmortization": 128000000,
    "ebitda": 786000000,
    "ebitdaratio": 0.2404405017,
    "operatingIncome": 658000000,
    "operatingIncomeRatio": 0.2012847966,
    "totalOtherIncomeExpensesNet": 0,
    "incomeBeforeTax": 658000000,
    "incomeBeforeTaxRatio": 0.2012847966,
    "incomeTaxExpense": 138000000,
    "netIncome": 520000000,
    "netIncomeRatio": 0.159070052,
    "eps": 0.7,
    "epsdiluted": 0.7,
    "weightedAverageShsOut": 685750000,
    "weightedAverageShsOutDil": 690634000,
    "link": "https://www.sec.gov/Archives/edgar/data/35527/000003552724000166/0000035527-24-000166-index.htm",
    "finalLink": "https://www.sec.gov/Archives/edgar/data/35527/000003552724000166/fitb-20240331.htm"
  },
  {
    "date": "2023-12-31",
    "symbol": "FITB",
    "reportedCurrency": "USD",
    "cik": "0000035527",
    "fillingDate": "2024-02-27",
    "acceptedDate": "2024-02-27 17:11:13",
    "calendarYear": "2023",
    "period": "Q4",
    "revenue": 3298000000,
    "costOfRevenue": 1286000000,
    "grossProfit": 2012000000,
    "grossProfitRatio": 0.6100667071,
    "researchAndDevelopmentExpenses": 0,
    "generalAndAdministrativeExpenses": 724000000,
    "sellingAndMarketingExpenses": 30000000,
    "sellingGeneralAndAdministrativeExpenses": 754000000,
    "otherExpenses": 608000000,
    "operatingExpenses": 1362000000,
    "costAndExpenses": 2648000000,
    "interestIncome": 2647000000,
    "interestExpense": 1231000000,
    "depreciationAndAmortization": 115000000,
    "ebitda": 765000000,
    "ebitdaratio": 0.2319587629,
    "operatingIncome": 650000000,
    "operatingIncomeRatio": 0.1970891449,
    "totalOtherIncomeExpensesNet": 0,
    "incomeBeforeTax": 650000000,
    "incomeBeforeTaxRatio": 0.1970891449,
    "incomeTaxExpense": 120000000,
    "netIncome": 530000000,
    "netIncomeRatio": 0.1607034566,
    "eps": 0.72,
    "epsdiluted": 0.72,
    "weightedAverageShsOut": 684413000,
    "weightedAverageShsOutDil": 687729000,
    "link": "https://www.sec.gov/Archives/edgar/data/35527/000003552724000088/0000035527-24-000088-index.htm",
    "finalLink": "https://www.sec.gov/Archives/edgar/data/35527/000003552724000088/fitb-20231231.htm"
  },
  {
    "date": "2023-09-30",
    "symbol": "FITB",
    "reportedCurrency": "USD",
    "cik": "0000035527",
    "fillingDate": "2023-11-07",
    "acceptedDate": "2023-11-07 16:04:41",
    "calendarYear": "2023",
    "period": "Q3",
    "revenue": 3174000000,
    "costOfRevenue": 1210000000,
    "grossProfit": 1964000000,
    "grossProfitRatio": 0.6187775677,
    "researchAndDevelopmentExpenses": 0,
    "generalAndAdministrativeExpenses": 697000000,
    "sellingAndMarketingExpenses": 35000000,
    "sellingGeneralAndAdministrativeExpenses": 732000000,
    "otherExpenses": 386000000,
    "operatingExpenses": 1118000000,
    "costAndExpenses": 2328000000,
    "interestIncome": 2529000000,
    "interestExpense": 1091000000,
    "depreciationAndAmortization": 115000000,
    "ebitda": 961000000,
    "ebitdaratio": 0.3027725268,
    "operatingIncome": 846000000,
    "operatingIncomeRatio": 0.2665406427,
    "totalOtherIncomeExpensesNet": 0,
    "incomeBeforeTax": 846000000,
    "incomeBeforeTaxRatio": 0.2665406427,
    "incomeTaxExpense": 186000000,
    "netIncome": 660000000,
    "netIncomeRatio": 0.2079395085,
    "eps": 0.91,
    "epsdiluted": 0.91,
    "weightedAverageShsOut": 684224000,
    "weightedAverageShsOutDil": 687059000,
    "link": "https://www.sec.gov/Archives/edgar/data/35527/000003552723000254/0000035527-23-000254-index.htm",
    "finalLink": "https://www.sec.gov/Archives/edgar/data/35527/000003552723000254/fitb-20230930.htm"
  },
  {
    "date": "2023-06-30",
    "symbol": "FITB",
    "reportedCurrency": "USD",
    "cik": "0000035527",
    "fillingDate": "2023-08-07",
    "acceptedDate": "2023-08-07 16:35:27",
    "calendarYear": "2023",
    "period": "Q2",
    "revenue": 3002000000,
    "costOfRevenue": 1090000000,
    "grossProfit": 1912000000,
    "grossProfitRatio": 0.6369087275,
    "researchAndDevelopmentExpenses": 0,
    "generalAndAdministrativeExpenses": 723000000,
    "sellingAndMarketingExpenses": 31000000,
    "sellingGeneralAndAdministrativeExpenses": 754000000,
    "otherExpenses": 383000000,
    "operatingExpenses": 1137000000,
    "costAndExpenses": 2227000000,
    "interestIncome": 2370000000,
    "interestExpense": 913000000,
    "depreciationAndAmortization": 115000000,
    "ebitda": 890000000,
    "ebitdaratio": 0.2964690207,
    "operatingIncome": 775000000,
    "operatingIncomeRatio": 0.2581612258,
    "totalOtherIncomeExpensesNet": 0,
    "incomeBeforeTax": 775000000,
    "incomeBeforeTaxRatio": 0.2581612258,
    "incomeTaxExpense": 174000000,
    "netIncome": 601000000,
    "netIncomeRatio": 0.2001998668,
    "eps": 0.82,
    "epsdiluted": 0.82,
    "weightedAverageShsOut": 684029000,
    "weightedAverageShsOutDil": 686386000,
    "link": "https://www.sec.gov/Archives/edgar/data/35527/000003552723000214/0000035527-23-000214-index.htm",
    "finalLink": "https://www.sec.gov/Archives/edgar/data/35527/000003552723000214/fitb-20230630.htm"
  },
  {
    "date": "2023-03-31",
    "symbol": "FITB",
    "reportedCurrency": "USD",
    "cik": "0000035527",
    "fillingDate": "2023-05-09",
    "acceptedDate": "2023-05-09 16:55:52",
    "calendarYear": "2023",
    "period": "Q1",
    "revenue": 2852000000,
    "costOfRevenue": 860000000,
    "grossProfit": 1992000000,
    "grossProfitRatio": 0.698457223,
    "researchAndDevelopmentExpenses": 0,
    "generalAndAdministrativeExpenses": 831000000,
    "sellingAndMarketingExpenses": 29000000,
    "sellingGeneralAndAdministrativeExpenses": 860000000,
    "otherExpenses": 414000000,
    "operatingExpenses": 1274000000,
    "costAndExpenses": 2134000000,
    "interestIncome": 2213000000,
    "interestExpense": 696000000,
    "depreciationAndAmortization": 117000000,
    "ebitda": 835000000,
    "ebitdaratio": 0.2927769986,
    "operatingIncome": 718000000,
    "operatingIncomeRatio": 0.2517531557,
    "totalOtherIncomeExpensesNet": 0,
    "incomeBeforeTax": 718000000,
    "incomeBeforeTaxRatio": 0.2517531557,
    "incomeTaxExpense": 160000000,
    "netIncome": 558000000,
    "netIncomeRatio": 0.1956521739,
    "eps": 0.78,
    "epsdiluted": 0.78,
    "weightedAverageShsOut": 684017000,
    "weightedAverageShsOutDil": 689566000,
    "link": "https://www.sec.gov/Archives/edgar/data/35527/000003552723000190/0000035527-23-000190-index.htm",
    "finalLink": "https://www.sec.gov/Archives/edgar/data/35527/000003552723000190/fitb-20230331.htm"
  },
  {
    "date": "2022-12-31",
    "symbol": "FITB",
    "reportedCurrency": "USD",
    "cik": "0000035527",
    "fillingDate": "2023-02-24",
    "acceptedDate": "2023-02-24 16:59:53",
    "calendarYear": "2022",
    "period": "Q4",
    "revenue": 2734000000,
    "costOfRevenue": 678000000,
    "grossProfit": 2056000000,
    "grossProfitRatio": 0.7520117045,
    "researchAndDevelopmentExpenses": 0,
    "generalAndAdministrativeExpenses": 721000000,
    "sellingAndMarketingExpenses": 31000000,
    "sellingGeneralAndAdministrativeExpenses": 752000000,
    "otherExpenses": 390000000,
    "operatingExpenses": 1142000000,
    "costAndExpenses": 1820000000,
    "interestIncome": 2075000000,
    "interestExpense": 498000000,
    "depreciationAndAmortization": 112000000,
    "ebitda": 1026000000,
    "ebitdaratio": 0.3752743233,
    "operatingIncome": 914000000,
    "operatingIncomeRatio": 0.3343087052,
    "totalOtherIncomeExpensesNet": 0,
    "incomeBeforeTax": 914000000,
    "incomeBeforeTaxRatio": 0.3343087052,
    "incomeTaxExpense": 177000000,
    "netIncome": 737000000,
    "netIncomeRatio": 0.269568398,
    "eps": 1.01,
    "epsdiluted": 1.01,
    "weightedAverageShsOut": 688680000,
    "weightedAverageShsOutDil": 694195000,
    "link": "https://www.sec.gov/Archives/edgar/data/35527/000003552723000122/0000035527-23-000122-index.htm",
    "finalLink": "https://www.sec.gov/Archives/edgar/data/35527/000003552723000122/fitb-20221231.htm"
  },
  {
    "date": "2022-09-30",
    "symbol": "FITB",
    "reportedCurrency": "USD",
    "cik": "0000035527",
    "fillingDate": "2022-11-08",
    "acceptedDate": "2022-11-08 16:13:09",
    "calendarYear": "2022",
    "period": "Q3",
    "revenue": 2357000000,
    "costOfRevenue": 420000000,
    "grossProfit": 1937000000,
    "grossProfitRatio": 0.8218073823,
    "researchAndDevelopmentExpenses": 0,
    "generalAndAdministrativeExpenses": 675000000,
    "sellingAndMarketingExpenses": 35000000,
    "sellingGeneralAndAdministrativeExpenses": 710000000,
    "otherExpenses": 382000000,
    "operatingExpenses": 1092000000,
    "costAndExpenses": 1512000000,
    "interestIncome": 1760000000,
    "interestExpense": 262000000,
    "depreciationAndAmortization": 106000000,
    "ebitda": 951000000,
    "ebitdaratio": 0.4034789987,
    "operatingIncome": 845000000,
    "operatingIncomeRatio": 0.3585065762,
    "totalOtherIncomeExpensesNet": 0,
    "incomeBeforeTax": 845000000,
    "incomeBeforeTaxRatio": 0.3585065762,
    "incomeTaxExpense": 192000000,
    "netIncome": 653000000,
    "netIncomeRatio": 0.2770470938,
    "eps": 0.91,
    "epsdiluted": 0.91,
    "weightedAverageShsOut": 689278000,
    "weightedAverageShsOutDil": 694593000,
    "link": "https://www.sec.gov/Archives/edgar/data/35527/000003552722000242/0000035527-22-000242-index.htm",
    "finalLink": "https://www.sec.gov/Archives/edgar/data/35527/000003552722000242/fitb-20220930.htm"
  },
  {
    "date": "2022-06-30",
    "symbol": "FITB",
    "reportedCurrency": "USD",
    "cik": "0000035527",
    "fillingDate": "2022-08-05",
    "acceptedDate": "2022-08-05 16:56:28",
    "calendarYear": "2022",
    "period": "Q2",
    "revenue": 2073000000,
    "costOfRevenue": 304000000,
    "grossProfit": 1769000000,
    "grossProfitRatio": 0.853352629,
    "researchAndDevelopmentExpenses": 0,
    "generalAndAdministrativeExpenses": 649000000,
    "sellingAndMarketingExpenses": 28000000,
    "sellingGeneralAndAdministrativeExpenses": 677000000,
    "otherExpenses": 368000000,
    "operatingExpenses": 1045000000,
    "costAndExpenses": 1349000000,
    "interestIncome": 1464000000,
    "interestExpense": 125000000,
    "depreciationAndAmortization": 109000000,
    "ebitda": 833000000,
    "ebitdaratio": 0.4018330921,
    "operatingIncome": 724000000,
    "operatingIncomeRatio": 0.3492522914,
    "totalOtherIncomeExpensesNet": 0,
    "incomeBeforeTax": 724000000,
    "incomeBeforeTaxRatio": 0.3492522914,
    "incomeTaxExpense": 162000000,
    "netIncome": 562000000,
    "netIncomeRatio": 0.2711046792,
    "eps": 0.76,
    "epsdiluted": 0.76,
    "weightedAverageShsOut": 689019000,
    "weightedAverageShsOutDil": 694805000,
    "link": "https://www.sec.gov/Archives/edgar/data/35527/000003552722000216/0000035527-22-000216-index.htm",
    "finalLink": "https://www.sec.gov/Archives/edgar/data/35527/000003552722000216/fitb-20220630.htm"
  },
  {
    "date": "2022-03-31",
    "symbol": "FITB",
    "reportedCurrency": "USD",
    "cik": "0000035527",
    "fillingDate": "2022-05-09",
    "acceptedDate": "2022-05-09 16:04:43",
    "calendarYear": "2022",
    "period": "Q1",
    "revenue": 1897000000,
    "costOfRevenue": 139000000,
    "grossProfit": 1758000000,
    "grossProfitRatio": 0.9267264101,
    "researchAndDevelopmentExpenses": 0,
    "generalAndAdministrativeExpenses": 774000000,
    "sellingAndMarketingExpenses": 24000000,
    "sellingGeneralAndAdministrativeExpenses": 798000000,
    "otherExpenses": 348000000,
    "operatingExpenses": 1146000000,
    "costAndExpenses": 1285000000,
    "interestIncome": 1289000000,
    "interestExpense": 94000000,
    "depreciationAndAmortization": 109000000,
    "ebitda": 721000000,
    "ebitdaratio": 0.3800738007,
    "operatingIncome": 612000000,
    "operatingIncomeRatio": 0.3226146547,
    "totalOtherIncomeExpensesNet": 0,
    "incomeBeforeTax": 612000000,
    "incomeBeforeTaxRatio": 0.3226146547,
    "incomeTaxExpense": 118000000,
    "netIncome": 494000000,
    "netIncomeRatio": 0.2604111755,
    "eps": 0.69,
    "epsdiluted": 0.68,
    "weightedAverageShsOut": 687538000,
    "weightedAverageShsOutDil": 696242000,
    "link": "https://www.sec.gov/Archives/edgar/data/35527/000003552722000182/0000035527-22-000182-index.htm",
    "finalLink": "https://www.sec.gov/Archives/edgar/data/35527/000003552722000182/fitb-20220331.htm"
  },
  {
    "date": "2021-12-31",
    "symbol": "FITB",
    "reportedCurrency": "USD",
    "cik": "0000035527",
    "fillingDate": "2022-02-25",
    "acceptedDate": "2022-02-25 16:20:14",
    "calendarYear": "2021",
    "period": "Q4",
    "revenue": 1974000000,
    "costOfRevenue": 52000000,
    "grossProfit": 1922000000,
    "grossProfitRatio": 0.9736575481,
    "researchAndDevelopmentExpenses": 0,
    "generalAndAdministrativeExpenses": 728000000,
    "sellingAndMarketingExpenses": 35000000,
    "sellingGeneralAndAdministrativeExpenses": 763000000,
    "otherExpenses": 331000000,
    "operatingExpenses": 1094000000,
    "costAndExpenses": 1146000000,
    "interestIncome": 1295000000,
    "interestExpense": 99000000,
    "depreciationAndAmortization": -22000000,
    "ebitda": 806000000,
    "ebitdaratio": 0.4083080041,
    "operatingIncome": 828000000,
    "operatingIncomeRatio": 0.4194528875,
    "totalOtherIncomeExpensesNet": 0,
    "incomeBeforeTax": 828000000,
    "incomeBeforeTaxRatio": 0.4194528875,
    "incomeTaxExpense": 165000000,
    "netIncome": 663000000,
    "netIncomeRatio": 0.3358662614,
    "eps": 0.91,
    "epsdiluted": 0.9,
    "weightedAverageShsOut": 688370000,
    "weightedAverageShsOutDil": 697532000,
    "link": "https://www.sec.gov/Archives/edgar/data/35527/000003552722000119/0000035527-22-000119-index.htm",
    "finalLink": "https://www.sec.gov/Archives/edgar/data/35527/000003552722000119/fitb-20211231.htm"
  },
  {
    "date": "2021-09-30",
    "symbol": "FITB",
    "reportedCurrency": "USD",
    "cik": "0000035527",
    "fillingDate": "2021-11-05",
    "acceptedDate": "2021-11-05 16:07:17",
    "calendarYear": "2021",
    "period": "Q3",
    "revenue": 2033000000,
    "costOfRevenue": 61000000,
    "grossProfit": 1972000000,
    "grossProfitRatio": 0.9699950812,
    "researchAndDevelopmentExpenses": 0,
    "generalAndAdministrativeExpenses": 689000000,
    "sellingAndMarketingExpenses": 29000000,
    "sellingGeneralAndAdministrativeExpenses": 718000000,
    "otherExpenses": 359000000,
    "operatingExpenses": 1077000000,
    "costAndExpenses": 1138000000,
    "interestIncome": 1292000000,
    "interestExpense": 103000000,
    "depreciationAndAmortization": 128000000,
    "ebitda": 1023000000,
    "ebitdaratio": 0.5031972455,
    "operatingIncome": 895000000,
    "operatingIncomeRatio": 0.4402361043,
    "totalOtherIncomeExpensesNet": 0,
    "incomeBeforeTax": 895000000,
    "incomeBeforeTaxRatio": 0.4402361043,
    "incomeTaxExpense": 191000000,
    "netIncome": 704000000,
    "netIncomeRatio": 0.3462862764,
    "eps": 0.98,
    "epsdiluted": 0.97,
    "weightedAverageShsOut": 697457000,
    "weightedAverageShsOutDil": 706090000,
    "link": "https://www.sec.gov/Archives/edgar/data/35527/000003552721000253/0000035527-21-000253-index.htm",
    "finalLink": "https://www.sec.gov/Archives/edgar/data/35527/000003552721000253/fitb-20210930.htm"
  },
  {
    "date": "2021-06-30",
    "symbol": "FITB",
    "reportedCurrency": "USD",
    "cik": "0000035527",
    "fillingDate": "2021-08-06",
    "acceptedDate": "2021-08-06 16:10:28",
    "calendarYear": "2021",
    "period": "Q2",
    "revenue": 1974000000,
    "costOfRevenue": 0,
    "grossProfit": 1974000000,
    "grossProfitRatio": 1,
    "researchAndDevelopmentExpenses": 0,
    "generalAndAdministrativeExpenses": 701000000,
    "sellingAndMarketingExpenses": 20000000,
    "sellingGeneralAndAdministrativeExpenses": 721000000,
    "otherExpenses": 342000000,
    "operatingExpenses": 1063000000,
    "costAndExpenses": 1063000000,
    "interestIncome": 1323000000,
    "interestExpense": 115000000,
    "depreciationAndAmortization": 121000000,
    "ebitda": 1032000000,
    "ebitdaratio": 0.5227963526,
    "operatingIncome": 911000000,
    "operatingIncomeRatio": 0.4614994934,
    "totalOtherIncomeExpensesNet": 0,
    "incomeBeforeTax": 911000000,
    "incomeBeforeTaxRatio": 0.4614994934,
    "incomeTaxExpense": 202000000,
    "netIncome": 709000000,
    "netIncomeRatio": 0.3591691996,
    "eps": 0.95,
    "epsdiluted": 0.94,
    "weightedAverageShsOut": 708833000,
    "weightedAverageShsOutDil": 718085000,
    "link": "https://www.sec.gov/Archives/edgar/data/35527/000003552721000221/0000035527-21-000221-index.htm",
    "finalLink": "https://www.sec.gov/Archives/edgar/data/35527/000003552721000221/fitb-20210630.htm"
  },
  {
    "date": "2021-03-31",
    "symbol": "FITB",
    "reportedCurrency": "USD",
    "cik": "0000035527",
    "fillingDate": "2021-05-07",
    "acceptedDate": "2021-05-07 16:09:38",
    "calendarYear": "2021",
    "period": "Q1",
    "revenue": 1973000000,
    "costOfRevenue": -47000000,
    "grossProfit": 2020000000,
    "grossProfitRatio": 1.0238215915,
    "researchAndDevelopmentExpenses": 0,
    "generalAndAdministrativeExpenses": 769000000,
    "sellingAndMarketingExpenses": 23000000,
    "sellingGeneralAndAdministrativeExpenses": 792000000,
    "otherExpenses": 345000000,
    "operatingExpenses": 1137000000,
    "costAndExpenses": 1090000000,
    "interestIncome": 1302000000,
    "interestExpense": 126000000,
    "depreciationAndAmortization": 122000000,
    "ebitda": 1005000000,
    "ebitdaratio": 0.5093765839,
    "operatingIncome": 883000000,
    "operatingIncomeRatio": 0.4475418145,
    "totalOtherIncomeExpensesNet": 0,
    "incomeBeforeTax": 883000000,
    "incomeBeforeTaxRatio": 0.4475418145,
    "incomeTaxExpense": 189000000,
    "netIncome": 694000000,
    "netIncomeRatio": 0.3517486062,
    "eps": 0.94,
    "epsdiluted": 0.93,
    "weightedAverageShsOut": 714433000,
    "weightedAverageShsOutDil": 723425000,
    "link": "https://www.sec.gov/Archives/edgar/data/35527/000003552721000180/0000035527-21-000180-index.htm",
    "finalLink": "https://www.sec.gov/Archives/edgar/data/35527/000003552721000180/fitb-20210331.htm"
  },
  {
    "date": "2020-12-31",
    "symbol": "FITB",
    "reportedCurrency": "USD",
    "cik": "0000035527",
    "fillingDate": "2021-02-26",
    "acceptedDate": "2021-02-26 16:58:20",
    "calendarYear": "2020",
    "period": "Q4",
    "revenue": 1955000000,
    "costOfRevenue": 120000000,
    "grossProfit": 1835000000,
    "grossProfitRatio": 0.9386189258,
    "researchAndDevelopmentExpenses": 0,
    "generalAndAdministrativeExpenses": 757000000,
    "sellingAndMarketingExpenses": 30000000,
    "sellingGeneralAndAdministrativeExpenses": 787000000,
    "otherExpenses": 302000000,
    "operatingExpenses": 1089000000,
    "costAndExpenses": 1209000000,
    "interestIncome": 1315000000,
    "interestExpense": 133000000,
    "depreciationAndAmortization": 134000000,
    "ebitda": 880000000,
    "ebitdaratio": 0.4501278772,
    "operatingIncome": 746000000,
    "operatingIncomeRatio": 0.3815856777,
    "totalOtherIncomeExpensesNet": 0,
    "incomeBeforeTax": 746000000,
    "incomeBeforeTaxRatio": 0.3815856777,
    "incomeTaxExpense": 142000000,
    "netIncome": 604000000,
    "netIncomeRatio": 0.3089514066,
    "eps": 0.79,
    "epsdiluted": 0.78,
    "weightedAverageShsOut": 715482000,
    "weightedAverageShsOutDil": 722096000,
    "link": "https://www.sec.gov/Archives/edgar/data/35527/000003552721000100/0000035527-21-000100-index.htm",
    "finalLink": "https://www.sec.gov/Archives/edgar/data/35527/000003552721000100/fitb-20201231.htm"
  },
  {
    "date": "2020-09-30",
    "symbol": "FITB",
    "reportedCurrency": "USD",
    "cik": "0000035527",
    "fillingDate": "2020-11-05",
    "acceptedDate": "2020-11-05 16:23:49",
    "calendarYear": "2020",
    "period": "Q3",
    "revenue": 1989000000,
    "costOfRevenue": 144000000,
    "grossProfit": 1845000000,
    "grossProfitRatio": 0.92760181,
    "researchAndDevelopmentExpenses": 0,
    "generalAndAdministrativeExpenses": 717000000,
    "sellingAndMarketingExpenses": 23000000,
    "sellingGeneralAndAdministrativeExpenses": 740000000,
    "otherExpenses": 359000000,
    "operatingExpenses": 1099000000,
    "costAndExpenses": 1243000000,
    "interestIncome": 1329000000,
    "interestExpense": 159000000,
    "depreciationAndAmortization": 127000000,
    "ebitda": 873000000,
    "ebitdaratio": 0.4389140271,
    "operatingIncome": 746000000,
    "operatingIncomeRatio": 0.3750628457,
    "totalOtherIncomeExpensesNet": 0,
    "incomeBeforeTax": 746000000,
    "incomeBeforeTaxRatio": 0.3750628457,
    "incomeTaxExpense": 165000000,
    "netIncome": 581000000,
    "netIncomeRatio": 0.2921065862,
    "eps": 0.78,
    "epsdiluted": 0.78,
    "weightedAverageShsOut": 715102000,
    "weightedAverageShsOutDil": 718894000,
    "link": "https://www.sec.gov/Archives/edgar/data/35527/000003552720000107/0000035527-20-000107-index.htm",
    "finalLink": "https://www.sec.gov/Archives/edgar/data/35527/000003552720000107/fitb-20200930.htm"
  },
  {
    "date": "2020-06-30",
    "symbol": "FITB",
    "reportedCurrency": "USD",
    "cik": "0000035527",
    "fillingDate": "2020-08-07",
    "acceptedDate": "2020-08-07 15:03:29",
    "calendarYear": "2020",
    "period": "Q2",
    "revenue": 1996000000,
    "costOfRevenue": 688000000,
    "grossProfit": 1308000000,
    "grossProfitRatio": 0.6553106212,
    "researchAndDevelopmentExpenses": 0,
    "generalAndAdministrativeExpenses": 692000000,
    "sellingAndMarketingExpenses": 20000000,
    "sellingGeneralAndAdministrativeExpenses": 712000000,
    "otherExpenses": 352000000,
    "operatingExpenses": 1064000000,
    "costAndExpenses": 1752000000,
    "interestIncome": 1403000000,
    "interestExpense": 203000000,
    "depreciationAndAmortization": 113000000,
    "ebitda": 357000000,
    "ebitdaratio": 0.1788577154,
    "operatingIncome": 244000000,
    "operatingIncomeRatio": 0.122244489,
    "totalOtherIncomeExpensesNet": 0,
    "incomeBeforeTax": 244000000,
    "incomeBeforeTaxRatio": 0.122244489,
    "incomeTaxExpense": 49000000,
    "netIncome": 195000000,
    "netIncomeRatio": 0.0976953908,
    "eps": 0.23,
    "epsdiluted": 0.23,
    "weightedAverageShsOut": 714767000,
    "weightedAverageShsOutDil": 717572000,
    "link": "https://www.sec.gov/Archives/edgar/data/35527/000003552720000077/0000035527-20-000077-index.htm",
    "finalLink": "https://www.sec.gov/Archives/edgar/data/35527/000003552720000077/fitb-20200630.htm"
  },
  {
    "date": "2020-03-31",
    "symbol": "FITB",
    "reportedCurrency": "USD",
    "cik": "0000035527",
    "fillingDate": "2020-05-08",
    "acceptedDate": "2020-05-08 16:31:09",
    "calendarYear": "2020",
    "period": "Q1",
    "revenue": 2133000000,
    "costOfRevenue": 936000000,
    "grossProfit": 1197000000,
    "grossProfitRatio": 0.5611814346,
    "researchAndDevelopmentExpenses": 0,
    "generalAndAdministrativeExpenses": 717000000,
    "sellingAndMarketingExpenses": 31000000,
    "sellingGeneralAndAdministrativeExpenses": 748000000,
    "otherExpenses": 389000000,
    "operatingExpenses": 1137000000,
    "costAndExpenses": 2073000000,
    "interestIncome": 1525000000,
    "interestExpense": 296000000,
    "depreciationAndAmortization": 118000000,
    "ebitda": 178000000,
    "ebitdaratio": 0.0834505391,
    "operatingIncome": 60000000,
    "operatingIncomeRatio": 0.0281293952,
    "totalOtherIncomeExpensesNet": 0,
    "incomeBeforeTax": 60000000,
    "incomeBeforeTaxRatio": 0.0281293952,
    "incomeTaxExpense": 14000000,
    "netIncome": 46000000,
    "netIncomeRatio": 0.0215658697,
    "eps": 0.04,
    "epsdiluted": 0.04,
    "weightedAverageShsOut": 713556000,
    "weightedAverageShsOutDil": 720363000,
    "link": "https://www.sec.gov/Archives/edgar/data/35527/000119312520137598/0001193125-20-137598-index.htm",
    "finalLink": "https://www.sec.gov/Archives/edgar/data/35527/000119312520137598/d840512d10q.htm"
  },
  {
    "date": "2019-12-31",
    "symbol": "FITB",
    "reportedCurrency": "USD",
    "cik": "0000035527",
    "fillingDate": "2020-03-02",
    "acceptedDate": "2020-03-02 06:17:47",
    "calendarYear": "2019",
    "period": "Q4",
    "revenue": 2175000000,
    "costOfRevenue": 493000000,
    "grossProfit": 1682000000,
    "grossProfitRatio": 0.7733333333,
    "researchAndDevelopmentExpenses": 0,
    "generalAndAdministrativeExpenses": 641000000,
    "sellingAndMarketingExpenses": 45000000,
    "sellingGeneralAndAdministrativeExpenses": 686000000,
    "otherExpenses": 55000000,
    "operatingExpenses": 741000000,
    "costAndExpenses": 1234000000,
    "interestIncome": 1560000000,
    "interestExpense": 332000000,
    "depreciationAndAmortization": 183000000,
    "ebitda": 1124000000,
    "ebitdaratio": 0.5167816092,
    "operatingIncome": 941000000,
    "operatingIncomeRatio": 0.4326436782,
    "totalOtherIncomeExpensesNet": 0,
    "incomeBeforeTax": 941000000,
    "incomeBeforeTaxRatio": 0.4326436782,
    "incomeTaxExpense": 207000000,
    "netIncome": 734000000,
    "netIncomeRatio": 0.3374712644,
    "eps": 0.97,
    "epsdiluted": 0.96,
    "weightedAverageShsOut": 715137000,
    "weightedAverageShsOutDil": 724968000,
    "link": "https://www.sec.gov/Archives/edgar/data/35527/000119312520057751/0001193125-20-057751-index.htm",
    "finalLink": "https://www.sec.gov/Archives/edgar/data/35527/000119312520057751/d840471d10k.htm"
  },
  {
    "date": "2019-09-30",
    "symbol": "FITB",
    "reportedCurrency": "USD",
    "cik": "0000035527",
    "fillingDate": "2019-11-08",
    "acceptedDate": "2019-11-08 15:49:17",
    "calendarYear": "2019",
    "period": "Q3",
    "revenue": 2295000000,
    "costOfRevenue": 517000000,
    "grossProfit": 1778000000,
    "grossProfitRatio": 0.7747276688,
    "researchAndDevelopmentExpenses": 0,
    "generalAndAdministrativeExpenses": 658000000,
    "sellingAndMarketingExpenses": 40000000,
    "sellingGeneralAndAdministrativeExpenses": 698000000,
    "otherExpenses": 391000000,
    "operatingExpenses": 1089000000,
    "costAndExpenses": 1606000000,
    "interestIncome": 1625000000,
    "interestExpense": 383000000,
    "depreciationAndAmortization": 91000000,
    "ebitda": 780000000,
    "ebitdaratio": 0.339869281,
    "operatingIncome": 689000000,
    "operatingIncomeRatio": 0.3002178649,
    "totalOtherIncomeExpensesNet": 0,
    "incomeBeforeTax": 689000000,
    "incomeBeforeTaxRatio": 0.3002178649,
    "incomeTaxExpense": 140000000,
    "netIncome": 549000000,
    "netIncomeRatio": 0.2392156863,
    "eps": 0.72,
    "epsdiluted": 0.71,
    "weightedAverageShsOut": 726716000,
    "weightedAverageShsOutDil": 736086000,
    "link": "https://www.sec.gov/Archives/edgar/data/35527/000119312519288323/0001193125-19-288323-index.htm",
    "finalLink": "https://www.sec.gov/Archives/edgar/data/35527/000119312519288323/d818697d10q.htm"
  },
  {
    "date": "2019-06-30",
    "symbol": "FITB",
    "reportedCurrency": "USD",
    "cik": "0000035527",
    "fillingDate": "2019-08-08",
    "acceptedDate": "2019-08-08 12:28:03",
    "calendarYear": "2019",
    "period": "Q2",
    "revenue": 2229000000,
    "costOfRevenue": 476000000,
    "grossProfit": 1753000000,
    "grossProfitRatio": 0.7864513235,
    "researchAndDevelopmentExpenses": 0,
    "generalAndAdministrativeExpenses": 709000000,
    "sellingAndMarketingExpenses": 41000000,
    "sellingGeneralAndAdministrativeExpenses": 750000000,
    "otherExpenses": 426000000,
    "operatingExpenses": 1176000000,
    "costAndExpenses": 1652000000,
    "interestIncome": 1636000000,
    "interestExpense": 391000000,
    "depreciationAndAmortization": 109000000,
    "ebitda": 686000000,
    "ebitdaratio": 0.3077613279,
    "operatingIncome": 577000000,
    "operatingIncomeRatio": 0.2588604755,
    "totalOtherIncomeExpensesNet": 0,
    "incomeBeforeTax": 577000000,
    "incomeBeforeTaxRatio": 0.2588604755,
    "incomeTaxExpense": 124000000,
    "netIncome": 453000000,
    "netIncomeRatio": 0.203230148,
    "eps": 0.57,
    "epsdiluted": 0.57,
    "weightedAverageShsOut": 738051000,
    "weightedAverageShsOutDil": 747750000,
    "link": "https://www.sec.gov/Archives/edgar/data/35527/000119312519216480/0001193125-19-216480-index.htm",
    "finalLink": "https://www.sec.gov/Archives/edgar/data/35527/000119312519216480/d760071d10q.htm"
  },
  {
    "date": "2019-03-31",
    "symbol": "FITB",
    "reportedCurrency": "USD",
    "cik": "0000035527",
    "fillingDate": "2019-05-10",
    "acceptedDate": "2019-05-10 16:00:36",
    "calendarYear": "2019",
    "period": "Q1",
    "revenue": 1932000000,
    "costOfRevenue": 441000000,
    "grossProfit": 1491000000,
    "grossProfitRatio": 0.7717391304,
    "researchAndDevelopmentExpenses": 0,
    "generalAndAdministrativeExpenses": 663000000,
    "sellingAndMarketingExpenses": 36000000,
    "sellingGeneralAndAdministrativeExpenses": 699000000,
    "otherExpenses": -204000000,
    "operatingExpenses": 495000000,
    "costAndExpenses": 936000000,
    "interestIncome": 1433000000,
    "interestExpense": 351000000,
    "depreciationAndAmortization": 89000000,
    "ebitda": 1085000000,
    "ebitdaratio": 0.5615942029,
    "operatingIncome": 996000000,
    "operatingIncomeRatio": 0.5155279503,
    "totalOtherIncomeExpensesNet": 0,
    "incomeBeforeTax": 996000000,
    "incomeBeforeTaxRatio": 0.5155279503,
    "incomeTaxExpense": 221000000,
    "netIncome": 775000000,
    "netIncomeRatio": 0.4011387164,
    "eps": 1.14,
    "epsdiluted": 1.12,
    "weightedAverageShsOut": 661057000,
    "weightedAverageShsOutDil": 670685000,
    "link": "https://www.sec.gov/Archives/edgar/data/35527/000119312519144213/0001193125-19-144213-index.htm",
    "finalLink": "https://www.sec.gov/Archives/edgar/data/35527/000119312519144213/d738212d10q.htm"
  },
  {
    "date": "2018-12-31",
    "symbol": "FITB",
    "reportedCurrency": "USD",
    "cik": "0000035527",
    "fillingDate": "2019-03-01",
    "acceptedDate": "2019-03-01 09:04:05",
    "calendarYear": "2018",
    "period": "Q4",
    "revenue": 1898000000,
    "costOfRevenue": 407000000,
    "grossProfit": 1491000000,
    "grossProfitRatio": 0.7855637513,
    "researchAndDevelopmentExpenses": 0,
    "generalAndAdministrativeExpenses": 554000000,
    "sellingAndMarketingExpenses": 42000000,
    "sellingGeneralAndAdministrativeExpenses": 596000000,
    "otherExpenses": 172000000,
    "operatingExpenses": 768000000,
    "costAndExpenses": 1175000000,
    "interestIncome": 1393000000,
    "interestExpense": 312000000,
    "depreciationAndAmortization": 85000000,
    "ebitda": 808000000,
    "ebitdaratio": 0.425711275,
    "operatingIncome": 723000000,
    "operatingIncomeRatio": 0.3809272919,
    "totalOtherIncomeExpensesNet": 0,
    "incomeBeforeTax": 723000000,
    "incomeBeforeTaxRatio": 0.3809272919,
    "incomeTaxExpense": 251000000,
    "netIncome": 472000000,
    "netIncomeRatio": 0.248682824,
    "eps": 0.65,
    "epsdiluted": 0.64,
    "weightedAverageShsOut": 653062000,
    "weightedAverageShsOutDil": 662966000,
    "link": "https://www.sec.gov/Archives/edgar/data/35527/000119312519059441/0001193125-19-059441-index.htm",
    "finalLink": "https://www.sec.gov/Archives/edgar/data/35527/000119312519059441/d680668d10k.htm"
  },
  {
    "date": "2018-09-30",
    "symbol": "FITB",
    "reportedCurrency": "USD",
    "cik": "0000035527",
    "fillingDate": "2018-11-06",
    "acceptedDate": "2018-11-06 16:48:44",
    "calendarYear": "2018",
    "period": "Q3",
    "revenue": 1811000000,
    "costOfRevenue": 356000000,
    "grossProfit": 1455000000,
    "grossProfitRatio": 0.8034235229,
    "researchAndDevelopmentExpenses": 0,
    "generalAndAdministrativeExpenses": 567000000,
    "sellingAndMarketingExpenses": 43000000,
    "sellingGeneralAndAdministrativeExpenses": 610000000,
    "otherExpenses": 295000000,
    "operatingExpenses": 905000000,
    "costAndExpenses": 1261000000,
    "interestIncome": 1315000000,
    "interestExpense": 272000000,
    "depreciationAndAmortization": 49000000,
    "ebitda": 599000000,
    "ebitdaratio": 0.3307564881,
    "operatingIncome": 550000000,
    "operatingIncomeRatio": 0.3036996135,
    "totalOtherIncomeExpensesNet": 0,
    "incomeBeforeTax": 550000000,
    "incomeBeforeTaxRatio": 0.3036996135,
    "incomeTaxExpense": 114000000,
    "netIncome": 436000000,
    "netIncomeRatio": 0.2407509663,
    "eps": 0.62,
    "epsdiluted": 0.61,
    "weightedAverageShsOut": 667624000,
    "weightedAverageShsOutDil": 679199000,
    "link": "https://www.sec.gov/Archives/edgar/data/35527/000119312518319637/0001193125-18-319637-index.htm",
    "finalLink": "https://www.sec.gov/Archives/edgar/data/35527/000119312518319637/d634357d10q.htm"
  },
  {
    "date": "2018-06-30",
    "symbol": "FITB",
    "reportedCurrency": "USD",
    "cik": "0000035527",
    "fillingDate": "2018-08-08",
    "acceptedDate": "2018-08-08 16:27:45",
    "calendarYear": "2018",
    "period": "Q2",
    "revenue": 1789000000,
    "costOfRevenue": 263000000,
    "grossProfit": 1526000000,
    "grossProfitRatio": 0.8529904975,
    "researchAndDevelopmentExpenses": 0,
    "generalAndAdministrativeExpenses": 614000000,
    "sellingAndMarketingExpenses": 30000000,
    "sellingGeneralAndAdministrativeExpenses": 644000000,
    "otherExpenses": 134000000,
    "operatingExpenses": 778000000,
    "costAndExpenses": 1041000000,
    "interestIncome": 1269000000,
    "interestExpense": 249000000,
    "depreciationAndAmortization": 133000000,
    "ebitda": 881000000,
    "ebitdaratio": 0.4924538849,
    "operatingIncome": 748000000,
    "operatingIncomeRatio": 0.4181106764,
    "totalOtherIncomeExpensesNet": 0,
    "incomeBeforeTax": 748000000,
    "incomeBeforeTaxRatio": 0.4181106764,
    "incomeTaxExpense": 146000000,
    "netIncome": 602000000,
    "netIncomeRatio": 0.3365008385,
    "eps": 0.81,
    "epsdiluted": 0.8,
    "weightedAverageShsOut": 683345000,
    "weightedAverageShsOutDil": 696210000,
    "link": "https://www.sec.gov/Archives/edgar/data/35527/000119312518242791/0001193125-18-242791-index.htm",
    "finalLink": "https://www.sec.gov/Archives/edgar/data/35527/000119312518242791/d572603d10q.htm"
  },
  {
    "date": "2018-03-31",
    "symbol": "FITB",
    "reportedCurrency": "USD",
    "cik": "0000035527",
    "fillingDate": "2018-05-04",
    "acceptedDate": "2018-05-04 16:21:05",
    "calendarYear": "2018",
    "period": "Q1",
    "revenue": 1653000000,
    "costOfRevenue": 223000000,
    "grossProfit": 1430000000,
    "grossProfitRatio": 0.8650937689,
    "researchAndDevelopmentExpenses": 0,
    "generalAndAdministrativeExpenses": 621000000,
    "sellingAndMarketingExpenses": 32000000,
    "sellingGeneralAndAdministrativeExpenses": 653000000,
    "otherExpenses": -105000000,
    "operatingExpenses": 548000000,
    "costAndExpenses": 771000000,
    "interestIncome": 1206000000,
    "interestExpense": 210000000,
    "depreciationAndAmortization": 93000000,
    "ebitda": 975000000,
    "ebitdaratio": 0.5898366606,
    "operatingIncome": 882000000,
    "operatingIncomeRatio": 0.5335753176,
    "totalOtherIncomeExpensesNet": 0,
    "incomeBeforeTax": 882000000,
    "incomeBeforeTaxRatio": 0.5335753176,
    "incomeTaxExpense": 181000000,
    "netIncome": 701000000,
    "netIncomeRatio": 0.424077435,
    "eps": 0.99,
    "epsdiluted": 0.97,
    "weightedAverageShsOut": 689820000,
    "weightedAverageShsOutDil": 704101000,
    "link": "https://www.sec.gov/Archives/edgar/data/35527/000119312518152814/0001193125-18-152814-index.htm",
    "finalLink": "https://www.sec.gov/Archives/edgar/data/35527/000119312518152814/d570131d10q.htm"
  },
  {
    "date": "2017-12-31",
    "symbol": "FITB",
    "reportedCurrency": "USD",
    "cik": "0000035527",
    "fillingDate": "2018-02-28",
    "acceptedDate": "2018-02-28 08:59:15",
    "calendarYear": "2017",
    "period": "Q4",
    "revenue": 1600000000,
    "costOfRevenue": 257000000,
    "grossProfit": 1343000000,
    "grossProfitRatio": 0.839375,
    "researchAndDevelopmentExpenses": 0,
    "generalAndAdministrativeExpenses": 561000000,
    "sellingAndMarketingExpenses": 28000000,
    "sellingGeneralAndAdministrativeExpenses": 589000000,
    "otherExpenses": 362000000,
    "operatingExpenses": 951000000,
    "costAndExpenses": 1208000000,
    "interestIncome": 1145000000,
    "interestExpense": 189000000,
    "depreciationAndAmortization": 86000000,
    "ebitda": 478000000,
    "ebitdaratio": 0.29875,
    "operatingIncome": 392000000,
    "operatingIncomeRatio": 0.245,
    "totalOtherIncomeExpensesNet": 0,
    "incomeBeforeTax": 392000000,
    "incomeBeforeTaxRatio": 0.245,
    "incomeTaxExpense": -117000000,
    "netIncome": 509000000,
    "netIncomeRatio": 0.318125,
    "eps": 0.68,
    "epsdiluted": 0.67,
    "weightedAverageShsOut": 703372000,
    "weightedAverageShsOutDil": 716908000,
    "link": "https://www.sec.gov/Archives/edgar/data/35527/000119312518062301/0001193125-18-062301-index.htm",
    "finalLink": "https://www.sec.gov/Archives/edgar/data/35527/000119312518062301/d511082d10k.htm"
  },
  {
    "date": "2017-09-30",
    "symbol": "FITB",
    "reportedCurrency": "USD",
    "cik": "0000035527",
    "fillingDate": "2017-11-06",
    "acceptedDate": "2017-11-06 16:33:35",
    "calendarYear": "2017",
    "period": "Q3",
    "revenue": 1606000000,
    "costOfRevenue": 249000000,
    "grossProfit": 1357000000,
    "grossProfitRatio": 0.8449564134,
    "researchAndDevelopmentExpenses": 0,
    "generalAndAdministrativeExpenses": 549000000,
    "sellingAndMarketingExpenses": 37000000,
    "sellingGeneralAndAdministrativeExpenses": 586000000,
    "otherExpenses": -718000000,
    "operatingExpenses": -132000000,
    "costAndExpenses": 117000000,
    "interestIncome": 1152000000,
    "interestExpense": 182000000,
    "depreciationAndAmortization": 85000000,
    "ebitda": 1574000000,
    "ebitdaratio": 0.9800747198,
    "operatingIncome": 1489000000,
    "operatingIncomeRatio": 0.9271481943,
    "totalOtherIncomeExpensesNet": 0,
    "incomeBeforeTax": 1489000000,
    "incomeBeforeTaxRatio": 0.9271481943,
    "incomeTaxExpense": 475000000,
    "netIncome": 1014000000,
    "netIncomeRatio": 0.6313823163,
    "eps": 1.37,
    "epsdiluted": 1.35,
    "weightedAverageShsOut": 721280000,
    "weightedAverageShsOutDil": 733285000,
    "link": "https://www.sec.gov/Archives/edgar/data/35527/000119312517334343/0001193125-17-334343-index.htm",
    "finalLink": "https://www.sec.gov/Archives/edgar/data/35527/000119312517334343/d455623d10q.htm"
  },
  {
    "date": "2017-06-30",
    "symbol": "FITB",
    "reportedCurrency": "USD",
    "cik": "0000035527",
    "fillingDate": "2017-08-08",
    "acceptedDate": "2017-08-08 16:54:57",
    "calendarYear": "2017",
    "period": "Q2",
    "revenue": 1602000000,
    "costOfRevenue": 219000000,
    "grossProfit": 1383000000,
    "grossProfitRatio": 0.8632958801,
    "researchAndDevelopmentExpenses": 0,
    "generalAndAdministrativeExpenses": 548000000,
    "sellingAndMarketingExpenses": 30000000,
    "sellingGeneralAndAdministrativeExpenses": 578000000,
    "otherExpenses": 311000000,
    "operatingExpenses": 889000000,
    "costAndExpenses": 1108000000,
    "interestIncome": 1106000000,
    "interestExpense": 167000000,
    "depreciationAndAmortization": 81000000,
    "ebitda": 575000000,
    "ebitdaratio": 0.3589263421,
    "operatingIncome": 494000000,
    "operatingIncomeRatio": 0.3083645443,
    "totalOtherIncomeExpensesNet": 0,
    "incomeBeforeTax": 494000000,
    "incomeBeforeTaxRatio": 0.3083645443,
    "incomeTaxExpense": 127000000,
    "netIncome": 367000000,
    "netIncomeRatio": 0.2290886392,
    "eps": 0.46,
    "epsdiluted": 0.45,
    "weightedAverageShsOut": 741401000,
    "weightedAverageShsOutDil": 752328000,
    "link": "https://www.sec.gov/Archives/edgar/data/35527/000119312517251458/0001193125-17-251458-index.htm",
    "finalLink": "https://www.sec.gov/Archives/edgar/data/35527/000119312517251458/d411088d10q.htm"
  },
  {
    "date": "2017-03-31",
    "symbol": "FITB",
    "reportedCurrency": "USD",
    "cik": "0000035527",
    "fillingDate": "2017-05-05",
    "acceptedDate": "2017-05-05 16:04:23",
    "calendarYear": "2017",
    "period": "Q1",
    "revenue": 1547000000,
    "costOfRevenue": 227000000,
    "grossProfit": 1320000000,
    "grossProfitRatio": 0.8532643827,
    "researchAndDevelopmentExpenses": 0,
    "generalAndAdministrativeExpenses": 591000000,
    "sellingAndMarketingExpenses": 19000000,
    "sellingGeneralAndAdministrativeExpenses": 610000000,
    "otherExpenses": 314000000,
    "operatingExpenses": 924000000,
    "costAndExpenses": 1151000000,
    "interestIncome": 1086000000,
    "interestExpense": 153000000,
    "depreciationAndAmortization": 89000000,
    "ebitda": 485000000,
    "ebitdaratio": 0.3135100194,
    "operatingIncome": 396000000,
    "operatingIncomeRatio": 0.2559793148,
    "totalOtherIncomeExpensesNet": 0,
    "incomeBeforeTax": 396000000,
    "incomeBeforeTaxRatio": 0.2559793148,
    "incomeTaxExpense": 91000000,
    "netIncome": 305000000,
    "netIncomeRatio": 0.1971557854,
    "eps": 0.38,
    "epsdiluted": 0.38,
    "weightedAverageShsOut": 747668000,
    "weightedAverageShsOutDil": 760809000,
    "link": "https://www.sec.gov/Archives/edgar/data/35527/000119312517160784/0001193125-17-160784-index.htm",
    "finalLink": "https://www.sec.gov/Archives/edgar/data/35527/000119312517160784/d377070d10q.htm"
  },
  {
    "date": "2016-12-31",
    "symbol": "FITB",
    "reportedCurrency": "USD",
    "cik": "0000035527",
    "fillingDate": "2017-02-24",
    "acceptedDate": "2017-02-24 16:13:01",
    "calendarYear": "2016",
    "period": "Q4",
    "revenue": 1563000000,
    "costOfRevenue": 202000000,
    "grossProfit": 1361000000,
    "grossProfitRatio": 0.8707613564,
    "researchAndDevelopmentExpenses": 0,
    "generalAndAdministrativeExpenses": 545000000,
    "sellingAndMarketingExpenses": 23000000,
    "sellingGeneralAndAdministrativeExpenses": 568000000,
    "otherExpenses": 284000000,
    "operatingExpenses": 852000000,
    "costAndExpenses": 1054000000,
    "interestIncome": 1051000000,
    "interestExpense": 148000000,
    "depreciationAndAmortization": 112000000,
    "ebitda": 621000000,
    "ebitdaratio": 0.3973128599,
    "operatingIncome": 509000000,
    "operatingIncomeRatio": 0.3256557901,
    "totalOtherIncomeExpensesNet": 0,
    "incomeBeforeTax": 509000000,
    "incomeBeforeTaxRatio": 0.3256557901,
    "incomeTaxExpense": 120000000,
    "netIncome": 389000000,
    "netIncomeRatio": 0.2488803583,
    "eps": 0.49,
    "epsdiluted": 0.49,
    "weightedAverageShsOut": 746107000,
    "weightedAverageShsOutDil": 757444000,
    "link": "https://www.sec.gov/Archives/edgar/data/35527/000119312517056318/0001193125-17-056318-index.htm",
    "finalLink": "https://www.sec.gov/Archives/edgar/data/35527/000119312517056318/d259518d10k.htm"
  },
  {
    "date": "2016-09-30",
    "symbol": "FITB",
    "reportedCurrency": "USD",
    "cik": "0000035527",
    "fillingDate": "2016-11-09",
    "acceptedDate": "2016-11-09 07:03:30",
    "calendarYear": "2016",
    "period": "Q3",
    "revenue": 1553000000,
    "costOfRevenue": 230000000,
    "grossProfit": 1323000000,
    "grossProfitRatio": 0.8518995493,
    "researchAndDevelopmentExpenses": 0,
    "generalAndAdministrativeExpenses": 547000000,
    "sellingAndMarketingExpenses": 30000000,
    "sellingGeneralAndAdministrativeExpenses": 577000000,
    "otherExpenses": 52000000,
    "operatingExpenses": 629000000,
    "costAndExpenses": 859000000,
    "interestIncome": 1057000000,
    "interestExpense": 150000000,
    "depreciationAndAmortization": 113000000,
    "ebitda": 807000000,
    "ebitdaratio": 0.5196394076,
    "operatingIncome": 694000000,
    "operatingIncomeRatio": 0.4468770122,
    "totalOtherIncomeExpensesNet": 0,
    "incomeBeforeTax": 694000000,
    "incomeBeforeTaxRatio": 0.4468770122,
    "incomeTaxExpense": 178000000,
    "netIncome": 516000000,
    "netIncomeRatio": 0.3322601417,
    "eps": 0.66,
    "epsdiluted": 0.65,
    "weightedAverageShsOut": 750886000,
    "weightedAverageShsOutDil": 757456000,
    "link": "https://www.sec.gov/Archives/edgar/data/35527/000119312516763671/0001193125-16-763671-index.htm",
    "finalLink": "https://www.sec.gov/Archives/edgar/data/35527/000119312516763671/d264631d10q.htm"
  },
  {
    "date": "2016-06-30",
    "symbol": "FITB",
    "reportedCurrency": "USD",
    "cik": "0000035527",
    "fillingDate": "2016-08-05",
    "acceptedDate": "2016-08-05 08:57:30",
    "calendarYear": "2016",
    "period": "Q2",
    "revenue": 1549000000,
    "costOfRevenue": 235000000,
    "grossProfit": 1314000000,
    "grossProfitRatio": 0.8482892189,
    "researchAndDevelopmentExpenses": 0,
    "generalAndAdministrativeExpenses": 554000000,
    "sellingAndMarketingExpenses": 26000000,
    "sellingGeneralAndAdministrativeExpenses": 580000000,
    "otherExpenses": 307000000,
    "operatingExpenses": 887000000,
    "costAndExpenses": 1122000000,
    "interestIncome": 1046000000,
    "interestExpense": 144000000,
    "depreciationAndAmortization": 118000000,
    "ebitda": 545000000,
    "ebitdaratio": 0.3518398967,
    "operatingIncome": 427000000,
    "operatingIncomeRatio": 0.2756617172,
    "totalOtherIncomeExpensesNet": 0,
    "incomeBeforeTax": 427000000,
    "incomeBeforeTaxRatio": 0.2756617172,
    "incomeTaxExpense": 103000000,
    "netIncome": 328000000,
    "netIncomeRatio": 0.2117495158,
    "eps": 0.4,
    "epsdiluted": 0.4,
    "weightedAverageShsOut": 759105000,
    "weightedAverageShsOutDil": 765080000,
    "link": "https://www.sec.gov/Archives/edgar/data/35527/000119312516672711/0001193125-16-672711-index.htm",
    "finalLink": "https://www.sec.gov/Archives/edgar/data/35527/000119312516672711/d399238d10q.htm"
  },
  {
    "date": "2016-03-31",
    "symbol": "FITB",
    "reportedCurrency": "USD",
    "cik": "0000035527",
    "fillingDate": "2016-05-06",
    "acceptedDate": "2016-05-06 15:13:46",
    "calendarYear": "2016",
    "period": "Q1",
    "revenue": 1595000000,
    "costOfRevenue": 254000000,
    "grossProfit": 1341000000,
    "grossProfitRatio": 0.8407523511,
    "researchAndDevelopmentExpenses": 0,
    "generalAndAdministrativeExpenses": 570000000,
    "sellingAndMarketingExpenses": 26000000,
    "sellingGeneralAndAdministrativeExpenses": 596000000,
    "otherExpenses": 310000000,
    "operatingExpenses": 906000000,
    "costAndExpenses": 1160000000,
    "interestIncome": 1038000000,
    "interestExpense": 135000000,
    "depreciationAndAmortization": 110000000,
    "ebitda": 545000000,
    "ebitdaratio": 0.34169279,
    "operatingIncome": 435000000,
    "operatingIncomeRatio": 0.2727272727,
    "totalOtherIncomeExpensesNet": 0,
    "incomeBeforeTax": 435000000,
    "incomeBeforeTaxRatio": 0.2727272727,
    "incomeTaxExpense": 109000000,
    "netIncome": 326000000,
    "netIncomeRatio": 0.2043887147,
    "eps": 0.4,
    "epsdiluted": 0.4,
    "weightedAverageShsOut": 773564000,
    "weightedAverageShsOutDil": 778392000,
    "link": "https://www.sec.gov/Archives/edgar/data/35527/000119312516581818/0001193125-16-581818-index.htm",
    "finalLink": "https://www.sec.gov/Archives/edgar/data/35527/000119312516581818/d179767d10q.htm"
  },
  {
    "date": "2015-12-31",
    "symbol": "FITB",
    "reportedCurrency": "USD",
    "cik": "0000035527",
    "fillingDate": "2016-02-25",
    "acceptedDate": "2016-02-25 17:11:01",
    "calendarYear": "2015",
    "period": "Q4",
    "revenue": 1632000000,
    "costOfRevenue": 223000000,
    "grossProfit": 1409000000,
    "grossProfitRatio": 0.8633578431,
    "researchAndDevelopmentExpenses": 0,
    "generalAndAdministrativeExpenses": 521000000,
    "sellingAndMarketingExpenses": 23000000,
    "sellingGeneralAndAdministrativeExpenses": 544000000,
    "otherExpenses": -83000000,
    "operatingExpenses": 461000000,
    "costAndExpenses": 684000000,
    "interestIncome": 1029000000,
    "interestExpense": 132000000,
    "depreciationAndAmortization": 108000000,
    "ebitda": 1056000000,
    "ebitdaratio": 0.6470588235,
    "operatingIncome": 948000000,
    "operatingIncomeRatio": 0.5808823529,
    "totalOtherIncomeExpensesNet": 0,
    "incomeBeforeTax": 948000000,
    "incomeBeforeTaxRatio": 0.5808823529,
    "incomeTaxExpense": 292000000,
    "netIncome": 656000000,
    "netIncomeRatio": 0.4019607843,
    "eps": 0.8,
    "epsdiluted": 0.79,
    "weightedAverageShsOut": 784855000,
    "weightedAverageShsOutDil": 794481000,
    "link": "https://www.sec.gov/Archives/edgar/data/35527/000119312516478543/0001193125-16-478543-index.htm",
    "finalLink": "https://www.sec.gov/Archives/edgar/data/35527/000119312516478543/d48375d10k.htm"
  },
  {
    "date": "2015-09-30",
    "symbol": "FITB",
    "reportedCurrency": "USD",
    "cik": "0000035527",
    "fillingDate": "2015-11-05",
    "acceptedDate": "2015-11-05 16:52:39",
    "calendarYear": "2015",
    "period": "Q3",
    "revenue": 1653000000,
    "costOfRevenue": 281000000,
    "grossProfit": 1372000000,
    "grossProfitRatio": 0.8300060496,
    "researchAndDevelopmentExpenses": 0,
    "generalAndAdministrativeExpenses": 518000000,
    "sellingAndMarketingExpenses": 32000000,
    "sellingGeneralAndAdministrativeExpenses": 550000000,
    "otherExpenses": 307000000,
    "operatingExpenses": 857000000,
    "costAndExpenses": 1138000000,
    "interestIncome": 1026000000,
    "interestExpense": 125000000,
    "depreciationAndAmortization": 112000000,
    "ebitda": 627000000,
    "ebitdaratio": 0.3793103448,
    "operatingIncome": 515000000,
    "operatingIncomeRatio": 0.3115547489,
    "totalOtherIncomeExpensesNet": 0,
    "incomeBeforeTax": 515000000,
    "incomeBeforeTaxRatio": 0.3115547489,
    "incomeTaxExpense": 134000000,
    "netIncome": 381000000,
    "netIncomeRatio": 0.2304900181,
    "eps": 0.46,
    "epsdiluted": 0.45,
    "weightedAverageShsOut": 795793000,
    "weightedAverageShsOutDil": 805023000,
    "link": "https://www.sec.gov/Archives/edgar/data/35527/000119312515368428/0001193125-15-368428-index.htm",
    "finalLink": "https://www.sec.gov/Archives/edgar/data/35527/000119312515368428/d92233d10q.htm"
  },
  {
    "date": "2015-06-30",
    "symbol": "FITB",
    "reportedCurrency": "USD",
    "cik": "0000035527",
    "fillingDate": "2015-08-05",
    "acceptedDate": "2015-08-05 17:08:24",
    "calendarYear": "2015",
    "period": "Q2",
    "revenue": 1570000000,
    "costOfRevenue": 195000000,
    "grossProfit": 1375000000,
    "grossProfitRatio": 0.8757961783,
    "researchAndDevelopmentExpenses": 0,
    "generalAndAdministrativeExpenses": 518000000,
    "sellingAndMarketingExpenses": 27000000,
    "sellingGeneralAndAdministrativeExpenses": 545000000,
    "otherExpenses": 413000000,
    "operatingExpenses": 958000000,
    "costAndExpenses": 1153000000,
    "interestIncome": 1003000000,
    "interestExpense": 116000000,
    "depreciationAndAmortization": 114000000,
    "ebitda": 531000000,
    "ebitdaratio": 0.3382165605,
    "operatingIncome": 417000000,
    "operatingIncomeRatio": 0.2656050955,
    "totalOtherIncomeExpensesNet": 0,
    "incomeBeforeTax": 417000000,
    "incomeBeforeTaxRatio": 0.2656050955,
    "incomeTaxExpense": 108000000,
    "netIncome": 315000000,
    "netIncomeRatio": 0.2006369427,
    "eps": 0.36,
    "epsdiluted": 0.36,
    "weightedAverageShsOut": 803965000,
    "weightedAverageShsOutDil": 812843000,
    "link": "https://www.sec.gov/Archives/edgar/data/35527/000119312515278860/0001193125-15-278860-index.htm",
    "finalLink": "https://www.sec.gov/Archives/edgar/data/35527/000119312515278860/d134780d10q.htm"
  },
  {
    "date": "2015-03-31",
    "symbol": "FITB",
    "reportedCurrency": "USD",
    "cik": "0000035527",
    "fillingDate": "2015-05-11",
    "acceptedDate": "2015-05-11 16:49:10",
    "calendarYear": "2015",
    "period": "Q1",
    "revenue": 1531000000,
    "costOfRevenue": 192000000,
    "grossProfit": 1339000000,
    "grossProfitRatio": 0.8745917701,
    "researchAndDevelopmentExpenses": 0,
    "generalAndAdministrativeExpenses": 514000000,
    "sellingAndMarketingExpenses": 27000000,
    "sellingGeneralAndAdministrativeExpenses": 541000000,
    "otherExpenses": 313000000,
    "operatingExpenses": 854000000,
    "costAndExpenses": 1046000000,
    "interestIncome": 970000000,
    "interestExpense": 123000000,
    "depreciationAndAmortization": 107000000,
    "ebitda": 592000000,
    "ebitdaratio": 0.3866753756,
    "operatingIncome": 485000000,
    "operatingIncomeRatio": 0.3167864141,
    "totalOtherIncomeExpensesNet": 0,
    "incomeBeforeTax": 485000000,
    "incomeBeforeTaxRatio": 0.3167864141,
    "incomeTaxExpense": 124000000,
    "netIncome": 361000000,
    "netIncomeRatio": 0.235793599,
    "eps": 0.45,
    "epsdiluted": 0.44,
    "weightedAverageShsOut": 810210000,
    "weightedAverageShsOutDil": 818672000,
    "link": "https://www.sec.gov/Archives/edgar/data/35527/000119312515182114/0001193125-15-182114-index.htm",
    "finalLink": "https://www.sec.gov/Archives/edgar/data/35527/000119312515182114/d903839d10q.htm"
  },
  {
    "date": "2014-12-31",
    "symbol": "FITB",
    "reportedCurrency": "USD",
    "cik": "0000035527",
    "fillingDate": "2015-02-25",
    "acceptedDate": "2015-02-25 17:22:13",
    "calendarYear": "2014",
    "period": "Q4",
    "revenue": 1557000000,
    "costOfRevenue": 227000000,
    "grossProfit": 1330000000,
    "grossProfitRatio": 0.854206808,
    "researchAndDevelopmentExpenses": 0,
    "generalAndAdministrativeExpenses": 488000000,
    "sellingAndMarketingExpenses": 23000000,
    "sellingGeneralAndAdministrativeExpenses": 511000000,
    "otherExpenses": 300000000,
    "operatingExpenses": 811000000,
    "costAndExpenses": 1038000000,
    "interestIncome": 1010000000,
    "interestExpense": 128000000,
    "depreciationAndAmortization": 107000000,
    "ebitda": 626000000,
    "ebitdaratio": 0.4020552344,
    "operatingIncome": 519000000,
    "operatingIncomeRatio": 0.3333333333,
    "totalOtherIncomeExpensesNet": 0,
    "incomeBeforeTax": 519000000,
    "incomeBeforeTaxRatio": 0.3333333333,
    "incomeTaxExpense": 134000000,
    "netIncome": 385000000,
    "netIncomeRatio": 0.2472703918,
    "eps": 0.44,
    "epsdiluted": 0.43,
    "weightedAverageShsOut": 819057000,
    "weightedAverageShsOutDil": 827831000,
    "link": "https://www.sec.gov/Archives/edgar/data/35527/000119312515062849/0001193125-15-062849-index.htm",
    "finalLink": "https://www.sec.gov/Archives/edgar/data/35527/000119312515062849/d879423d10k.htm"
  },
  {
    "date": "2014-09-30",
    "symbol": "FITB",
    "reportedCurrency": "USD",
    "cik": "0000035527",
    "fillingDate": "2014-11-07",
    "acceptedDate": "2014-11-07 16:25:50",
    "calendarYear": "2014",
    "period": "Q3",
    "revenue": 1458000000,
    "costOfRevenue": 186000000,
    "grossProfit": 1272000000,
    "grossProfitRatio": 0.8724279835,
    "researchAndDevelopmentExpenses": 0,
    "generalAndAdministrativeExpenses": 481000000,
    "sellingAndMarketingExpenses": 28000000,
    "sellingGeneralAndAdministrativeExpenses": 509000000,
    "otherExpenses": 299000000,
    "operatingExpenses": 808000000,
    "costAndExpenses": 994000000,
    "interestIncome": 1018000000,
    "interestExpense": 115000000,
    "depreciationAndAmortization": 107000000,
    "ebitda": 571000000,
    "ebitdaratio": 0.3916323731,
    "operatingIncome": 464000000,
    "operatingIncomeRatio": 0.3182441701,
    "totalOtherIncomeExpensesNet": 0,
    "incomeBeforeTax": 464000000,
    "incomeBeforeTaxRatio": 0.3182441701,
    "incomeTaxExpense": 124000000,
    "netIncome": 340000000,
    "netIncomeRatio": 0.2331961591,
    "eps": 0.39,
    "epsdiluted": 0.39,
    "weightedAverageShsOut": 829392000,
    "weightedAverageShsOutDil": 838324000,
    "link": "https://www.sec.gov/Archives/edgar/data/35527/000119312514403413/0001193125-14-403413-index.htm",
    "finalLink": "https://www.sec.gov/Archives/edgar/data/35527/000119312514403413/d817607d10q.htm"
  },
  {
    "date": "2014-06-30",
    "symbol": "FITB",
    "reportedCurrency": "USD",
    "cik": "0000035527",
    "fillingDate": "2014-08-07",
    "acceptedDate": "2014-08-07 17:25:57",
    "calendarYear": "2014",
    "period": "Q2",
    "revenue": 1567000000,
    "costOfRevenue": 184000000,
    "grossProfit": 1383000000,
    "grossProfitRatio": 0.8825781749,
    "researchAndDevelopmentExpenses": 0,
    "generalAndAdministrativeExpenses": 500000000,
    "sellingAndMarketingExpenses": 25000000,
    "sellingGeneralAndAdministrativeExpenses": 525000000,
    "otherExpenses": 252000000,
    "operatingExpenses": 777000000,
    "costAndExpenses": 961000000,
    "interestIncome": 1008000000,
    "interestExpense": 108000000,
    "depreciationAndAmortization": 102000000,
    "ebitda": 708000000,
    "ebitdaratio": 0.451818762,
    "operatingIncome": 606000000,
    "operatingIncomeRatio": 0.3867262285,
    "totalOtherIncomeExpensesNet": 0,
    "incomeBeforeTax": 606000000,
    "incomeBeforeTaxRatio": 0.3867262285,
    "incomeTaxExpense": 167000000,
    "netIncome": 439000000,
    "netIncomeRatio": 0.2801531589,
    "eps": 0.49,
    "epsdiluted": 0.49,
    "weightedAverageShsOut": 838492000,
    "weightedAverageShsOutDil": 848245000,
    "link": "https://www.sec.gov/Archives/edgar/data/35527/000119312514301002/0001193125-14-301002-index.htm",
    "finalLink": "https://www.sec.gov/Archives/edgar/data/35527/000119312514301002/d772093d10q.htm"
  },
  {
    "date": "2014-03-31",
    "symbol": "FITB",
    "reportedCurrency": "USD",
    "cik": "0000035527",
    "fillingDate": "2014-05-08",
    "acceptedDate": "2014-05-08 16:40:48",
    "calendarYear": "2014",
    "period": "Q1",
    "revenue": 1483000000,
    "costOfRevenue": 169000000,
    "grossProfit": 1314000000,
    "grossProfitRatio": 0.8860418071,
    "researchAndDevelopmentExpenses": 0,
    "generalAndAdministrativeExpenses": 516000000,
    "sellingAndMarketingExpenses": 22000000,
    "sellingGeneralAndAdministrativeExpenses": 538000000,
    "otherExpenses": 338000000,
    "operatingExpenses": 876000000,
    "costAndExpenses": 1045000000,
    "interestIncome": 993000000,
    "interestExpense": 100000000,
    "depreciationAndAmortization": 98000000,
    "ebitda": 536000000,
    "ebitdaratio": 0.3614295347,
    "operatingIncome": 438000000,
    "operatingIncomeRatio": 0.295347269,
    "totalOtherIncomeExpensesNet": 0,
    "incomeBeforeTax": 438000000,
    "incomeBeforeTaxRatio": 0.295347269,
    "incomeTaxExpense": 119000000,
    "netIncome": 318000000,
    "netIncomeRatio": 0.214430209,
    "eps": 0.36,
    "epsdiluted": 0.36,
    "weightedAverageShsOut": 845860000,
    "weightedAverageShsOutDil": 857924000,
    "link": "https://www.sec.gov/Archives/edgar/data/35527/000119312514190134/0001193125-14-190134-index.htm",
    "finalLink": "https://www.sec.gov/Archives/edgar/data/35527/000119312514190134/d714251d10q.htm"
  },
  {
    "date": "2013-12-31",
    "symbol": "FITB",
    "reportedCurrency": "USD",
    "cik": "0000035527",
    "fillingDate": "2014-02-24",
    "acceptedDate": "2014-02-24 07:03:14",
    "calendarYear": "2013",
    "period": "Q4",
    "revenue": 1603000000,
    "costOfRevenue": 155000000,
    "grossProfit": 1448000000,
    "grossProfitRatio": 0.9033063007,
    "researchAndDevelopmentExpenses": 0,
    "generalAndAdministrativeExpenses": 520000000,
    "sellingAndMarketingExpenses": 23000000,
    "sellingGeneralAndAdministrativeExpenses": 543000000,
    "otherExpenses": 344000000,
    "operatingExpenses": 887000000,
    "costAndExpenses": 1042000000,
    "interestIncome": 1002000000,
    "interestExpense": 102000000,
    "depreciationAndAmortization": 97000000,
    "ebitda": 658000000,
    "ebitdaratio": 0.4104803493,
    "operatingIncome": 561000000,
    "operatingIncomeRatio": 0.3499688085,
    "totalOtherIncomeExpensesNet": 0,
    "incomeBeforeTax": 561000000,
    "incomeBeforeTaxRatio": 0.3499688085,
    "incomeTaxExpense": 159000000,
    "netIncome": 403000000,
    "netIncomeRatio": 0.2514036182,
    "eps": 0.44,
    "epsdiluted": 0.43,
    "weightedAverageShsOut": 868077000,
    "weightedAverageShsOutDil": 877511000,
    "link": "https://www.sec.gov/Archives/edgar/data/35527/000119312514063748/0001193125-14-063748-index.htm",
    "finalLink": "https://www.sec.gov/Archives/edgar/data/35527/000119312514063748/d644645d10k.htm"
  },
  {
    "date": "2013-09-30",
    "symbol": "FITB",
    "reportedCurrency": "USD",
    "cik": "0000035527",
    "fillingDate": "2013-11-06",
    "acceptedDate": "2013-11-06 16:39:06",
    "calendarYear": "2013",
    "period": "Q3",
    "revenue": 1538000000,
    "costOfRevenue": 150000000,
    "grossProfit": 1388000000,
    "grossProfitRatio": 0.9024707412,
    "researchAndDevelopmentExpenses": 0,
    "generalAndAdministrativeExpenses": 529000000,
    "sellingAndMarketingExpenses": 32000000,
    "sellingGeneralAndAdministrativeExpenses": 561000000,
    "otherExpenses": 223000000,
    "operatingExpenses": 784000000,
    "costAndExpenses": 934000000,
    "interestIncome": 992000000,
    "interestExpense": 99000000,
    "depreciationAndAmortization": 134000000,
    "ebitda": 738000000,
    "ebitdaratio": 0.4798439532,
    "operatingIncome": 604000000,
    "operatingIncomeRatio": 0.3927178153,
    "totalOtherIncomeExpensesNet": 0,
    "incomeBeforeTax": 604000000,
    "incomeBeforeTaxRatio": 0.3927178153,
    "incomeTaxExpense": 183000000,
    "netIncome": 421000000,
    "netIncomeRatio": 0.2737321196,
    "eps": 0.47,
    "epsdiluted": 0.47,
    "weightedAverageShsOut": 880183000,
    "weightedAverageShsOutDil": 888111000,
    "link": "https://www.sec.gov/Archives/edgar/data/35527/000119312513430221/0001193125-13-430221-index.htm",
    "finalLink": "https://www.sec.gov/Archives/edgar/data/35527/000119312513430221/d623685d10q.htm"
  },
  {
    "date": "2013-06-30",
    "symbol": "FITB",
    "reportedCurrency": "USD",
    "cik": "0000035527",
    "fillingDate": "2013-08-07",
    "acceptedDate": "2013-08-07 16:55:52",
    "calendarYear": "2013",
    "period": "Q2",
    "revenue": 1704000000,
    "costOfRevenue": 168000000,
    "grossProfit": 1536000000,
    "grossProfitRatio": 0.9014084507,
    "researchAndDevelopmentExpenses": 0,
    "generalAndAdministrativeExpenses": 543000000,
    "sellingAndMarketingExpenses": 32000000,
    "sellingGeneralAndAdministrativeExpenses": 575000000,
    "otherExpenses": 120000000,
    "operatingExpenses": 695000000,
    "costAndExpenses": 863000000,
    "interestIncome": 984000000,
    "interestExpense": 104000000,
    "depreciationAndAmortization": 139000000,
    "ebitda": 980000000,
    "ebitdaratio": 0.5751173709,
    "operatingIncome": 841000000,
    "operatingIncomeRatio": 0.4935446009,
    "totalOtherIncomeExpensesNet": 0,
    "incomeBeforeTax": 841000000,
    "incomeBeforeTaxRatio": 0.4935446009,
    "incomeTaxExpense": 250000000,
    "netIncome": 591000000,
    "netIncomeRatio": 0.3468309859,
    "eps": 0.69,
    "epsdiluted": 0.66,
    "weightedAverageShsOut": 858583000,
    "weightedAverageShsOutDil": 900625000,
    "link": "https://www.sec.gov/Archives/edgar/data/35527/000119312513324416/0001193125-13-324416-index.htm",
    "finalLink": "https://www.sec.gov/Archives/edgar/data/35527/000119312513324416/d568419d10q.htm"
  },
  {
    "date": "2013-03-31",
    "symbol": "FITB",
    "reportedCurrency": "USD",
    "cik": "0000035527",
    "fillingDate": "2013-05-09",
    "acceptedDate": "2013-05-09 16:42:03",
    "calendarYear": "2013",
    "period": "Q1",
    "revenue": 1650000000,
    "costOfRevenue": 169000000,
    "grossProfit": 1481000000,
    "grossProfitRatio": 0.8975757576,
    "researchAndDevelopmentExpenses": 0,
    "generalAndAdministrativeExpenses": 570000000,
    "sellingAndMarketingExpenses": 26000000,
    "sellingGeneralAndAdministrativeExpenses": 596000000,
    "otherExpenses": 294000000,
    "operatingExpenses": 890000000,
    "costAndExpenses": 1059000000,
    "interestIncome": 995000000,
    "interestExpense": 107000000,
    "depreciationAndAmortization": 137000000,
    "ebitda": 728000000,
    "ebitdaratio": 0.4412121212,
    "operatingIncome": 591000000,
    "operatingIncomeRatio": 0.3581818182,
    "totalOtherIncomeExpensesNet": 0,
    "incomeBeforeTax": 591000000,
    "incomeBeforeTaxRatio": 0.3581818182,
    "incomeTaxExpense": 179000000,
    "netIncome": 422000000,
    "netIncomeRatio": 0.2557575758,
    "eps": 0.47,
    "epsdiluted": 0.46,
    "weightedAverageShsOut": 870923000,
    "weightedAverageShsOutDil": 913163000,
    "link": "https://www.sec.gov/Archives/edgar/data/35527/000119312513211224/0001193125-13-211224-index.htm",
    "finalLink": "https://www.sec.gov/Archives/edgar/data/35527/000119312513211224/d530174d10q.htm"
  },
  {
    "date": "2012-12-31",
    "symbol": "FITB",
    "reportedCurrency": "USD",
    "cik": "0000035527",
    "fillingDate": "2013-02-22",
    "acceptedDate": "2013-02-22 17:24:10",
    "calendarYear": "2012",
    "period": "Q4",
    "revenue": 1259000000,
    "costOfRevenue": 193000000,
    "grossProfit": 1066000000,
    "grossProfitRatio": 0.8467037331,
    "researchAndDevelopmentExpenses": 0,
    "generalAndAdministrativeExpenses": 482000000,
    "sellingAndMarketingExpenses": 128000000,
    "sellingGeneralAndAdministrativeExpenses": 610000000,
    "otherExpenses": -84000000,
    "operatingExpenses": 526000000,
    "costAndExpenses": 719000000,
    "interestIncome": 1016000000,
    "interestExpense": 117000000,
    "depreciationAndAmortization": 143000000,
    "ebitda": 683000000,
    "ebitdaratio": 0.5424940429,
    "operatingIncome": 540000000,
    "operatingIncomeRatio": 0.4289118348,
    "totalOtherIncomeExpensesNet": 0,
    "incomeBeforeTax": 540000000,
    "incomeBeforeTaxRatio": 0.4289118348,
    "incomeTaxExpense": 145000000,
    "netIncome": 398000000,
    "netIncomeRatio": 0.3161239079,
    "eps": 0.44,
    "epsdiluted": 0.43,
    "weightedAverageShsOut": 884676000,
    "weightedAverageShsOutDil": 925585000,
    "link": "https://www.sec.gov/Archives/edgar/data/35527/000119312513071733/0001193125-13-071733-index.htm",
    "finalLink": "https://www.sec.gov/Archives/edgar/data/35527/000119312513071733/d479526d10k.htm"
  },
  {
    "date": "2012-09-30",
    "symbol": "FITB",
    "reportedCurrency": "USD",
    "cik": "0000035527",
    "fillingDate": "2012-11-07",
    "acceptedDate": "2012-11-07 17:07:14",
    "calendarYear": "2012",
    "period": "Q3",
    "revenue": 1594000000,
    "costOfRevenue": 185000000,
    "grossProfit": 1409000000,
    "grossProfitRatio": 0.8839397742,
    "researchAndDevelopmentExpenses": 0,
    "generalAndAdministrativeExpenses": 533000000,
    "sellingAndMarketingExpenses": 39000000,
    "sellingGeneralAndAdministrativeExpenses": 572000000,
    "otherExpenses": 334000000,
    "operatingExpenses": 906000000,
    "costAndExpenses": 1091000000,
    "interestIncome": 1023000000,
    "interestExpense": 120000000,
    "depreciationAndAmortization": 134000000,
    "ebitda": 637000000,
    "ebitdaratio": 0.3996235885,
    "operatingIncome": 503000000,
    "operatingIncomeRatio": 0.3155583438,
    "totalOtherIncomeExpensesNet": 0,
    "incomeBeforeTax": 503000000,
    "incomeBeforeTaxRatio": 0.3155583438,
    "incomeTaxExpense": 139000000,
    "netIncome": 363000000,
    "netIncomeRatio": 0.2277289837,
    "eps": 0.39,
    "epsdiluted": 0.38,
    "weightedAverageShsOut": 904475000,
    "weightedAverageShsOutDil": 944821000,
    "link": "https://www.sec.gov/Archives/edgar/data/35527/000119312512457726/0001193125-12-457726-index.htm",
    "finalLink": "https://www.sec.gov/Archives/edgar/data/35527/000119312512457726/d432404d10q.htm"
  },
  {
    "date": "2012-06-30",
    "symbol": "FITB",
    "reportedCurrency": "USD",
    "cik": "0000035527",
    "fillingDate": "2012-08-08",
    "acceptedDate": "2012-08-08 17:17:02",
    "calendarYear": "2012",
    "period": "Q2",
    "revenue": 1603000000,
    "costOfRevenue": 203000000,
    "grossProfit": 1400000000,
    "grossProfitRatio": 0.8733624454,
    "researchAndDevelopmentExpenses": 0,
    "generalAndAdministrativeExpenses": 526000000,
    "sellingAndMarketingExpenses": 36000000,
    "sellingGeneralAndAdministrativeExpenses": 562000000,
    "otherExpenses": 273000000,
    "operatingExpenses": 835000000,
    "costAndExpenses": 1038000000,
    "interestIncome": 1027000000,
    "interestExpense": 132000000,
    "depreciationAndAmortization": 126000000,
    "ebitda": 691000000,
    "ebitdaratio": 0.4310667498,
    "operatingIncome": 565000000,
    "operatingIncomeRatio": 0.3524641298,
    "totalOtherIncomeExpensesNet": 0,
    "incomeBeforeTax": 565000000,
    "incomeBeforeTaxRatio": 0.3524641298,
    "incomeTaxExpense": 180000000,
    "netIncome": 385000000,
    "netIncomeRatio": 0.2401746725,
    "eps": 0.41,
    "epsdiluted": 0.4,
    "weightedAverageShsOut": 913541000,
    "weightedAverageShsOutDil": 954622000,
    "link": "https://www.sec.gov/Archives/edgar/data/35527/000119312512344361/0001193125-12-344361-index.htm",
    "finalLink": "https://www.sec.gov/Archives/edgar/data/35527/000119312512344361/d385458d10q.htm"
  },
  {
    "date": "2012-03-31",
    "symbol": "FITB",
    "reportedCurrency": "USD",
    "cik": "0000035527",
    "fillingDate": "2012-05-10",
    "acceptedDate": "2012-05-10 16:31:21",
    "calendarYear": "2012",
    "period": "Q1",
    "revenue": 1643000000,
    "costOfRevenue": 233000000,
    "grossProfit": 1410000000,
    "grossProfitRatio": 0.8581862447,
    "researchAndDevelopmentExpenses": 0,
    "generalAndAdministrativeExpenses": 551000000,
    "sellingAndMarketingExpenses": 23000000,
    "sellingGeneralAndAdministrativeExpenses": 574000000,
    "otherExpenses": 233000000,
    "operatingExpenses": 807000000,
    "costAndExpenses": 1040000000,
    "interestIncome": 1040000000,
    "interestExpense": 142000000,
    "depreciationAndAmortization": 128000000,
    "ebitda": 731000000,
    "ebitdaratio": 0.4449178332,
    "operatingIncome": 603000000,
    "operatingIncomeRatio": 0.3670115642,
    "totalOtherIncomeExpensesNet": 0,
    "incomeBeforeTax": 603000000,
    "incomeBeforeTaxRatio": 0.3670115642,
    "incomeTaxExpense": 173000000,
    "netIncome": 430000000,
    "netIncomeRatio": 0.2617163725,
    "eps": 0.46,
    "epsdiluted": 0.45,
    "weightedAverageShsOut": 915226000,
    "weightedAverageShsOutDil": 957416000,
    "link": "https://www.sec.gov/Archives/edgar/data/35527/000119312512225686/0001193125-12-225686-index.htm",
    "finalLink": "https://www.sec.gov/Archives/edgar/data/35527/000119312512225686/d333663d10q.htm"
  },
  {
    "date": "2011-12-31",
    "symbol": "FITB",
    "reportedCurrency": "USD",
    "cik": "0000035527",
    "fillingDate": "2012-02-29",
    "acceptedDate": "2012-02-29 17:03:23",
    "calendarYear": "2011",
    "period": "Q4",
    "revenue": 1236000000,
    "costOfRevenue": 197000000,
    "grossProfit": 1039000000,
    "grossProfitRatio": 0.8406148867,
    "researchAndDevelopmentExpenses": 0,
    "generalAndAdministrativeExpenses": 543000000,
    "sellingAndMarketingExpenses": 115000000,
    "sellingGeneralAndAdministrativeExpenses": 658000000,
    "otherExpenses": -37000000,
    "operatingExpenses": 621000000,
    "costAndExpenses": 818000000,
    "interestIncome": 1058000000,
    "interestExpense": 142000000,
    "depreciationAndAmortization": 129000000,
    "ebitda": 547000000,
    "ebitdaratio": 0.4425566343,
    "operatingIncome": 418000000,
    "operatingIncomeRatio": 0.3381877023,
    "totalOtherIncomeExpensesNet": 0,
    "incomeBeforeTax": 418000000,
    "incomeBeforeTaxRatio": 0.3381877023,
    "incomeTaxExpense": 104000000,
    "netIncome": 314000000,
    "netIncomeRatio": 0.2540453074,
    "eps": 0.34,
    "epsdiluted": 0.34,
    "weightedAverageShsOut": 915090000,
    "weightedAverageShsOutDil": 915226000,
    "link": "https://www.sec.gov/Archives/edgar/data/35527/000119312512089474/0001193125-12-089474-index.htm",
    "finalLink": "https://www.sec.gov/Archives/edgar/data/35527/000119312512089474/d305243d10k.htm"
  },
  {
    "date": "2011-09-30",
    "symbol": "FITB",
    "reportedCurrency": "USD",
    "cik": "0000035527",
    "fillingDate": "2011-11-09",
    "acceptedDate": "2011-11-09 14:29:16",
    "calendarYear": "2011",
    "period": "Q3",
    "revenue": 1720000000,
    "costOfRevenue": 244000000,
    "grossProfit": 1476000000,
    "grossProfitRatio": 0.8581395349,
    "researchAndDevelopmentExpenses": 0,
    "generalAndAdministrativeExpenses": 521000000,
    "sellingAndMarketingExpenses": 0,
    "sellingGeneralAndAdministrativeExpenses": 521000000,
    "otherExpenses": 425000000,
    "operatingExpenses": 946000000,
    "costAndExpenses": 1190000000,
    "interestIncome": 1055000000,
    "interestExpense": 157000000,
    "depreciationAndAmortization": 111000000,
    "ebitda": 641000000,
    "ebitdaratio": 0.3726744186,
    "operatingIncome": 530000000,
    "operatingIncomeRatio": 0.3081395349,
    "totalOtherIncomeExpensesNet": 0,
    "incomeBeforeTax": 530000000,
    "incomeBeforeTaxRatio": 0.3081395349,
    "incomeTaxExpense": 149000000,
    "netIncome": 381000000,
    "netIncomeRatio": 0.2215116279,
    "eps": 0.41,
    "epsdiluted": 0.4,
    "weightedAverageShsOut": 914947000,
    "weightedAverageShsOutDil": 955490000,
    "link": "https://www.sec.gov/Archives/edgar/data/35527/000119312511304217/0001193125-11-304217-index.htm",
    "finalLink": "https://www.sec.gov/Archives/edgar/data/35527/000119312511304217/d253594d10q.htm"
  },
  {
    "date": "2011-06-30",
    "symbol": "FITB",
    "reportedCurrency": "USD",
    "cik": "0000035527",
    "fillingDate": "2011-08-05",
    "acceptedDate": "2011-08-05 17:02:31",
    "calendarYear": "2011",
    "period": "Q2",
    "revenue": 1701000000,
    "costOfRevenue": 294000000,
    "grossProfit": 1407000000,
    "grossProfitRatio": 0.8271604938,
    "researchAndDevelopmentExpenses": 0,
    "generalAndAdministrativeExpenses": 521000000,
    "sellingAndMarketingExpenses": 0,
    "sellingGeneralAndAdministrativeExpenses": 521000000,
    "otherExpenses": 380000000,
    "operatingExpenses": 901000000,
    "costAndExpenses": 1195000000,
    "interestIncome": 1045000000,
    "interestExpense": 181000000,
    "depreciationAndAmortization": 103000000,
    "ebitda": 609000000,
    "ebitdaratio": 0.3580246914,
    "operatingIncome": 506000000,
    "operatingIncomeRatio": 0.2974720752,
    "totalOtherIncomeExpensesNet": 0,
    "incomeBeforeTax": 506000000,
    "incomeBeforeTaxRatio": 0.2974720752,
    "incomeTaxExpense": 169000000,
    "netIncome": 337000000,
    "netIncomeRatio": 0.1981187537,
    "eps": 0.36,
    "epsdiluted": 0.35,
    "weightedAverageShsOut": 914601000,
    "weightedAverageShsOutDil": 955478000,
    "link": "https://www.sec.gov/Archives/edgar/data/35527/000119312511212497/0001193125-11-212497-index.htm",
    "finalLink": "https://www.sec.gov/Archives/edgar/data/35527/000119312511212497/d10q.htm"
  },
  {
    "date": "2011-03-31",
    "symbol": "FITB",
    "reportedCurrency": "USD",
    "cik": "0000035527",
    "fillingDate": "2011-05-09",
    "acceptedDate": "2011-05-09 16:52:44",
    "calendarYear": "2011",
    "period": "Q1",
    "revenue": 1644000000,
    "costOfRevenue": 349000000,
    "grossProfit": 1295000000,
    "grossProfitRatio": 0.7877128954,
    "researchAndDevelopmentExpenses": 0,
    "generalAndAdministrativeExpenses": 522000000,
    "sellingAndMarketingExpenses": 0,
    "sellingGeneralAndAdministrativeExpenses": 522000000,
    "otherExpenses": 396000000,
    "operatingExpenses": 918000000,
    "costAndExpenses": 1267000000,
    "interestIncome": 1060000000,
    "interestExpense": 181000000,
    "depreciationAndAmortization": 112000000,
    "ebitda": 489000000,
    "ebitdaratio": 0.2974452555,
    "operatingIncome": 377000000,
    "operatingIncomeRatio": 0.2293187348,
    "totalOtherIncomeExpensesNet": 0,
    "incomeBeforeTax": 377000000,
    "incomeBeforeTaxRatio": 0.2293187348,
    "incomeTaxExpense": 112000000,
    "netIncome": 265000000,
    "netIncomeRatio": 0.1611922141,
    "eps": 0.1,
    "epsdiluted": 0.1,
    "weightedAverageShsOut": 880830000,
    "weightedAverageShsOutDil": 894841000,
    "link": "https://www.sec.gov/Archives/edgar/data/35527/000119312511132470/0001193125-11-132470-index.htm",
    "finalLink": "https://www.sec.gov/Archives/edgar/data/35527/000119312511132470/d10q.htm"
  },
  {
    "date": "2010-12-31",
    "symbol": "FITB",
    "reportedCurrency": "USD",
    "cik": "0000035527",
    "fillingDate": "2011-02-28",
    "acceptedDate": "2011-02-28 15:52:37",
    "calendarYear": "2010",
    "period": "Q4",
    "revenue": 1440000000,
    "costOfRevenue": 356000000,
    "grossProfit": 1084000000,
    "grossProfitRatio": 0.7527777778,
    "researchAndDevelopmentExpenses": 0,
    "generalAndAdministrativeExpenses": 593000000,
    "sellingAndMarketingExpenses": 98000000,
    "sellingGeneralAndAdministrativeExpenses": 691000000,
    "otherExpenses": -24000000,
    "operatingExpenses": 667000000,
    "costAndExpenses": 1023000000,
    "interestIncome": 1104000000,
    "interestExpense": 190000000,
    "depreciationAndAmortization": 130000000,
    "ebitda": 547000000,
    "ebitdaratio": 0.3798611111,
    "operatingIncome": 417000000,
    "operatingIncomeRatio": 0.2895833333,
    "totalOtherIncomeExpensesNet": 0,
    "incomeBeforeTax": 417000000,
    "incomeBeforeTaxRatio": 0.2895833333,
    "incomeTaxExpense": 84000000,
    "netIncome": 333000000,
    "netIncomeRatio": 0.23125,
    "eps": 0.38,
    "epsdiluted": 0.38,
    "weightedAverageShsOut": 880830000,
    "weightedAverageShsOutDil": 880830000,
    "link": "https://www.sec.gov/Archives/edgar/data/35527/000119312511049817/0001193125-11-049817-index.htm",
    "finalLink": "https://www.sec.gov/Archives/edgar/data/35527/000119312511049817/d10k.htm"
  },
  {
    "date": "2010-09-30",
    "symbol": "FITB",
    "reportedCurrency": "USD",
    "cik": "0000035527",
    "fillingDate": "2010-11-08",
    "acceptedDate": "2010-11-08 16:09:47",
    "calendarYear": "2010",
    "period": "Q3",
    "revenue": 1953000000,
    "costOfRevenue": 671000000,
    "grossProfit": 1282000000,
    "grossProfitRatio": 0.6564260113,
    "researchAndDevelopmentExpenses": 0,
    "generalAndAdministrativeExpenses": 516000000,
    "sellingAndMarketingExpenses": 0,
    "sellingGeneralAndAdministrativeExpenses": 516000000,
    "otherExpenses": 463000000,
    "operatingExpenses": 979000000,
    "costAndExpenses": 1650000000,
    "interestIncome": 1126000000,
    "interestExpense": 214000000,
    "depreciationAndAmortization": 121000000,
    "ebitda": 424000000,
    "ebitdaratio": 0.2171018945,
    "operatingIncome": 303000000,
    "operatingIncomeRatio": 0.1551459293,
    "totalOtherIncomeExpensesNet": 0,
    "incomeBeforeTax": 303000000,
    "incomeBeforeTaxRatio": 0.1551459293,
    "incomeTaxExpense": 65000000,
    "netIncome": 238000000,
    "netIncomeRatio": 0.1218637993,
    "eps": 0.22,
    "epsdiluted": 0.22,
    "weightedAverageShsOut": 791017000,
    "weightedAverageShsOutDil": 797492000,
    "link": "https://www.sec.gov/Archives/edgar/data/35527/000119312510252085/0001193125-10-252085-index.htm",
    "finalLink": "https://www.sec.gov/Archives/edgar/data/35527/000119312510252085/d10q.htm"
  },
  {
    "date": "2010-06-30",
    "symbol": "FITB",
    "reportedCurrency": "USD",
    "cik": "0000035527",
    "fillingDate": "2010-08-09",
    "acceptedDate": "2010-08-09 10:49:35",
    "calendarYear": "2010",
    "period": "Q2",
    "revenue": 1736000000,
    "costOfRevenue": 559000000,
    "grossProfit": 1177000000,
    "grossProfitRatio": 0.6779953917,
    "researchAndDevelopmentExpenses": 0,
    "generalAndAdministrativeExpenses": 505000000,
    "sellingAndMarketingExpenses": 0,
    "sellingGeneralAndAdministrativeExpenses": 505000000,
    "otherExpenses": 430000000,
    "operatingExpenses": 935000000,
    "costAndExpenses": 1494000000,
    "interestIncome": 1116000000,
    "interestExpense": 234000000,
    "depreciationAndAmortization": 109000000,
    "ebitda": 351000000,
    "ebitdaratio": 0.2021889401,
    "operatingIncome": 242000000,
    "operatingIncomeRatio": 0.1394009217,
    "totalOtherIncomeExpensesNet": 0,
    "incomeBeforeTax": 242000000,
    "incomeBeforeTaxRatio": 0.1394009217,
    "incomeTaxExpense": 50000000,
    "netIncome": 192000000,
    "netIncomeRatio": 0.1105990783,
    "eps": 0.16,
    "epsdiluted": 0.16,
    "weightedAverageShsOut": 790839000,
    "weightedAverageShsOutDil": 802255000,
    "link": "https://www.sec.gov/Archives/edgar/data/35527/000119312510182725/0001193125-10-182725-index.htm",
    "finalLink": "https://www.sec.gov/Archives/edgar/data/35527/000119312510182725/d10q.htm"
  },
  {
    "date": "2010-03-31",
    "symbol": "FITB",
    "reportedCurrency": "USD",
    "cik": "0000035527",
    "fillingDate": "2010-05-07",
    "acceptedDate": "2010-05-07 16:00:31",
    "calendarYear": "2010",
    "period": "Q1",
    "revenue": 1770000000,
    "costOfRevenue": 836000000,
    "grossProfit": 934000000,
    "grossProfitRatio": 0.5276836158,
    "researchAndDevelopmentExpenses": 0,
    "generalAndAdministrativeExpenses": 485000000,
    "sellingAndMarketingExpenses": 0,
    "sellingGeneralAndAdministrativeExpenses": 485000000,
    "otherExpenses": 471000000,
    "operatingExpenses": 956000000,
    "costAndExpenses": 1792000000,
    "interestIncome": 1143000000,
    "interestExpense": 246000000,
    "depreciationAndAmortization": 97000000,
    "ebitda": 75000000,
    "ebitdaratio": 0.0423728814,
    "operatingIncome": -22000000,
    "operatingIncomeRatio": -0.0124293785,
    "totalOtherIncomeExpensesNet": 0,
    "incomeBeforeTax": -22000000,
    "incomeBeforeTaxRatio": -0.0124293785,
    "incomeTaxExpense": -12000000,
    "netIncome": -10000000,
    "netIncomeRatio": -0.0056497175,
    "eps": -0.09,
    "epsdiluted": -0.09,
    "weightedAverageShsOut": 790473000,
    "weightedAverageShsOutDil": 790473000,
    "link": "https://www.sec.gov/Archives/edgar/data/35527/000119312510112846/0001193125-10-112846-index.htm",
    "finalLink": "https://www.sec.gov/Archives/edgar/data/35527/000119312510112846/d10q.htm"
  },
  {
    "date": "2009-12-31",
    "symbol": "FITB",
    "reportedCurrency": "USD",
    "cik": "0000035527",
    "fillingDate": "2010-02-26",
    "acceptedDate": "2010-02-26 13:15:04",
    "calendarYear": "2009",
    "period": "Q4",
    "revenue": 1124000000,
    "costOfRevenue": 1042000000,
    "grossProfit": 82000000,
    "grossProfitRatio": 0.0729537367,
    "researchAndDevelopmentExpenses": 0,
    "generalAndAdministrativeExpenses": 656000000,
    "sellingAndMarketingExpenses": 79000000,
    "sellingGeneralAndAdministrativeExpenses": 735000000,
    "otherExpenses": -439000000,
    "operatingExpenses": 296000000,
    "costAndExpenses": 1338000000,
    "interestIncome": 1143000000,
    "interestExpense": 265000000,
    "depreciationAndAmortization": 83000000,
    "ebitda": -131000000,
    "ebitdaratio": -0.1165480427,
    "operatingIncome": -214000000,
    "operatingIncomeRatio": -0.1903914591,
    "totalOtherIncomeExpensesNet": 0,
    "incomeBeforeTax": -214000000,
    "incomeBeforeTaxRatio": -0.1903914591,
    "incomeTaxExpense": -116000000,
    "netIncome": -98000000,
    "netIncomeRatio": -0.0871886121,
    "eps": -0.12,
    "epsdiluted": -0.12,
    "weightedAverageShsOut": 789000000,
    "weightedAverageShsOutDil": 790473000,
    "link": "https://www.sec.gov/Archives/edgar/data/35527/000119312510042347/0001193125-10-042347-index.htm",
    "finalLink": "https://www.sec.gov/Archives/edgar/data/35527/000119312510042347/d10k.htm"
  },
  {
    "date": "2009-09-30",
    "symbol": "FITB",
    "reportedCurrency": "USD",
    "cik": "0000035527",
    "fillingDate": "2009-11-06",
    "acceptedDate": "2009-11-06 17:09:11",
    "calendarYear": "2009",
    "period": "Q3",
    "revenue": 2026000000,
    "costOfRevenue": 1252000000,
    "grossProfit": 774000000,
    "grossProfitRatio": 0.3820335637,
    "researchAndDevelopmentExpenses": 0,
    "generalAndAdministrativeExpenses": 486000000,
    "sellingAndMarketingExpenses": 0,
    "sellingGeneralAndAdministrativeExpenses": 486000000,
    "otherExpenses": 396000000,
    "operatingExpenses": 882000000,
    "costAndExpenses": 2134000000,
    "interestIncome": 1169000000,
    "interestExpense": 300000000,
    "depreciationAndAmortization": 76000000,
    "ebitda": -32000000,
    "ebitdaratio": -0.0157946693,
    "operatingIncome": -108000000,
    "operatingIncomeRatio": -0.0533070089,
    "totalOtherIncomeExpensesNet": 0,
    "incomeBeforeTax": -108000000,
    "incomeBeforeTaxRatio": -0.0533070089,
    "incomeTaxExpense": -11000000,
    "netIncome": -97000000,
    "netIncomeRatio": -0.0478775913,
    "eps": -0.2,
    "epsdiluted": -0.2,
    "weightedAverageShsOut": 790334000,
    "weightedAverageShsOutDil": 790334000,
    "link": "https://www.sec.gov/Archives/edgar/data/35527/000119312509227731/0001193125-09-227731-index.htm",
    "finalLink": "https://www.sec.gov/Archives/edgar/data/35527/000119312509227731/d10q.htm"
  },
  {
    "date": "2009-06-30",
    "symbol": "FITB",
    "reportedCurrency": "USD",
    "cik": "0000035527",
    "fillingDate": "2009-08-10",
    "acceptedDate": "2009-08-10 16:28:29",
    "calendarYear": "2009",
    "period": "Q2",
    "revenue": 1998000000,
    "costOfRevenue": 1389000000,
    "grossProfit": 609000000,
    "grossProfitRatio": 0.3048048048,
    "researchAndDevelopmentExpenses": 0,
    "generalAndAdministrativeExpenses": 541000000,
    "sellingAndMarketingExpenses": 0,
    "sellingGeneralAndAdministrativeExpenses": 541000000,
    "otherExpenses": -1284000000,
    "operatingExpenses": -743000000,
    "costAndExpenses": 646000000,
    "interestIncome": 1179000000,
    "interestExpense": 348000000,
    "depreciationAndAmortization": 96000000,
    "ebitda": 1448000000,
    "ebitdaratio": 0.7247247247,
    "operatingIncome": 1352000000,
    "operatingIncomeRatio": 0.6766766767,
    "totalOtherIncomeExpensesNet": 0,
    "incomeBeforeTax": 1352000000,
    "incomeBeforeTaxRatio": 0.6766766767,
    "incomeTaxExpense": 470000000,
    "netIncome": 882000000,
    "netIncomeRatio": 0.4414414414,
    "eps": 1.08,
    "epsdiluted": 1.08,
    "weightedAverageShsOut": 650000000,
    "weightedAverageShsOutDil": 650000000,
    "link": "https://www.sec.gov/Archives/edgar/data/35527/000119312509170697/0001193125-09-170697-index.htm",
    "finalLink": "https://www.sec.gov/Archives/edgar/data/35527/000119312509170697/d10q.htm"
  },
  {
    "date": "2009-03-31",
    "symbol": "FITB",
    "reportedCurrency": "USD",
    "cik": "0000035527",
    "fillingDate": "2009-05-11",
    "acceptedDate": "2009-05-11 16:50:25",
    "calendarYear": "2009",
    "period": "Q1",
    "revenue": 1875000000,
    "costOfRevenue": 1175000000,
    "grossProfit": 700000000,
    "grossProfitRatio": 0.3733333333,
    "researchAndDevelopmentExpenses": 0,
    "generalAndAdministrativeExpenses": 455000000,
    "sellingAndMarketingExpenses": 0,
    "sellingGeneralAndAdministrativeExpenses": 455000000,
    "otherExpenses": 507000000,
    "operatingExpenses": 962000000,
    "costAndExpenses": 2137000000,
    "interestIncome": 1178000000,
    "interestExpense": 402000000,
    "depreciationAndAmortization": 86000000,
    "ebitda": -176000000,
    "ebitdaratio": -0.0938666667,
    "operatingIncome": -262000000,
    "operatingIncomeRatio": -0.1397333333,
    "totalOtherIncomeExpensesNet": 0,
    "incomeBeforeTax": -262000000,
    "incomeBeforeTaxRatio": -0.1397333333,
    "incomeTaxExpense": -312000000,
    "netIncome": 50000000,
    "netIncomeRatio": 0.0266666667,
    "eps": -0.04,
    "epsdiluted": -0.04,
    "weightedAverageShsOut": 572000000,
    "weightedAverageShsOutDil": 572000000,
    "link": "https://www.sec.gov/Archives/edgar/data/35527/000119312509107267/0001193125-09-107267-index.htm",
    "finalLink": "https://www.sec.gov/Archives/edgar/data/35527/000119312509107267/d10q.htm"
  },
  {
    "date": "2008-12-31",
    "symbol": "FITB",
    "reportedCurrency": "USD",
    "cik": "0000035527",
    "fillingDate": "2009-03-02",
    "acceptedDate": "2009-03-02 16:14:08",
    "calendarYear": "2008",
    "period": "Q4",
    "revenue": 1237000000,
    "costOfRevenue": 2870000000,
    "grossProfit": -1633000000,
    "grossProfitRatio": -1.3201293452,
    "researchAndDevelopmentExpenses": 0,
    "generalAndAdministrativeExpenses": 192000000,
    "sellingAndMarketingExpenses": 102000000,
    "sellingGeneralAndAdministrativeExpenses": 294000000,
    "otherExpenses": 916000000,
    "operatingExpenses": 1210000000,
    "costAndExpenses": 4080000000,
    "interestIncome": 1406000000,
    "interestExpense": 513000000,
    "depreciationAndAmortization": -260000000,
    "ebitda": -3103000000,
    "ebitdaratio": -2.5084882781,
    "operatingIncome": -2843000000,
    "operatingIncomeRatio": -2.2983023444,
    "totalOtherIncomeExpensesNet": 0,
    "incomeBeforeTax": -2843000000,
    "incomeBeforeTaxRatio": -2.2983023444,
    "incomeTaxExpense": -701000000,
    "netIncome": -2142000000,
    "netIncomeRatio": -1.7316087308,
    "eps": -3.3,
    "epsdiluted": -3.3,
    "weightedAverageShsOut": 650000000,
    "weightedAverageShsOutDil": 650000000,
    "link": "https://www.sec.gov/Archives/edgar/data/35527/000119312509042550/0001193125-09-042550-index.htm",
    "finalLink": "https://www.sec.gov/Archives/edgar/data/35527/000119312509042550/d10k.htm"
  },
  {
    "date": "2008-09-30",
    "symbol": "FITB",
    "reportedCurrency": "USD",
    "cik": "0000035527",
    "fillingDate": "2008-11-07",
    "acceptedDate": "2008-11-07 14:51:43",
    "calendarYear": "2008",
    "period": "Q3",
    "revenue": 2265000000,
    "costOfRevenue": 1426000000,
    "grossProfit": 839000000,
    "grossProfitRatio": 0.370419426,
    "researchAndDevelopmentExpenses": 0,
    "generalAndAdministrativeExpenses": 510000000,
    "sellingAndMarketingExpenses": 0,
    "sellingGeneralAndAdministrativeExpenses": 510000000,
    "otherExpenses": 457000000,
    "operatingExpenses": 967000000,
    "costAndExpenses": 2393000000,
    "interestIncome": 1548000000,
    "interestExpense": 485000000,
    "depreciationAndAmortization": 96000000,
    "ebitda": -32000000,
    "ebitdaratio": -0.0141280353,
    "operatingIncome": -128000000,
    "operatingIncomeRatio": -0.0565121413,
    "totalOtherIncomeExpensesNet": 0,
    "incomeBeforeTax": -128000000,
    "incomeBeforeTaxRatio": -0.0565121413,
    "incomeTaxExpense": -72000000,
    "netIncome": -56000000,
    "netIncomeRatio": -0.0247240618,
    "eps": -0.14,
    "epsdiluted": -0.14,
    "weightedAverageShsOut": 572000000,
    "weightedAverageShsOutDil": 572000000,
    "link": "https://www.sec.gov/Archives/edgar/data/35527/000119312508229815/0001193125-08-229815-index.htm",
    "finalLink": "https://www.sec.gov/Archives/edgar/data/35527/000119312508229815/d10q.htm"
  },
  {
    "date": "2008-06-30",
    "symbol": "FITB",
    "reportedCurrency": "USD",
    "cik": "0000035527",
    "fillingDate": "2008-08-07",
    "acceptedDate": "2008-08-07 16:38:55",
    "calendarYear": "2008",
    "period": "Q2",
    "revenue": 1929000000,
    "costOfRevenue": 1188000000,
    "grossProfit": 741000000,
    "grossProfitRatio": 0.3841368585,
    "researchAndDevelopmentExpenses": 0,
    "generalAndAdministrativeExpenses": 391000000,
    "sellingAndMarketingExpenses": 0,
    "sellingGeneralAndAdministrativeExpenses": 391000000,
    "otherExpenses": 467000000,
    "operatingExpenses": 858000000,
    "costAndExpenses": 2046000000,
    "interestIncome": 1207000000,
    "interestExpense": 469000000,
    "depreciationAndAmortization": 107000000,
    "ebitda": -10000000,
    "ebitdaratio": -0.0051840332,
    "operatingIncome": -117000000,
    "operatingIncomeRatio": -0.0606531882,
    "totalOtherIncomeExpensesNet": 0,
    "incomeBeforeTax": -117000000,
    "incomeBeforeTaxRatio": -0.0606531882,
    "incomeTaxExpense": 85000000,
    "netIncome": -202000000,
    "netIncomeRatio": -0.1047174702,
    "eps": -0.37,
    "epsdiluted": -0.37,
    "weightedAverageShsOut": 545946000,
    "weightedAverageShsOutDil": 545946000,
    "link": "https://www.sec.gov/Archives/edgar/data/35527/000119312508170163/0001193125-08-170163-index.htm",
    "finalLink": "https://www.sec.gov/Archives/edgar/data/35527/000119312508170163/d10q.htm"
  },
  {
    "date": "2008-03-31",
    "symbol": "FITB",
    "reportedCurrency": "USD",
    "cik": "0000035527",
    "fillingDate": "2008-05-09",
    "acceptedDate": "2008-05-09 17:01:04",
    "calendarYear": "2008",
    "period": "Q1",
    "revenue": 2311000000,
    "costOfRevenue": 1171000000,
    "grossProfit": 1140000000,
    "grossProfitRatio": 0.4932929468,
    "researchAndDevelopmentExpenses": 0,
    "generalAndAdministrativeExpenses": 432000000,
    "sellingAndMarketingExpenses": 0,
    "sellingGeneralAndAdministrativeExpenses": 432000000,
    "otherExpenses": 283000000,
    "operatingExpenses": 715000000,
    "costAndExpenses": 1886000000,
    "interestIncome": 1447000000,
    "interestExpense": 627000000,
    "depreciationAndAmortization": 65000000,
    "ebitda": 490000000,
    "ebitdaratio": 0.2120294245,
    "operatingIncome": 425000000,
    "operatingIncomeRatio": 0.1839030723,
    "totalOtherIncomeExpensesNet": 0,
    "incomeBeforeTax": 425000000,
    "incomeBeforeTaxRatio": 0.1839030723,
    "incomeTaxExpense": 139000000,
    "netIncome": 286000000,
    "netIncomeRatio": 0.1237559498,
    "eps": 0.54,
    "epsdiluted": 0.54,
    "weightedAverageShsOut": 529630000,
    "weightedAverageShsOutDil": 529630000,
    "link": "https://www.sec.gov/Archives/edgar/data/35527/000119312508109956/0001193125-08-109956-index.htm",
    "finalLink": "https://www.sec.gov/Archives/edgar/data/35527/000119312508109956/d10q.htm"
  },
  {
    "date": "2007-12-31",
    "symbol": "FITB",
    "reportedCurrency": "USD",
    "cik": "0000035527",
    "fillingDate": "2008-02-22",
    "acceptedDate": "2008-02-22 17:23:08",
    "calendarYear": "2007",
    "period": "Q4",
    "revenue": 1696000000,
    "costOfRevenue": 1054000000,
    "grossProfit": 642000000,
    "grossProfitRatio": 0.3785377358,
    "researchAndDevelopmentExpenses": 0,
    "generalAndAdministrativeExpenses": 383000000,
    "sellingAndMarketingExpenses": 0,
    "sellingGeneralAndAdministrativeExpenses": 383000000,
    "otherExpenses": 195000000,
    "operatingExpenses": 578000000,
    "costAndExpenses": 1632000000,
    "interestIncome": 1550000000,
    "interestExpense": 770000000,
    "depreciationAndAmortization": 92000000,
    "ebitda": 156000000,
    "ebitdaratio": 0.0919811321,
    "operatingIncome": 64000000,
    "operatingIncomeRatio": 0.0377358491,
    "totalOtherIncomeExpensesNet": 0,
    "incomeBeforeTax": 64000000,
    "incomeBeforeTaxRatio": 0.0377358491,
    "incomeTaxExpense": 47000000,
    "netIncome": 17000000,
    "netIncomeRatio": 0.0100235849,
    "eps": 0.0321,
    "epsdiluted": 0.0321,
    "weightedAverageShsOut": 529630000,
    "weightedAverageShsOutDil": 529630000,
    "link": "https://www.sec.gov/Archives/edgar/data/35527/000119312508036443/0001193125-08-036443-index.htm",
    "finalLink": "https://www.sec.gov/Archives/edgar/data/35527/000119312508036443/d10k.htm"
  },
  {
    "date": "2007-09-30",
    "symbol": "FITB",
    "reportedCurrency": "USD",
    "cik": "0000035527",
    "fillingDate": "2007-11-09",
    "acceptedDate": "2007-11-09 16:26:35",
    "calendarYear": "2007",
    "period": "Q3",
    "revenue": 2210000000,
    "costOfRevenue": 914000000,
    "grossProfit": 1296000000,
    "grossProfitRatio": 0.5864253394,
    "researchAndDevelopmentExpenses": 0,
    "generalAndAdministrativeExpenses": 483000000,
    "sellingAndMarketingExpenses": 0,
    "sellingGeneralAndAdministrativeExpenses": 483000000,
    "otherExpenses": 370000000,
    "operatingExpenses": 853000000,
    "costAndExpenses": 1767000000,
    "interestIncome": 1529000000,
    "interestExpense": 775000000,
    "depreciationAndAmortization": 90000000,
    "ebitda": 533000000,
    "ebitdaratio": 0.2411764706,
    "operatingIncome": 443000000,
    "operatingIncomeRatio": 0.2004524887,
    "totalOtherIncomeExpensesNet": 0,
    "incomeBeforeTax": 443000000,
    "incomeBeforeTaxRatio": 0.2004524887,
    "incomeTaxExpense": 118000000,
    "netIncome": 325000000,
    "netIncomeRatio": 0.1470588235,
    "eps": 0.61,
    "epsdiluted": 0.61,
    "weightedAverageShsOut": 530000000,
    "weightedAverageShsOutDil": 532787000,
    "link": "https://www.sec.gov/Archives/edgar/data/35527/000119312507242508/0001193125-07-242508-index.htm",
    "finalLink": "https://www.sec.gov/Archives/edgar/data/35527/000119312507242508/d10q.htm"
  },
  {
    "date": "2007-06-30",
    "symbol": "FITB",
    "reportedCurrency": "USD",
    "cik": "0000035527",
    "fillingDate": "2007-08-09",
    "acceptedDate": "2007-08-09 09:16:28",
    "calendarYear": "2007",
    "period": "Q2",
    "revenue": 2196000000,
    "costOfRevenue": 871000000,
    "grossProfit": 1325000000,
    "grossProfitRatio": 0.6033697632,
    "researchAndDevelopmentExpenses": 0,
    "generalAndAdministrativeExpenses": 377000000,
    "sellingAndMarketingExpenses": 0,
    "sellingGeneralAndAdministrativeExpenses": 377000000,
    "otherExpenses": 426000000,
    "operatingExpenses": 803000000,
    "costAndExpenses": 1674000000,
    "interestIncome": 1489000000,
    "interestExpense": 750000000,
    "depreciationAndAmortization": 95000000,
    "ebitda": 617000000,
    "ebitdaratio": 0.2809653916,
    "operatingIncome": 522000000,
    "operatingIncomeRatio": 0.237704918,
    "totalOtherIncomeExpensesNet": 0,
    "incomeBeforeTax": 522000000,
    "incomeBeforeTaxRatio": 0.237704918,
    "incomeTaxExpense": 146000000,
    "netIncome": 376000000,
    "netIncomeRatio": 0.1712204007,
    "eps": 0.69,
    "epsdiluted": 0.69,
    "weightedAverageShsOut": 544928000,
    "weightedAverageShsOutDil": 544928000,
    "link": "https://www.sec.gov/Archives/edgar/data/35527/000119312507176708/0001193125-07-176708-index.htm",
    "finalLink": "https://www.sec.gov/Archives/edgar/data/35527/000119312507176708/d10q.htm"
  },
  {
    "date": "2007-03-31",
    "symbol": "FITB",
    "reportedCurrency": "USD",
    "cik": "0000035527",
    "fillingDate": "2007-05-10",
    "acceptedDate": "2007-05-10 16:06:02",
    "calendarYear": "2007",
    "period": "Q1",
    "revenue": 2108000000,
    "costOfRevenue": 808000000,
    "grossProfit": 1300000000,
    "grossProfitRatio": 0.6166982922,
    "researchAndDevelopmentExpenses": 0,
    "generalAndAdministrativeExpenses": 379000000,
    "sellingAndMarketingExpenses": 0,
    "sellingGeneralAndAdministrativeExpenses": 379000000,
    "otherExpenses": 414000000,
    "operatingExpenses": 793000000,
    "costAndExpenses": 1601000000,
    "interestIncome": 1460000000,
    "interestExpense": 724000000,
    "depreciationAndAmortization": 90000000,
    "ebitda": 597000000,
    "ebitdaratio": 0.2832068311,
    "operatingIncome": 507000000,
    "operatingIncomeRatio": 0.240512334,
    "totalOtherIncomeExpensesNet": 0,
    "incomeBeforeTax": 507000000,
    "incomeBeforeTaxRatio": 0.240512334,
    "incomeTaxExpense": 148000000,
    "netIncome": 359000000,
    "netIncomeRatio": 0.1703036053,
    "eps": 0.65,
    "epsdiluted": 0.65,
    "weightedAverageShsOut": 552308000,
    "weightedAverageShsOutDil": 552308000,
    "link": "https://www.sec.gov/Archives/edgar/data/35527/000119312507110202/0001193125-07-110202-index.htm",
    "finalLink": "https://www.sec.gov/Archives/edgar/data/35527/000119312507110202/d10q.htm"
  },
  {
    "date": "2006-12-31",
    "symbol": "FITB",
    "reportedCurrency": "USD",
    "cik": "0000035527",
    "fillingDate": "2007-02-20",
    "acceptedDate": "2007-02-20 16:11:27",
    "calendarYear": "2006",
    "period": "Q4",
    "revenue": 1764000000,
    "costOfRevenue": 913000000,
    "grossProfit": 851000000,
    "grossProfitRatio": 0.4824263039,
    "researchAndDevelopmentExpenses": 0,
    "generalAndAdministrativeExpenses": 361000000,
    "sellingAndMarketingExpenses": 124000000,
    "sellingGeneralAndAdministrativeExpenses": 485000000,
    "otherExpenses": 314000000,
    "operatingExpenses": 799000000,
    "costAndExpenses": 1712000000,
    "interestIncome": 1545000000,
    "interestExpense": 806000000,
    "depreciationAndAmortization": 101000000,
    "ebitda": 153000000,
    "ebitdaratio": 0.0867346939,
    "operatingIncome": 52000000,
    "operatingIncomeRatio": 0.029478458,
    "totalOtherIncomeExpensesNet": 0,
    "incomeBeforeTax": 52000000,
    "incomeBeforeTaxRatio": 0.029478458,
    "incomeTaxExpense": -13000000,
    "netIncome": 65000000,
    "netIncomeRatio": 0.0368480726,
    "eps": 0.12,
    "epsdiluted": 0.12,
    "weightedAverageShsOut": 552178000,
    "weightedAverageShsOutDil": 552308000,
    "link": "https://www.sec.gov/Archives/edgar/data/35527/000119312507035126/0001193125-07-035126-index.htm",
    "finalLink": "https://www.sec.gov/Archives/edgar/data/35527/000119312507035126/d10k.htm"
  },
  {
    "date": "2006-09-30",
    "symbol": "FITB",
    "reportedCurrency": "USD",
    "cik": "0000035527",
    "fillingDate": "2006-11-02",
    "acceptedDate": "2006-11-02 16:36:18",
    "calendarYear": "2006",
    "period": "Q3",
    "revenue": 2196000000,
    "costOfRevenue": 908000000,
    "grossProfit": 1288000000,
    "grossProfitRatio": 0.5865209472,
    "researchAndDevelopmentExpenses": 0,
    "generalAndAdministrativeExpenses": 362000000,
    "sellingAndMarketingExpenses": 0,
    "sellingGeneralAndAdministrativeExpenses": 362000000,
    "otherExpenses": 405000000,
    "operatingExpenses": 767000000,
    "costAndExpenses": 1675000000,
    "interestIncome": 1534000000,
    "interestExpense": 821000000,
    "depreciationAndAmortization": 105000000,
    "ebitda": 626000000,
    "ebitdaratio": 0.2850637523,
    "operatingIncome": 521000000,
    "operatingIncomeRatio": 0.2372495446,
    "totalOtherIncomeExpensesNet": 0,
    "incomeBeforeTax": 521000000,
    "incomeBeforeTaxRatio": 0.2372495446,
    "incomeTaxExpense": 144000000,
    "netIncome": 377000000,
    "netIncomeRatio": 0.1716757741,
    "eps": 0.68,
    "epsdiluted": 0.68,
    "weightedAverageShsOut": 554412000,
    "weightedAverageShsOutDil": 554412000,
    "link": "https://www.sec.gov/Archives/edgar/data/35527/000119312506222170/0001193125-06-222170-index.htm",
    "finalLink": "https://www.sec.gov/Archives/edgar/data/35527/000119312506222170/d10q.htm"
  },
  {
    "date": "2006-06-30",
    "symbol": "FITB",
    "reportedCurrency": "USD",
    "cik": "0000035527",
    "fillingDate": "2006-08-03",
    "acceptedDate": "2006-08-03 16:45:21",
    "calendarYear": "2006",
    "period": "Q2",
    "revenue": 2132000000,
    "costOfRevenue": 838000000,
    "grossProfit": 1294000000,
    "grossProfitRatio": 0.6069418386,
    "researchAndDevelopmentExpenses": 0,
    "generalAndAdministrativeExpenses": 372000000,
    "sellingAndMarketingExpenses": 0,
    "sellingGeneralAndAdministrativeExpenses": 372000000,
    "otherExpenses": 387000000,
    "operatingExpenses": 759000000,
    "costAndExpenses": 1597000000,
    "interestIncome": 1477000000,
    "interestExpense": 767000000,
    "depreciationAndAmortization": 99000000,
    "ebitda": 634000000,
    "ebitdaratio": 0.2973733583,
    "operatingIncome": 535000000,
    "operatingIncomeRatio": 0.2509380863,
    "totalOtherIncomeExpensesNet": 0,
    "incomeBeforeTax": 535000000,
    "incomeBeforeTaxRatio": 0.2509380863,
    "incomeTaxExpense": 153000000,
    "netIncome": 382000000,
    "netIncomeRatio": 0.1791744841,
    "eps": 0.69,
    "epsdiluted": 0.69,
    "weightedAverageShsOut": 553623000,
    "weightedAverageShsOutDil": 553623000,
    "link": "https://www.sec.gov/Archives/edgar/data/35527/000119312506160996/0001193125-06-160996-index.htm",
    "finalLink": "https://www.sec.gov/Archives/edgar/data/35527/000119312506160996/d10q.htm"
  },
  {
    "date": "2006-03-31",
    "symbol": "FITB",
    "reportedCurrency": "USD",
    "cik": "0000035527",
    "fillingDate": "2006-05-04",
    "acceptedDate": "2006-05-04 16:38:07",
    "calendarYear": "2006",
    "period": "Q1",
    "revenue": 2015000000,
    "costOfRevenue": 765000000,
    "grossProfit": 1250000000,
    "grossProfitRatio": 0.6203473945,
    "researchAndDevelopmentExpenses": 0,
    "generalAndAdministrativeExpenses": 371000000,
    "sellingAndMarketingExpenses": 0,
    "sellingGeneralAndAdministrativeExpenses": 371000000,
    "otherExpenses": 360000000,
    "operatingExpenses": 731000000,
    "costAndExpenses": 1496000000,
    "interestIncome": 1398000000,
    "interestExpense": 687000000,
    "depreciationAndAmortization": 94000000,
    "ebitda": 613000000,
    "ebitdaratio": 0.3042183623,
    "operatingIncome": 519000000,
    "operatingIncomeRatio": 0.2575682382,
    "totalOtherIncomeExpensesNet": 0,
    "incomeBeforeTax": 519000000,
    "incomeBeforeTaxRatio": 0.2575682382,
    "incomeTaxExpense": 160000000,
    "netIncome": 363000000,
    "netIncomeRatio": 0.1801488834,
    "eps": 0.66,
    "epsdiluted": 0.65,
    "weightedAverageShsOut": 550000000,
    "weightedAverageShsOutDil": 558462000,
    "link": "https://www.sec.gov/Archives/edgar/data/35527/000119312506100406/0001193125-06-100406-index.htm",
    "finalLink": "https://www.sec.gov/Archives/edgar/data/35527/000119312506100406/d10q.htm"
  },
  {
    "date": "2005-12-31",
    "symbol": "FITB",
    "reportedCurrency": "USD",
    "cik": "0000035527",
    "fillingDate": "2006-02-16",
    "acceptedDate": "2006-02-16 16:51:57",
    "calendarYear": "2005",
    "period": "Q4",
    "revenue": 1988000000,
    "costOfRevenue": 758000000,
    "grossProfit": 1230000000,
    "grossProfitRatio": 0.6187122736,
    "researchAndDevelopmentExpenses": 0,
    "generalAndAdministrativeExpenses": 352000000,
    "sellingAndMarketingExpenses": 28000000,
    "sellingGeneralAndAdministrativeExpenses": 380000000,
    "otherExpenses": 384000000,
    "operatingExpenses": 764000000,
    "costAndExpenses": 1522000000,
    "interestIncome": 1352000000,
    "interestExpense": 625000000,
    "depreciationAndAmortization": 99000000,
    "ebitda": 565000000,
    "ebitdaratio": 0.2842052314,
    "operatingIncome": 466000000,
    "operatingIncomeRatio": 0.2344064386,
    "totalOtherIncomeExpensesNet": 0,
    "incomeBeforeTax": 466000000,
    "incomeBeforeTaxRatio": 0.2344064386,
    "incomeTaxExpense": 135000000,
    "netIncome": 331000000,
    "netIncomeRatio": 0.166498994,
    "eps": 0.6,
    "epsdiluted": 0.6,
    "weightedAverageShsOut": 550000000,
    "weightedAverageShsOutDil": 550000000,
    "link": "https://www.sec.gov/Archives/edgar/data/35527/000119312506033639/0001193125-06-033639-index.htm",
    "finalLink": "https://www.sec.gov/Archives/edgar/data/35527/000119312506033639/d10k.htm"
  },
  {
    "date": "2005-09-30",
    "symbol": "FITB",
    "reportedCurrency": "USD",
    "cik": "0000035527",
    "fillingDate": "2005-11-04",
    "acceptedDate": "2005-11-04 16:16:36",
    "calendarYear": "2005",
    "period": "Q3",
    "revenue": 1905000000,
    "costOfRevenue": 615000000,
    "grossProfit": 1290000000,
    "grossProfitRatio": 0.6771653543,
    "researchAndDevelopmentExpenses": 0,
    "generalAndAdministrativeExpenses": 355000000,
    "sellingAndMarketingExpenses": 36000000,
    "sellingGeneralAndAdministrativeExpenses": 391000000,
    "otherExpenses": 341000000,
    "operatingExpenses": 732000000,
    "costAndExpenses": 1347000000,
    "interestIncome": 1283000000,
    "interestExpense": 546000000,
    "depreciationAndAmortization": 110000000,
    "ebitda": 668000000,
    "ebitdaratio": 0.350656168,
    "operatingIncome": 558000000,
    "operatingIncomeRatio": 0.2929133858,
    "totalOtherIncomeExpensesNet": 0,
    "incomeBeforeTax": 558000000,
    "incomeBeforeTaxRatio": 0.2929133858,
    "incomeTaxExpense": 163000000,
    "netIncome": 395000000,
    "netIncomeRatio": 0.2073490814,
    "eps": 0.71,
    "epsdiluted": 0.71,
    "weightedAverageShsOut": 554930000,
    "weightedAverageShsOutDil": 554930000,
    "link": "https://www.sec.gov/Archives/edgar/data/35527/000119312505216928/0001193125-05-216928-index.htm",
    "finalLink": "https://www.sec.gov/Archives/edgar/data/35527/000119312505216928/d10q.htm"
  },
  {
    "date": "2005-06-30",
    "symbol": "FITB",
    "reportedCurrency": "USD",
    "cik": "0000035527",
    "fillingDate": "2005-08-04",
    "acceptedDate": "2005-08-04 17:11:55",
    "calendarYear": "2005",
    "period": "Q2",
    "revenue": 1850000000,
    "costOfRevenue": 525000000,
    "grossProfit": 1325000000,
    "grossProfitRatio": 0.7162162162,
    "researchAndDevelopmentExpenses": 0,
    "generalAndAdministrativeExpenses": 362000000,
    "sellingAndMarketingExpenses": 0,
    "sellingGeneralAndAdministrativeExpenses": 362000000,
    "otherExpenses": 366000000,
    "operatingExpenses": 728000000,
    "costAndExpenses": 1253000000,
    "interestIncome": 1215000000,
    "interestExpense": 465000000,
    "depreciationAndAmortization": 101000000,
    "ebitda": 698000000,
    "ebitdaratio": 0.3772972973,
    "operatingIncome": 597000000,
    "operatingIncomeRatio": 0.3227027027,
    "totalOtherIncomeExpensesNet": 0,
    "incomeBeforeTax": 597000000,
    "incomeBeforeTaxRatio": 0.3227027027,
    "incomeTaxExpense": 180000000,
    "netIncome": 417000000,
    "netIncomeRatio": 0.2254054054,
    "eps": 0.75,
    "epsdiluted": 0.75,
    "weightedAverageShsOut": 556000000,
    "weightedAverageShsOutDil": 556000000,
    "link": "https://www.sec.gov/Archives/edgar/data/35527/000119312505157895/0001193125-05-157895-index.htm",
    "finalLink": "https://www.sec.gov/Archives/edgar/data/35527/000119312505157895/d10q.htm"
  },
  {
    "date": "2005-03-31",
    "symbol": "FITB",
    "reportedCurrency": "USD",
    "cik": "0000035527",
    "fillingDate": "2005-05-05",
    "acceptedDate": "2005-05-05 16:41:27",
    "calendarYear": "2005",
    "period": "Q1",
    "revenue": 1752000000,
    "costOfRevenue": 461000000,
    "grossProfit": 1291000000,
    "grossProfitRatio": 0.7368721461,
    "researchAndDevelopmentExpenses": 0,
    "generalAndAdministrativeExpenses": 347000000,
    "sellingAndMarketingExpenses": 0,
    "sellingGeneralAndAdministrativeExpenses": 347000000,
    "otherExpenses": 358000000,
    "operatingExpenses": 705000000,
    "costAndExpenses": 1166000000,
    "interestIncome": 1145000000,
    "interestExpense": 394000000,
    "depreciationAndAmortization": 95000000,
    "ebitda": 681000000,
    "ebitdaratio": 0.3886986301,
    "operatingIncome": 586000000,
    "operatingIncomeRatio": 0.3344748858,
    "totalOtherIncomeExpensesNet": 0,
    "incomeBeforeTax": 586000000,
    "incomeBeforeTaxRatio": 0.3344748858,
    "incomeTaxExpense": 181000000,
    "netIncome": 405000000,
    "netIncomeRatio": 0.2311643836,
    "eps": 0.73,
    "epsdiluted": 0.72,
    "weightedAverageShsOut": 554795000,
    "weightedAverageShsOutDil": 562500000,
    "link": "https://www.sec.gov/Archives/edgar/data/35527/000119312505097524/0001193125-05-097524-index.htm",
    "finalLink": "https://www.sec.gov/Archives/edgar/data/35527/000119312505097524/d10q.htm"
  },
  {
    "date": "2004-12-31",
    "symbol": "FITB",
    "reportedCurrency": "USD",
    "cik": "0000035527",
    "fillingDate": "2005-03-01",
    "acceptedDate": "2005-03-01 16:30:33",
    "calendarYear": "2004",
    "period": "Q4",
    "revenue": 1560000000,
    "costOfRevenue": 405000000,
    "grossProfit": 1155000000,
    "grossProfitRatio": 0.7403846154,
    "researchAndDevelopmentExpenses": 0,
    "generalAndAdministrativeExpenses": 322000000,
    "sellingAndMarketingExpenses": 99000000,
    "sellingGeneralAndAdministrativeExpenses": 421000000,
    "otherExpenses": 511000000,
    "operatingExpenses": 932000000,
    "costAndExpenses": 1337000000,
    "interestIncome": 1081000000,
    "interestExpense": 338000000,
    "depreciationAndAmortization": 106000000,
    "ebitda": 329000000,
    "ebitdaratio": 0.2108974359,
    "operatingIncome": 223000000,
    "operatingIncomeRatio": 0.1429487179,
    "totalOtherIncomeExpensesNet": 0,
    "incomeBeforeTax": 223000000,
    "incomeBeforeTaxRatio": 0.1429487179,
    "incomeTaxExpense": 47000000,
    "netIncome": 176000000,
    "netIncomeRatio": 0.1128205128,
    "eps": 0.32,
    "epsdiluted": 0.32,
    "weightedAverageShsOut": 554795000,
    "weightedAverageShsOutDil": 554795000,
    "link": "https://www.sec.gov/Archives/edgar/data/35527/000119312505039845/0001193125-05-039845-index.htm",
    "finalLink": "https://www.sec.gov/Archives/edgar/data/35527/000119312505039845/d10k.htm"
  },
  {
    "date": "2004-09-30",
    "symbol": "FITB",
    "reportedCurrency": "USD",
    "cik": "0000035527",
    "fillingDate": "2004-11-05",
    "acceptedDate": "2004-11-05 16:15:44",
    "calendarYear": "2004",
    "period": "Q3",
    "revenue": 1654000000,
    "costOfRevenue": 316000000,
    "grossProfit": 1338000000,
    "grossProfitRatio": 0.8089480048,
    "researchAndDevelopmentExpenses": 0,
    "generalAndAdministrativeExpenses": 316000000,
    "sellingAndMarketingExpenses": 0,
    "sellingGeneralAndAdministrativeExpenses": 316000000,
    "otherExpenses": 328000000,
    "operatingExpenses": 644000000,
    "costAndExpenses": 960000000,
    "interestIncome": 1043000000,
    "interestExpense": 286000000,
    "depreciationAndAmortization": 109000000,
    "ebitda": 803000000,
    "ebitdaratio": 0.4854897219,
    "operatingIncome": 694000000,
    "operatingIncomeRatio": 0.4195888755,
    "totalOtherIncomeExpensesNet": 0,
    "incomeBeforeTax": 694000000,
    "incomeBeforeTaxRatio": 0.4195888755,
    "incomeTaxExpense": 223000000,
    "netIncome": 471000000,
    "netIncomeRatio": 0.284764208,
    "eps": 0.84,
    "epsdiluted": 0.83,
    "weightedAverageShsOut": 559524000,
    "weightedAverageShsOutDil": 566265000,
    "link": "https://www.sec.gov/Archives/edgar/data/35527/000119312504187916/0001193125-04-187916-index.htm",
    "finalLink": "https://www.sec.gov/Archives/edgar/data/35527/000119312504187916/d10q.htm"
  },
  {
    "date": "2004-06-30",
    "symbol": "FITB",
    "reportedCurrency": "USD",
    "cik": "0000035527",
    "fillingDate": "2004-08-06",
    "acceptedDate": "2004-08-06 16:28:15",
    "calendarYear": "2004",
    "period": "Q2",
    "revenue": 1749000000,
    "costOfRevenue": 326000000,
    "grossProfit": 1423000000,
    "grossProfitRatio": 0.8136077759,
    "researchAndDevelopmentExpenses": 0,
    "generalAndAdministrativeExpenses": 320000000,
    "sellingAndMarketingExpenses": 0,
    "sellingGeneralAndAdministrativeExpenses": 320000000,
    "otherExpenses": 423000000,
    "operatingExpenses": 743000000,
    "costAndExpenses": 1069000000,
    "interestIncome": 1000000000,
    "interestExpense": 238000000,
    "depreciationAndAmortization": 119360000,
    "ebitda": 799360000,
    "ebitdaratio": 0.4570383076,
    "operatingIncome": 680000000,
    "operatingIncomeRatio": 0.3887935963,
    "totalOtherIncomeExpensesNet": 0,
    "incomeBeforeTax": 680000000,
    "incomeBeforeTaxRatio": 0.3887935963,
    "incomeTaxExpense": 232000000,
    "netIncome": 448000000,
    "netIncomeRatio": 0.2561463694,
    "eps": 0.8,
    "epsdiluted": 0.79,
    "weightedAverageShsOut": 559406000,
    "weightedAverageShsOutDil": 566487000,
    "link": "https://www.sec.gov/Archives/edgar/data/35527/000119312504134384/0001193125-04-134384-index.htm",
    "finalLink": "https://www.sec.gov/Archives/edgar/data/35527/000119312504134384/d10q.htm"
  },
  {
    "date": "2004-03-31",
    "symbol": "FITB",
    "reportedCurrency": "USD",
    "cik": "0000035527",
    "fillingDate": "2004-05-06",
    "acceptedDate": "2004-05-06 16:56:55",
    "calendarYear": "2004",
    "period": "Q1",
    "revenue": 1616530000,
    "costOfRevenue": 323622000,
    "grossProfit": 1292908000,
    "grossProfitRatio": 0.7998045196,
    "researchAndDevelopmentExpenses": 0,
    "generalAndAdministrativeExpenses": 321000000,
    "sellingAndMarketingExpenses": 0,
    "sellingGeneralAndAdministrativeExpenses": 321000000,
    "otherExpenses": 331068000,
    "operatingExpenses": 652068000,
    "costAndExpenses": 975690000,
    "interestIncome": 990125000,
    "interestExpense": 240382000,
    "depreciationAndAmortization": 124640000,
    "ebitda": 765480000,
    "ebitdaratio": 0.4735328141,
    "operatingIncome": 640840000,
    "operatingIncomeRatio": 0.3964293889,
    "totalOtherIncomeExpensesNet": 0,
    "incomeBeforeTax": 640840000,
    "incomeBeforeTaxRatio": 0.3964293889,
    "incomeTaxExpense": 210524000,
    "netIncome": 430316000,
    "netIncomeRatio": 0.2661973486,
    "eps": 0.76,
    "epsdiluted": 0.75,
    "weightedAverageShsOut": 565962000,
    "weightedAverageShsOutDil": 573508000,
    "link": "https://www.sec.gov/Archives/edgar/data/35527/000119312504080687/0001193125-04-080687-index.htm",
    "finalLink": "https://www.sec.gov/Archives/edgar/data/35527/000119312504080687/d10q.htm"
  },
  {
    "date": "2003-12-31",
    "symbol": "FITB",
    "reportedCurrency": "USD",
    "cik": "0000035527",
    "fillingDate": "2004-02-26",
    "acceptedDate": "2004-02-26 11:31:44",
    "calendarYear": "2003",
    "period": "Q4",
    "revenue": 1578754000,
    "costOfRevenue": 346937000,
    "grossProfit": 1231817000,
    "grossProfitRatio": 0.7802463208,
    "researchAndDevelopmentExpenses": 0,
    "generalAndAdministrativeExpenses": 270751000,
    "sellingAndMarketingExpenses": 0,
    "sellingGeneralAndAdministrativeExpenses": 270751000,
    "otherExpenses": 360006000,
    "operatingExpenses": 630757000,
    "costAndExpenses": 977694000,
    "interestIncome": 987806000,
    "interestExpense": 253712000,
    "depreciationAndAmortization": 138286000,
    "ebitda": 739346000,
    "ebitdaratio": 0.468309819,
    "operatingIncome": 601060000,
    "operatingIncomeRatio": 0.3807179586,
    "totalOtherIncomeExpensesNet": 0,
    "incomeBeforeTax": 601060000,
    "incomeBeforeTaxRatio": 0.3807179586,
    "incomeTaxExpense": 183882000,
    "netIncome": 460940000,
    "netIncomeRatio": 0.2919644226,
    "eps": 0.81,
    "epsdiluted": 0.81,
    "weightedAverageShsOut": 565962000,
    "weightedAverageShsOutDil": 565962000,
    "link": "https://www.sec.gov/Archives/edgar/data/35527/000119312504029919/0001193125-04-029919-index.htm",
    "finalLink": "https://www.sec.gov/Archives/edgar/data/35527/000119312504029919/d10k.htm"
  },
  {
    "date": "2003-09-30",
    "symbol": "FITB",
    "reportedCurrency": "USD",
    "cik": "0000035527",
    "fillingDate": "2003-11-13",
    "acceptedDate": "2003-11-13 16:43:55",
    "calendarYear": "2003",
    "period": "Q3",
    "revenue": 1663000000,
    "costOfRevenue": 370000000,
    "grossProfit": 1293000000,
    "grossProfitRatio": 0.7775105232,
    "researchAndDevelopmentExpenses": 0,
    "generalAndAdministrativeExpenses": 287000000,
    "sellingAndMarketingExpenses": 0,
    "sellingGeneralAndAdministrativeExpenses": 287000000,
    "otherExpenses": 346000000,
    "operatingExpenses": 633000000,
    "costAndExpenses": 1003000000,
    "interestIncome": 983000000,
    "interestExpense": 258000000,
    "depreciationAndAmortization": 173858000,
    "ebitda": 833858000,
    "ebitdaratio": 0.5014179194,
    "operatingIncome": 660000000,
    "operatingIncomeRatio": 0.3968731209,
    "totalOtherIncomeExpensesNet": 0,
    "incomeBeforeTax": 660000000,
    "incomeBeforeTaxRatio": 0.3968731209,
    "incomeTaxExpense": 213000000,
    "netIncome": 436000000,
    "netIncomeRatio": 0.2621767889,
    "eps": 0.73,
    "epsdiluted": 0.72,
    "weightedAverageShsOut": 597260000,
    "weightedAverageShsOutDil": 605556000,
    "link": "https://www.sec.gov/Archives/edgar/data/35527/000119312503080233/0001193125-03-080233-index.htm",
    "finalLink": "https://www.sec.gov/Archives/edgar/data/35527/000119312503080233/d10q.htm"
  },
  {
    "date": "2003-06-30",
    "symbol": "FITB",
    "reportedCurrency": "USD",
    "cik": "0000035527",
    "fillingDate": "2003-08-08",
    "acceptedDate": "2003-08-08 13:28:56",
    "calendarYear": "2003",
    "period": "Q2",
    "revenue": 1637730000,
    "costOfRevenue": 389467000,
    "grossProfit": 1248263000,
    "grossProfitRatio": 0.7621909594,
    "researchAndDevelopmentExpenses": 0,
    "generalAndAdministrativeExpenses": 334102000,
    "sellingAndMarketingExpenses": 0,
    "sellingGeneralAndAdministrativeExpenses": 334102000,
    "otherExpenses": 297371000,
    "operatingExpenses": 631473000,
    "costAndExpenses": 1020940000,
    "interestIncome": 1019918000,
    "interestExpense": 280590000,
    "depreciationAndAmortization": 119625000,
    "ebitda": 736415000,
    "ebitdaratio": 0.4496559262,
    "operatingIncome": 616790000,
    "operatingIncomeRatio": 0.3766127506,
    "totalOtherIncomeExpensesNet": 0,
    "incomeBeforeTax": 616790000,
    "incomeBeforeTaxRatio": 0.3766127506,
    "incomeTaxExpense": 202466000,
    "netIncome": 415460000,
    "netIncomeRatio": 0.2536803991,
    "eps": 0.72,
    "epsdiluted": 0.71,
    "weightedAverageShsOut": 573888000,
    "weightedAverageShsOutDil": 581663000,
    "link": "https://www.sec.gov/Archives/edgar/data/35527/000119312503031702/0001193125-03-031702-index.htm",
    "finalLink": "https://www.sec.gov/Archives/edgar/data/35527/000119312503031702/d10q.htm"
  },
  {
    "date": "2003-03-31",
    "symbol": "FITB",
    "reportedCurrency": "USD",
    "cik": "0000035527",
    "fillingDate": "2003-05-15",
    "acceptedDate": "2003-05-15 16:41:44",
    "calendarYear": "2003",
    "period": "Q1",
    "revenue": 1585631000,
    "costOfRevenue": 378872000,
    "grossProfit": 1206759000,
    "grossProfitRatio": 0.7610591619,
    "researchAndDevelopmentExpenses": 0,
    "generalAndAdministrativeExpenses": 329360000,
    "sellingAndMarketingExpenses": 0,
    "sellingGeneralAndAdministrativeExpenses": 329360000,
    "otherExpenses": 294797000,
    "operatingExpenses": 624157000,
    "costAndExpenses": 1003029000,
    "interestIncome": 1000298000,
    "interestExpense": 294055000,
    "depreciationAndAmortization": 118517000,
    "ebitda": 701119000,
    "ebitdaratio": 0.442170341,
    "operatingIncome": 582602000,
    "operatingIncomeRatio": 0.3674259648,
    "totalOtherIncomeExpensesNet": 0,
    "incomeBeforeTax": 582602000,
    "incomeBeforeTaxRatio": 0.3674259648,
    "incomeTaxExpense": 193468000,
    "netIncome": 389947000,
    "netIncomeRatio": 0.2459254391,
    "eps": 0.68,
    "epsdiluted": 0.67,
    "weightedAverageShsOut": 574366000,
    "weightedAverageShsOutDil": 582769000,
    "link": "https://www.sec.gov/Archives/edgar/data/35527/000095013003003638/0000950130-03-003638-index.htm",
    "finalLink": "https://www.sec.gov/Archives/edgar/data/35527/000095013003003638/d10q.htm"
  },
  {
    "date": "2002-12-31",
    "symbol": "FITB",
    "reportedCurrency": "USD",
    "cik": "0000035527",
    "fillingDate": "2003-03-27",
    "acceptedDate": "2003-03-27 10:28:37",
    "calendarYear": "2002",
    "period": "Q4",
    "revenue": 1610635000,
    "costOfRevenue": 400770000,
    "grossProfit": 1209865000,
    "grossProfitRatio": 0.7511726741,
    "researchAndDevelopmentExpenses": 0,
    "generalAndAdministrativeExpenses": 302885000,
    "sellingAndMarketingExpenses": 0,
    "sellingGeneralAndAdministrativeExpenses": 302885000,
    "otherExpenses": 275930000,
    "operatingExpenses": 578815000,
    "costAndExpenses": 979585000,
    "interestIncome": 1027440000,
    "interestExpense": 329296000,
    "depreciationAndAmortization": 97848000,
    "ebitda": 728898000,
    "ebitdaratio": 0.4525531855,
    "operatingIncome": 631050000,
    "operatingIncomeRatio": 0.3918019911,
    "totalOtherIncomeExpensesNet": 0,
    "incomeBeforeTax": 631050000,
    "incomeBeforeTaxRatio": 0.3918019911,
    "incomeTaxExpense": 207206000,
    "netIncome": 423844000,
    "netIncomeRatio": 0.2631533526,
    "eps": 0.74,
    "epsdiluted": 0.74,
    "weightedAverageShsOut": 574366000,
    "weightedAverageShsOutDil": 574366000,
    "link": "https://www.sec.gov/Archives/edgar/data/35527/000102140803005124/0001021408-03-005124-index.htm",
    "finalLink": "https://www.sec.gov/Archives/edgar/data/35527/000102140803005124/d10k.htm"
  },
  {
    "date": "2002-09-30",
    "symbol": "FITB",
    "reportedCurrency": "USD",
    "cik": "0000035527",
    "fillingDate": "2002-11-14",
    "acceptedDate": "2002-11-14 18:38:52",
    "calendarYear": "2002",
    "period": "Q3",
    "revenue": 1644204000,
    "costOfRevenue": 414398000,
    "grossProfit": 1229806000,
    "grossProfitRatio": 0.7479643645,
    "researchAndDevelopmentExpenses": 0,
    "generalAndAdministrativeExpenses": 267046000,
    "sellingAndMarketingExpenses": 0,
    "sellingGeneralAndAdministrativeExpenses": 267046000,
    "otherExpenses": 361538000,
    "operatingExpenses": 628584000,
    "costAndExpenses": 1042982000,
    "interestIncome": 1036547000,
    "interestExpense": 358874000,
    "depreciationAndAmortization": 94343000,
    "ebitda": 695565000,
    "ebitdaratio": 0.4230405716,
    "operatingIncome": 601222000,
    "operatingIncomeRatio": 0.3656614386,
    "totalOtherIncomeExpensesNet": 0,
    "incomeBeforeTax": 601222000,
    "incomeBeforeTaxRatio": 0.3656614386,
    "incomeTaxExpense": 184483000,
    "netIncome": 416739000,
    "netIncomeRatio": 0.2534594247,
    "eps": 0.72,
    "epsdiluted": 0.7,
    "weightedAverageShsOut": 580504000,
    "weightedAverageShsOutDil": 592024000,
    "link": "https://www.sec.gov/Archives/edgar/data/35527/000102140802014218/0001021408-02-014218-index.htm",
    "finalLink": "https://www.sec.gov/Archives/edgar/data/35527/000102140802014218/d10q.htm"
  },
  {
    "date": "2002-06-30",
    "symbol": "FITB",
    "reportedCurrency": "USD",
    "cik": "0000035527",
    "fillingDate": "2002-08-14",
    "acceptedDate": "2002-08-14 13:39:17",
    "calendarYear": "2002",
    "period": "Q2",
    "revenue": 1554173000,
    "costOfRevenue": 433325000,
    "grossProfit": 1120848000,
    "grossProfitRatio": 0.7211861228,
    "researchAndDevelopmentExpenses": 0,
    "generalAndAdministrativeExpenses": 269497000,
    "sellingAndMarketingExpenses": 0,
    "sellingGeneralAndAdministrativeExpenses": 269497000,
    "otherExpenses": 259807000,
    "operatingExpenses": 529304000,
    "costAndExpenses": 962629000,
    "interestIncome": 1047301000,
    "interestExpense": 369285000,
    "depreciationAndAmortization": 83197000,
    "ebitda": 674741000,
    "ebitdaratio": 0.4341479359,
    "operatingIncome": 591544000,
    "operatingIncomeRatio": 0.3806165723,
    "totalOtherIncomeExpensesNet": 0,
    "incomeBeforeTax": 591544000,
    "incomeBeforeTaxRatio": 0.3806165723,
    "incomeTaxExpense": 187282000,
    "netIncome": 404262000,
    "netIncomeRatio": 0.2601138998,
    "eps": 0.69,
    "epsdiluted": 0.68,
    "weightedAverageShsOut": 581814000,
    "weightedAverageShsOutDil": 594257000,
    "link": "https://www.sec.gov/Archives/edgar/data/35527/000102140802010902/0001021408-02-010902-index.htm",
    "finalLink": "https://www.sec.gov/Archives/edgar/data/35527/000102140802010902/d10q.txt"
  },
  {
    "date": "2002-03-31",
    "symbol": "FITB",
    "reportedCurrency": "USD",
    "cik": "0000035527",
    "fillingDate": "2002-05-15",
    "acceptedDate": "2002-05-15 16:42:41",
    "calendarYear": "2002",
    "period": "Q1",
    "revenue": 1513987000,
    "costOfRevenue": 426507000,
    "grossProfit": 1087480000,
    "grossProfitRatio": 0.7182888625,
    "researchAndDevelopmentExpenses": 0,
    "generalAndAdministrativeExpenses": 267573000,
    "sellingAndMarketingExpenses": 0,
    "sellingGeneralAndAdministrativeExpenses": 267573000,
    "otherExpenses": 249724000,
    "operatingExpenses": 517297000,
    "costAndExpenses": 943804000,
    "interestIncome": 1017712000,
    "interestExpense": 371545000,
    "depreciationAndAmortization": 62612000,
    "ebitda": 632795000,
    "ebitdaratio": 0.4179659403,
    "operatingIncome": 570183000,
    "operatingIncomeRatio": 0.3766102351,
    "totalOtherIncomeExpensesNet": 0,
    "incomeBeforeTax": 570183000,
    "incomeBeforeTaxRatio": 0.3766102351,
    "incomeTaxExpense": 180029000,
    "netIncome": 390154000,
    "netIncomeRatio": 0.2576997028,
    "eps": 0.67,
    "epsdiluted": 0.66,
    "weightedAverageShsOut": 582583000,
    "weightedAverageShsOutDil": 594982000,
    "link": "https://www.sec.gov/Archives/edgar/data/35527/000094018002001131/0000940180-02-001131-index.htm",
    "finalLink": "https://www.sec.gov/Archives/edgar/data/35527/000094018002001131/d10q.txt"
  },
  {
    "date": "2001-12-31",
    "symbol": "FITB",
    "reportedCurrency": "USD",
    "cik": "0000035527",
    "fillingDate": "2002-03-12",
    "acceptedDate": "2002-03-12 00:00:00",
    "calendarYear": "2001",
    "period": "Q4",
    "revenue": 1559535000,
    "costOfRevenue": 498464000,
    "grossProfit": 1061071000,
    "grossProfitRatio": 0.6803765225,
    "researchAndDevelopmentExpenses": 0,
    "generalAndAdministrativeExpenses": 247535000,
    "sellingAndMarketingExpenses": 0,
    "sellingGeneralAndAdministrativeExpenses": 247535000,
    "otherExpenses": 258593000,
    "operatingExpenses": 506128000,
    "costAndExpenses": 1004592000,
    "interestIncome": 1065891000,
    "interestExpense": 436967000,
    "depreciationAndAmortization": 72445000,
    "ebitda": 627388000,
    "ebitdaratio": 0.4022917087,
    "operatingIncome": 554943000,
    "operatingIncomeRatio": 0.3558387596,
    "totalOtherIncomeExpensesNet": 0,
    "incomeBeforeTax": 554943000,
    "incomeBeforeTaxRatio": 0.3558387596,
    "incomeTaxExpense": 168833000,
    "netIncome": 385891000,
    "netIncomeRatio": 0.2474397817,
    "eps": 0.66,
    "epsdiluted": 0.66,
    "weightedAverageShsOut": 582583000,
    "weightedAverageShsOutDil": 582583000,
    "link": "https://www.sec.gov/Archives/edgar/data/35527/000095010902001302/0000950109-02-001302-index.htm",
    "finalLink": "https://www.sec.gov/Archives/edgar/data/35527/000095010902001302/d10k.txt"
  },
  {
    "date": "2001-09-30",
    "symbol": "FITB",
    "reportedCurrency": "USD",
    "cik": "0000035527",
    "fillingDate": "2001-11-14",
    "acceptedDate": "2001-11-14 00:00:00",
    "calendarYear": "2001",
    "period": "Q3",
    "revenue": 1620857000,
    "costOfRevenue": 595057000,
    "grossProfit": 1025800000,
    "grossProfitRatio": 0.6328750778,
    "researchAndDevelopmentExpenses": 0,
    "generalAndAdministrativeExpenses": 249219000,
    "sellingAndMarketingExpenses": 0,
    "sellingGeneralAndAdministrativeExpenses": 249219000,
    "otherExpenses": 369952000,
    "operatingExpenses": 619171000,
    "costAndExpenses": 1214228000,
    "interestIncome": 1155503000,
    "interestExpense": 547548000,
    "depreciationAndAmortization": 66211000,
    "ebitda": 472840000,
    "ebitdaratio": 0.2917222186,
    "operatingIncome": 406629000,
    "operatingIncomeRatio": 0.2508728407,
    "totalOtherIncomeExpensesNet": 0,
    "incomeBeforeTax": 406629000,
    "incomeBeforeTaxRatio": 0.2508728407,
    "incomeTaxExpense": 127027000,
    "netIncome": 279602000,
    "netIncomeRatio": 0.1725025712,
    "eps": 0.48,
    "epsdiluted": 0.47,
    "weightedAverageShsOut": 577252000,
    "weightedAverageShsOutDil": 593762000,
    "link": "https://www.sec.gov/Archives/edgar/data/35527/000102140801510291/0001021408-01-510291-index.htm",
    "finalLink": "https://www.sec.gov/Archives/edgar/data/35527/000102140801510291/d10q.txt"
  },
  {
    "date": "2001-06-30",
    "symbol": "FITB",
    "reportedCurrency": "USD",
    "cik": "0000035527",
    "fillingDate": "2001-08-14",
    "acceptedDate": "2001-08-14 00:00:00",
    "calendarYear": "2001",
    "period": "Q2",
    "revenue": 1653238000,
    "costOfRevenue": 681754000,
    "grossProfit": 971484000,
    "grossProfitRatio": 0.5876250122,
    "researchAndDevelopmentExpenses": 0,
    "generalAndAdministrativeExpenses": 255158000,
    "sellingAndMarketingExpenses": 0,
    "sellingGeneralAndAdministrativeExpenses": 255158000,
    "otherExpenses": 477164000,
    "operatingExpenses": 732322000,
    "costAndExpenses": 1414076000,
    "interestIncome": 1228416000,
    "interestExpense": 620699000,
    "depreciationAndAmortization": 39388000,
    "ebitda": 278550000,
    "ebitdaratio": 0.1684875378,
    "operatingIncome": 239162000,
    "operatingIncomeRatio": 0.1446627769,
    "totalOtherIncomeExpensesNet": 0,
    "incomeBeforeTax": 239162000,
    "incomeBeforeTaxRatio": 0.1446627769,
    "incomeTaxExpense": 110274000,
    "netIncome": 128888000,
    "netIncomeRatio": 0.0779609469,
    "eps": 0.22,
    "epsdiluted": 0.22,
    "weightedAverageShsOut": 574545000,
    "weightedAverageShsOutDil": 590234000,
    "link": "https://www.sec.gov/Archives/edgar/data/35527/000102140801505393/0001021408-01-505393-index.htm",
    "finalLink": "https://www.sec.gov/Archives/edgar/data/35527/000102140801505393/d10q.txt"
  },
  {
    "date": "2001-03-31",
    "symbol": "FITB",
    "reportedCurrency": "USD",
    "cik": "0000035527",
    "fillingDate": "2001-05-15",
    "acceptedDate": "2001-05-15 00:00:00",
    "calendarYear": "2001",
    "period": "Q1",
    "revenue": 1672370000,
    "costOfRevenue": 736725000,
    "grossProfit": 935645000,
    "grossProfitRatio": 0.5594724852,
    "researchAndDevelopmentExpenses": 0,
    "generalAndAdministrativeExpenses": 241088000,
    "sellingAndMarketingExpenses": 0,
    "sellingGeneralAndAdministrativeExpenses": 241088000,
    "otherExpenses": 244291000,
    "operatingExpenses": 485379000,
    "costAndExpenses": 1222104000,
    "interestIncome": 1259190000,
    "interestExpense": 670786000,
    "depreciationAndAmortization": 57956000,
    "ebitda": 508222000,
    "ebitdaratio": 0.3038932772,
    "operatingIncome": 450266000,
    "operatingIncomeRatio": 0.2692382667,
    "totalOtherIncomeExpensesNet": 0,
    "incomeBeforeTax": 450266000,
    "incomeBeforeTaxRatio": 0.2692382667,
    "incomeTaxExpense": 143866000,
    "netIncome": 299619000,
    "netIncomeRatio": 0.1791583202,
    "eps": 0.52,
    "epsdiluted": 0.51,
    "weightedAverageShsOut": 571182000,
    "weightedAverageShsOutDil": 586852000,
    "link": "https://www.sec.gov/Archives/edgar/data/35527/000095015201502061/0000950152-01-502061-index.htm",
    "finalLink": "https://www.sec.gov/Archives/edgar/data/35527/000095015201502061/l88345ae10-q.txt"
  },
  {
    "date": "2000-12-31",
    "symbol": "FITB",
    "reportedCurrency": "USD",
    "cik": "0000035527",
    "fillingDate": "2001-03-28",
    "acceptedDate": "2001-03-28 00:00:00",
    "calendarYear": "2000",
    "period": "Q4",
    "revenue": 1106042000,
    "costOfRevenue": 487876000,
    "grossProfit": 618166000,
    "grossProfitRatio": 0.55889921,
    "researchAndDevelopmentExpenses": 0,
    "generalAndAdministrativeExpenses": 126903000,
    "sellingAndMarketingExpenses": 0,
    "sellingGeneralAndAdministrativeExpenses": 126903000,
    "otherExpenses": 145730000,
    "operatingExpenses": 272633000,
    "costAndExpenses": 760509000,
    "interestIncome": 835644000,
    "interestExpense": 464802000,
    "depreciationAndAmortization": 29681000,
    "ebitda": 375214000,
    "ebitdaratio": 0.339240282,
    "operatingIncome": 345533000,
    "operatingIncomeRatio": 0.3124049539,
    "totalOtherIncomeExpensesNet": 0,
    "incomeBeforeTax": 345533000,
    "incomeBeforeTaxRatio": 0.3124049539,
    "incomeTaxExpense": 109016000,
    "netIncome": 236517000,
    "netIncomeRatio": 0.2138408849,
    "eps": 0.51,
    "epsdiluted": 0.51,
    "weightedAverageShsOut": 465652000,
    "weightedAverageShsOutDil": 467532000,
    "link": "https://www.sec.gov/Archives/edgar/data/35527/000095015201001741/0000950152-01-001741-index.htm",
    "finalLink": "https://www.sec.gov/Archives/edgar/data/35527/000095015201001741/l86643ae10-k.txt"
  },
  {
    "date": "2000-09-30",
    "symbol": "FITB",
    "reportedCurrency": "USD",
    "cik": "0000035527",
    "fillingDate": "2000-11-14",
    "acceptedDate": "2000-11-14 00:00:00",
    "calendarYear": "2000",
    "period": "Q3",
    "revenue": 1648552000,
    "costOfRevenue": 735429000,
    "grossProfit": 913123000,
    "grossProfitRatio": 0.5538939627,
    "researchAndDevelopmentExpenses": 0,
    "generalAndAdministrativeExpenses": 229210000,
    "sellingAndMarketingExpenses": 0,
    "sellingGeneralAndAdministrativeExpenses": 229210000,
    "otherExpenses": 227547000,
    "operatingExpenses": 456757000,
    "costAndExpenses": 1192186000,
    "interestIncome": 1275600000,
    "interestExpense": 708595000,
    "depreciationAndAmortization": 73761000,
    "ebitda": 530127000,
    "ebitdaratio": 0.3215712941,
    "operatingIncome": 456366000,
    "operatingIncomeRatio": 0.2768283924,
    "totalOtherIncomeExpensesNet": 0,
    "incomeBeforeTax": 456366000,
    "incomeBeforeTaxRatio": 0.2768283924,
    "incomeTaxExpense": 146686000,
    "netIncome": 309680000,
    "netIncomeRatio": 0.1878497008,
    "eps": 0.55,
    "epsdiluted": 0.54,
    "weightedAverageShsOut": 565440000,
    "weightedAverageShsOutDil": 578444000,
    "link": "https://www.sec.gov/Archives/edgar/data/35527/000095015200008014/0000950152-00-008014-index.htm",
    "finalLink": "https://www.sec.gov/Archives/edgar/data/35527/000095015200008014/l84962ae10-q.txt"
  },
  {
    "date": "2000-06-30",
    "symbol": "FITB",
    "reportedCurrency": "USD",
    "cik": "0000035527",
    "fillingDate": "2000-08-14",
    "acceptedDate": "2000-08-14 00:00:00",
    "calendarYear": "2000",
    "period": "Q2",
    "revenue": 1065977000,
    "costOfRevenue": 479535000,
    "grossProfit": 586442000,
    "grossProfitRatio": 0.5501450782,
    "researchAndDevelopmentExpenses": 0,
    "generalAndAdministrativeExpenses": 132630000,
    "sellingAndMarketingExpenses": 0,
    "sellingGeneralAndAdministrativeExpenses": 132630000,
    "otherExpenses": 170621000,
    "operatingExpenses": 303251000,
    "costAndExpenses": 782786000,
    "interestIncome": 817916000,
    "interestExpense": 453196000,
    "depreciationAndAmortization": 30645000,
    "ebitda": 313836000,
    "ebitdaratio": 0.2944116055,
    "operatingIncome": 283191000,
    "operatingIncomeRatio": 0.2656633304,
    "totalOtherIncomeExpensesNet": 0,
    "incomeBeforeTax": 283191000,
    "incomeBeforeTaxRatio": 0.2656633304,
    "incomeTaxExpense": 91103000,
    "netIncome": 192088000,
    "netIncomeRatio": 0.1801990099,
    "eps": 0.27,
    "epsdiluted": 0.27,
    "weightedAverageShsOut": 697110000,
    "weightedAverageShsOutDil": 714468000,
    "link": "https://www.sec.gov/Archives/edgar/data/35527/000095015200006080/0000950152-00-006080-index.htm",
    "finalLink": "https://www.sec.gov/Archives/edgar/data/35527/000095015200006080/e10-q.txt"
  },
  {
    "date": "2000-03-31",
    "symbol": "FITB",
    "reportedCurrency": "USD",
    "cik": "0000035527",
    "fillingDate": "2000-05-15",
    "acceptedDate": "2000-05-15 00:00:00",
    "calendarYear": "2000",
    "period": "Q1",
    "revenue": 1007343000,
    "costOfRevenue": 425088000,
    "grossProfit": 582255000,
    "grossProfitRatio": 0.5780106677,
    "researchAndDevelopmentExpenses": 0,
    "generalAndAdministrativeExpenses": 135610000,
    "sellingAndMarketingExpenses": 0,
    "sellingGeneralAndAdministrativeExpenses": 135610000,
    "otherExpenses": 138290000,
    "operatingExpenses": 273900000,
    "costAndExpenses": 698988000,
    "interestIncome": 767180000,
    "interestExpense": 403736000,
    "depreciationAndAmortization": 27969000,
    "ebitda": 336324000,
    "ebitdaratio": 0.3338723751,
    "operatingIncome": 308355000,
    "operatingIncomeRatio": 0.3061072544,
    "totalOtherIncomeExpensesNet": 0,
    "incomeBeforeTax": 308355000,
    "incomeBeforeTaxRatio": 0.3061072544,
    "incomeTaxExpense": 101986000,
    "netIncome": 206369000,
    "netIncomeRatio": 0.2048646787,
    "eps": 0.3,
    "epsdiluted": 0.29,
    "weightedAverageShsOut": 695670000,
    "weightedAverageShsOutDil": 711935000,
    "link": "https://www.sec.gov/Archives/edgar/data/35527/000095015200004169/0000950152-00-004169-index.html",
    "finalLink": "https://www.sec.gov/Archives/edgar/data/35527/000095015200004169/0000950152-00-004169.txt"
  },
  {
    "date": "1999-12-31",
    "symbol": "FITB",
    "reportedCurrency": "USD",
    "cik": "0000035527",
    "fillingDate": "2000-03-30",
    "acceptedDate": "2000-03-30 00:00:00",
    "calendarYear": "1999",
    "period": "Q4",
    "revenue": 1472000000,
    "costOfRevenue": 645300000,
    "grossProfit": 826700000,
    "grossProfitRatio": 0.5616168478,
    "researchAndDevelopmentExpenses": 0,
    "generalAndAdministrativeExpenses": 213100000,
    "sellingAndMarketingExpenses": 0,
    "sellingGeneralAndAdministrativeExpenses": 213100000,
    "otherExpenses": 312600000,
    "operatingExpenses": 525700000,
    "costAndExpenses": 1171000000,
    "interestIncome": 1154300000,
    "interestExpense": 589200000,
    "depreciationAndAmortization": 42700000,
    "ebitda": 343700000,
    "ebitdaratio": 0.2334918478,
    "operatingIncome": 301000000,
    "operatingIncomeRatio": 0.2044836957,
    "totalOtherIncomeExpensesNet": 0,
    "incomeBeforeTax": 301000000,
    "incomeBeforeTaxRatio": 0.2044836957,
    "incomeTaxExpense": 110000000,
    "netIncome": 191000000,
    "netIncomeRatio": 0.1297554348,
    "eps": 0.28,
    "epsdiluted": 0.27,
    "weightedAverageShsOut": 689471500,
    "weightedAverageShsOutDil": 707624500,
    "link": "https://www.sec.gov/Archives/edgar/data/35527/000095015200002564/0000950152-00-002564-index.html",
    "finalLink": "https://www.sec.gov/Archives/edgar/data/35527/000095015200002564/0000950152-00-002564.txt"
  },
  {
    "date": "1999-09-30",
    "symbol": "FITB",
    "reportedCurrency": "USD",
    "cik": "0000035527",
    "fillingDate": "1999-11-12",
    "acceptedDate": "1999-11-12 00:00:00",
    "calendarYear": "1999",
    "period": "Q3",
    "revenue": 924881000,
    "costOfRevenue": 375183000,
    "grossProfit": 549698000,
    "grossProfitRatio": 0.5943445697,
    "researchAndDevelopmentExpenses": 0,
    "generalAndAdministrativeExpenses": 125683000,
    "sellingAndMarketingExpenses": 0,
    "sellingGeneralAndAdministrativeExpenses": 125683000,
    "otherExpenses": 130819000,
    "operatingExpenses": 256502000,
    "costAndExpenses": 631685000,
    "interestIncome": 702822000,
    "interestExpense": 345535000,
    "depreciationAndAmortization": 30849000,
    "ebitda": 324045000,
    "ebitdaratio": 0.3503639928,
    "operatingIncome": 293196000,
    "operatingIncomeRatio": 0.3170094315,
    "totalOtherIncomeExpensesNet": 0,
    "incomeBeforeTax": 293196000,
    "incomeBeforeTaxRatio": 0.3170094315,
    "incomeTaxExpense": 97748000,
    "netIncome": 195448000,
    "netIncomeRatio": 0.2113223215,
    "eps": 0.29,
    "epsdiluted": 0.27,
    "weightedAverageShsOut": 683273000,
    "weightedAverageShsOutDil": 703314000,
    "link": "https://www.sec.gov/Archives/edgar/data/35527/000095015299008990/0000950152-99-008990-index.html",
    "finalLink": "https://www.sec.gov/Archives/edgar/data/35527/000095015299008990/0000950152-99-008990.txt"
  },
  {
    "date": "1999-06-30",
    "symbol": "FITB",
    "reportedCurrency": "USD",
    "cik": "0000035527",
    "fillingDate": "1999-08-06",
    "acceptedDate": "1999-08-06 00:00:00",
    "calendarYear": "1999",
    "period": "Q2",
    "revenue": 889808000,
    "costOfRevenue": 351546000,
    "grossProfit": 538262000,
    "grossProfitRatio": 0.6049192635,
    "researchAndDevelopmentExpenses": 0,
    "generalAndAdministrativeExpenses": 133711000,
    "sellingAndMarketingExpenses": 0,
    "sellingGeneralAndAdministrativeExpenses": 133711000,
    "otherExpenses": 132531000,
    "operatingExpenses": 266242000,
    "costAndExpenses": 617788000,
    "interestIncome": 668596000,
    "interestExpense": 316275000,
    "depreciationAndAmortization": 21002000,
    "ebitda": 293022000,
    "ebitdaratio": 0.3293092442,
    "operatingIncome": 272020000,
    "operatingIncomeRatio": 0.3057063996,
    "totalOtherIncomeExpensesNet": 0,
    "incomeBeforeTax": 272020000,
    "incomeBeforeTaxRatio": 0.3057063996,
    "incomeTaxExpense": 91848000,
    "netIncome": 180172000,
    "netIncomeRatio": 0.2024841314,
    "eps": 0.27,
    "epsdiluted": 0.26,
    "weightedAverageShsOut": 684443000,
    "weightedAverageShsOutDil": 704130000,
    "link": "https://www.sec.gov/Archives/edgar/data/35527/000095015299006483/0000950152-99-006483-index.html",
    "finalLink": "https://www.sec.gov/Archives/edgar/data/35527/000095015299006483/0000950152-99-006483.txt"
  },
  {
    "date": "1999-03-31",
    "symbol": "FITB",
    "reportedCurrency": "USD",
    "cik": "0000035527",
    "fillingDate": "1999-05-14",
    "acceptedDate": "1999-05-14 00:00:00",
    "calendarYear": "1999",
    "period": "Q1",
    "revenue": 847400000,
    "costOfRevenue": 327102000,
    "grossProfit": 520298000,
    "grossProfitRatio": 0.6139933916,
    "researchAndDevelopmentExpenses": 0,
    "generalAndAdministrativeExpenses": 101183000,
    "sellingAndMarketingExpenses": 0,
    "sellingGeneralAndAdministrativeExpenses": 101183000,
    "otherExpenses": 153128000,
    "operatingExpenses": 254311000,
    "costAndExpenses": 581413000,
    "interestIncome": 640806000,
    "interestExpense": 301711000,
    "depreciationAndAmortization": 30720000,
    "ebitda": 296707000,
    "ebitdaratio": 0.3501380694,
    "operatingIncome": 265987000,
    "operatingIncomeRatio": 0.3138860042,
    "totalOtherIncomeExpensesNet": 0,
    "incomeBeforeTax": 265987000,
    "incomeBeforeTaxRatio": 0.3138860042,
    "incomeTaxExpense": 89645000,
    "netIncome": 176342000,
    "netIncomeRatio": 0.2080977106,
    "eps": 0.39,
    "epsdiluted": 0.38,
    "weightedAverageShsOut": 454727000,
    "weightedAverageShsOutDil": 468258000,
    "link": "https://www.sec.gov/Archives/edgar/data/35527/000095015299004500/0000950152-99-004500-index.html",
    "finalLink": "https://www.sec.gov/Archives/edgar/data/35527/0000950152-99-004500.txt"
  },
  {
    "date": "1998-12-31",
    "symbol": "FITB",
    "reportedCurrency": "USD",
    "cik": "0000035527",
    "fillingDate": "1999-02-16",
    "acceptedDate": "1999-02-16 00:00:00",
    "calendarYear": "1998",
    "period": "Q4",
    "revenue": 677000000,
    "costOfRevenue": 262900000,
    "grossProfit": 414100000,
    "grossProfitRatio": 0.6116691285,
    "researchAndDevelopmentExpenses": 0,
    "generalAndAdministrativeExpenses": 85400000,
    "sellingAndMarketingExpenses": 0,
    "sellingGeneralAndAdministrativeExpenses": 85400000,
    "otherExpenses": 102400000,
    "operatingExpenses": 187800000,
    "costAndExpenses": 450700000,
    "interestIncome": 496500000,
    "interestExpense": 236500000,
    "depreciationAndAmortization": 21600000,
    "ebitda": 247900000,
    "ebitdaratio": 0.3661742984,
    "operatingIncome": 226300000,
    "operatingIncomeRatio": 0.3342688331,
    "totalOtherIncomeExpensesNet": 0,
    "incomeBeforeTax": 226300000,
    "incomeBeforeTaxRatio": 0.3342688331,
    "incomeTaxExpense": 76300000,
    "netIncome": 150000000,
    "netIncomeRatio": 0.2215657312,
    "eps": 0.37,
    "epsdiluted": 0.37,
    "weightedAverageShsOut": 400278000,
    "weightedAverageShsOutDil": 400278000,
    "link": "https://www.sec.gov/Archives/edgar/data/35527/000095015299000999/0000950152-99-000999-index.htm",
    "finalLink": "https://www.sec.gov/Archives/edgar/data/35527/000095015299000999/"
  },
  {
    "date": "1998-09-30",
    "symbol": "FITB",
    "reportedCurrency": "USD",
    "cik": "0000035527",
    "fillingDate": "1998-11-13",
    "acceptedDate": "1998-11-13 00:00:00",
    "calendarYear": "1998",
    "period": "Q3",
    "revenue": 676500000,
    "costOfRevenue": 271700000,
    "grossProfit": 404800000,
    "grossProfitRatio": 0.5983739837,
    "researchAndDevelopmentExpenses": 0,
    "generalAndAdministrativeExpenses": 91100000,
    "sellingAndMarketingExpenses": 0,
    "sellingGeneralAndAdministrativeExpenses": 91100000,
    "otherExpenses": 91600000,
    "operatingExpenses": 182700000,
    "costAndExpenses": 454400000,
    "interestIncome": 509100000,
    "interestExpense": 256400000,
    "depreciationAndAmortization": 19900000,
    "ebitda": 242000000,
    "ebitdaratio": 0.3577235772,
    "operatingIncome": 222100000,
    "operatingIncomeRatio": 0.3283074649,
    "totalOtherIncomeExpensesNet": 0,
    "incomeBeforeTax": 222100000,
    "incomeBeforeTaxRatio": 0.3283074649,
    "incomeTaxExpense": 77300000,
    "netIncome": 144800000,
    "netIncomeRatio": 0.2140428677,
    "eps": 0.24,
    "epsdiluted": 0.23,
    "weightedAverageShsOut": 400086000,
    "weightedAverageShsOutDil": 400086000,
    "link": "https://www.sec.gov/Archives/edgar/data/35527/000095015298008950/0000950152-98-008950-index.html",
    "finalLink": "https://www.sec.gov/Archives/edgar/data/35527/0000950152-98-008950.txt"
  },
  {
    "date": "1998-06-30",
    "symbol": "FITB",
    "reportedCurrency": "USD",
    "cik": "0000035527",
    "fillingDate": "1998-08-14",
    "acceptedDate": "1998-08-14 00:00:00",
    "calendarYear": "1998",
    "period": "Q2",
    "revenue": 661700000,
    "costOfRevenue": 308600000,
    "grossProfit": 353100000,
    "grossProfitRatio": 0.53362551,
    "researchAndDevelopmentExpenses": 0,
    "generalAndAdministrativeExpenses": 79700000,
    "sellingAndMarketingExpenses": 0,
    "sellingGeneralAndAdministrativeExpenses": 79700000,
    "otherExpenses": 181300000,
    "operatingExpenses": 261000000,
    "costAndExpenses": 569600000,
    "interestIncome": 513400000,
    "interestExpense": 263800000,
    "depreciationAndAmortization": 18200000,
    "ebitda": 110300000,
    "ebitdaratio": 0.1666918543,
    "operatingIncome": 92100000,
    "operatingIncomeRatio": 0.1391869427,
    "totalOtherIncomeExpensesNet": 0,
    "incomeBeforeTax": 92100000,
    "incomeBeforeTaxRatio": 0.1391869427,
    "incomeTaxExpense": 34300000,
    "netIncome": 57800000,
    "netIncomeRatio": 0.0873507632,
    "eps": 0.1,
    "epsdiluted": 0.1,
    "weightedAverageShsOut": 401844000,
    "weightedAverageShsOutDil": 401844000,
    "link": "https://www.sec.gov/Archives/edgar/data/35527/000095015298006857/0000950152-98-006857-index.html",
    "finalLink": "https://www.sec.gov/Archives/edgar/data/35527/0000950152-98-006857.txt"
  },
  {
    "date": "1998-03-31",
    "symbol": "FITB",
    "reportedCurrency": "USD",
    "cik": "0000035527",
    "fillingDate": "1998-05-15",
    "acceptedDate": "1998-05-15 00:00:00",
    "calendarYear": "1998",
    "period": "Q1",
    "revenue": 646900000,
    "costOfRevenue": 286700000,
    "grossProfit": 360200000,
    "grossProfitRatio": 0.5568093987,
    "researchAndDevelopmentExpenses": 0,
    "generalAndAdministrativeExpenses": 84500000,
    "sellingAndMarketingExpenses": 0,
    "sellingGeneralAndAdministrativeExpenses": 84500000,
    "otherExpenses": 88900000,
    "operatingExpenses": 173400000,
    "costAndExpenses": 460100000,
    "interestIncome": 506800000,
    "interestExpense": 263900000,
    "depreciationAndAmortization": 22200000,
    "ebitda": 209000000,
    "ebitdaratio": 0.3230793013,
    "operatingIncome": 186800000,
    "operatingIncomeRatio": 0.288761787,
    "totalOtherIncomeExpensesNet": 0,
    "incomeBeforeTax": 186800000,
    "incomeBeforeTaxRatio": 0.288761787,
    "incomeTaxExpense": 62600000,
    "netIncome": 124200000,
    "netIncomeRatio": 0.19199258,
    "eps": 0.14,
    "epsdiluted": 0.14,
    "weightedAverageShsOut": 349871000,
    "weightedAverageShsOutDil": 349871000,
    "link": "https://www.sec.gov/Archives/edgar/data/35527/000095015298004638/0000950152-98-004638-index.html",
    "finalLink": "https://www.sec.gov/Archives/edgar/data/35527/0000950152-98-004638.txt"
  },
  {
    "date": "1997-12-31",
    "symbol": "FITB",
    "reportedCurrency": "USD",
    "cik": "0000035527",
    "fillingDate": "1998-03-12",
    "acceptedDate": "1998-03-12 00:00:00",
    "calendarYear": "1997",
    "period": "Q4",
    "revenue": 501500000,
    "costOfRevenue": 210700000,
    "grossProfit": 290800000,
    "grossProfitRatio": 0.5798604187,
    "researchAndDevelopmentExpenses": 0,
    "generalAndAdministrativeExpenses": 58700000,
    "sellingAndMarketingExpenses": 0,
    "sellingGeneralAndAdministrativeExpenses": 58700000,
    "otherExpenses": 70000000,
    "operatingExpenses": 128700000,
    "costAndExpenses": 339400000,
    "interestIncome": 378300000,
    "interestExpense": 185800000,
    "depreciationAndAmortization": 13400000,
    "ebitda": 175500000,
    "ebitdaratio": 0.3499501496,
    "operatingIncome": 162100000,
    "operatingIncomeRatio": 0.3232303091,
    "totalOtherIncomeExpensesNet": 0,
    "incomeBeforeTax": 162100000,
    "incomeBeforeTaxRatio": 0.3232303091,
    "incomeTaxExpense": 54900000,
    "netIncome": 107200000,
    "netIncomeRatio": 0.2137587238,
    "eps": 0.31,
    "epsdiluted": 0.31,
    "weightedAverageShsOut": 344667000,
    "weightedAverageShsOutDil": 344667000,
    "link": "https://www.sec.gov/Archives/edgar/data/35527/000095015298001940/0000950152-98-001940-index.html",
    "finalLink": "https://www.sec.gov/Archives/edgar/data/35527/0000950152-98-001940.txt"
  },
  {
    "date": "1997-09-30",
    "symbol": "FITB",
    "reportedCurrency": "USD",
    "cik": "0000035527",
    "fillingDate": "1997-11-14",
    "acceptedDate": "1997-11-14 00:00:00",
    "calendarYear": "1997",
    "period": "Q3",
    "revenue": 613500000,
    "costOfRevenue": 274900000,
    "grossProfit": 338600000,
    "grossProfitRatio": 0.5519152404,
    "researchAndDevelopmentExpenses": 0,
    "generalAndAdministrativeExpenses": 75700000,
    "sellingAndMarketingExpenses": 0,
    "sellingGeneralAndAdministrativeExpenses": 75700000,
    "otherExpenses": 84800000,
    "operatingExpenses": 160500000,
    "costAndExpenses": 435400000,
    "interestIncome": 484400000,
    "interestExpense": 256000000,
    "depreciationAndAmortization": 22000000,
    "ebitda": 200100000,
    "ebitdaratio": 0.3261613692,
    "operatingIncome": 178100000,
    "operatingIncomeRatio": 0.2903015485,
    "totalOtherIncomeExpensesNet": 0,
    "incomeBeforeTax": 178100000,
    "incomeBeforeTaxRatio": 0.2903015485,
    "incomeTaxExpense": 59500000,
    "netIncome": 118600000,
    "netIncomeRatio": 0.1933170334,
    "eps": 0.13,
    "epsdiluted": 0.13,
    "weightedAverageShsOut": 348495000,
    "weightedAverageShsOutDil": 348495000,
    "link": "https://www.sec.gov/Archives/edgar/data/35527/000003552797000009/0000035527-97-000009-index.html",
    "finalLink": "https://www.sec.gov/Archives/edgar/data/35527/0000035527-97-000009.txt"
  },
  {
    "date": "1997-06-30",
    "symbol": "FITB",
    "reportedCurrency": "USD",
    "cik": "0000035527",
    "fillingDate": "1997-08-14",
    "acceptedDate": "1997-08-14 00:00:00",
    "calendarYear": "1997",
    "period": "Q2",
    "revenue": 475000000,
    "costOfRevenue": 201700000,
    "grossProfit": 273300000,
    "grossProfitRatio": 0.5753684211,
    "researchAndDevelopmentExpenses": 0,
    "generalAndAdministrativeExpenses": 59000000,
    "sellingAndMarketingExpenses": 0,
    "sellingGeneralAndAdministrativeExpenses": 59000000,
    "otherExpenses": 68700000,
    "operatingExpenses": 127700000,
    "costAndExpenses": 329400000,
    "interestIncome": 366300000,
    "interestExpense": 181500000,
    "depreciationAndAmortization": 13600000,
    "ebitda": 159200000,
    "ebitdaratio": 0.3351578947,
    "operatingIncome": 145600000,
    "operatingIncomeRatio": 0.3065263158,
    "totalOtherIncomeExpensesNet": 0,
    "incomeBeforeTax": 145600000,
    "incomeBeforeTaxRatio": 0.3065263158,
    "incomeTaxExpense": 49500000,
    "netIncome": 96100000,
    "netIncomeRatio": 0.2023157895,
    "eps": 0.0859,
    "epsdiluted": 0.083,
    "weightedAverageShsOut": 346892000,
    "weightedAverageShsOutDil": 346892000,
    "link": "https://www.sec.gov/Archives/edgar/data/35527/000003552797000006/0000035527-97-000006-index.html",
    "finalLink": "https://www.sec.gov/Archives/edgar/data/35527/0000035527-97-000006.txt"
  },
  {
    "date": "1997-03-31",
    "symbol": "FITB",
    "reportedCurrency": "USD",
    "cik": "0000035527",
    "fillingDate": "1997-05-14",
    "acceptedDate": "1997-05-14 00:00:00",
    "calendarYear": "1997",
    "period": "Q1",
    "revenue": 461300000,
    "costOfRevenue": 198800000,
    "grossProfit": 262500000,
    "grossProfitRatio": 0.5690440061,
    "researchAndDevelopmentExpenses": 0,
    "generalAndAdministrativeExpenses": 57400000,
    "sellingAndMarketingExpenses": 0,
    "sellingGeneralAndAdministrativeExpenses": 57400000,
    "otherExpenses": 63600000,
    "operatingExpenses": 121000000,
    "costAndExpenses": 319800000,
    "interestIncome": 362700000,
    "interestExpense": 181400000,
    "depreciationAndAmortization": 15200000,
    "ebitda": 156700000,
    "ebitdaratio": 0.3396921743,
    "operatingIncome": 141500000,
    "operatingIncomeRatio": 0.3067418166,
    "totalOtherIncomeExpensesNet": 0,
    "incomeBeforeTax": 141500000,
    "incomeBeforeTaxRatio": 0.3067418166,
    "incomeTaxExpense": 47000000,
    "netIncome": 94500000,
    "netIncomeRatio": 0.2048558422,
    "eps": 0.083,
    "epsdiluted": 0.08,
    "weightedAverageShsOut": 347114000,
    "weightedAverageShsOutDil": 347114000,
    "link": "https://www.sec.gov/Archives/edgar/data/35527/000003552797000002/0000035527-97-000002-index.html",
    "finalLink": "https://www.sec.gov/Archives/edgar/data/35527/0000035527-97-000002.txt"
  },
  {
    "date": "1996-12-31",
    "symbol": "FITB",
    "reportedCurrency": "USD",
    "cik": "0000035527",
    "fillingDate": "1997-03-04",
    "acceptedDate": "1997-03-04 00:00:00",
    "calendarYear": "1996",
    "period": "Q4",
    "revenue": 456900000,
    "costOfRevenue": 200200000,
    "grossProfit": 256700000,
    "grossProfitRatio": 0.561829722,
    "researchAndDevelopmentExpenses": 0,
    "generalAndAdministrativeExpenses": 54800000,
    "sellingAndMarketingExpenses": 0,
    "sellingGeneralAndAdministrativeExpenses": 54800000,
    "otherExpenses": 63000000,
    "operatingExpenses": 117800000,
    "costAndExpenses": 318000000,
    "interestIncome": 359300000,
    "interestExpense": 180400000,
    "depreciationAndAmortization": 10900000,
    "ebitda": 149800000,
    "ebitdaratio": 0.3278616765,
    "operatingIncome": 138900000,
    "operatingIncomeRatio": 0.3040052528,
    "totalOtherIncomeExpensesNet": 0,
    "incomeBeforeTax": 138900000,
    "incomeBeforeTaxRatio": 0.3040052528,
    "incomeTaxExpense": 45200000,
    "netIncome": 93700000,
    "netIncomeRatio": 0.2050776975,
    "eps": 0.26,
    "epsdiluted": 0.26,
    "weightedAverageShsOut": 357389000,
    "weightedAverageShsOutDil": 359545000,
    "link": "https://www.sec.gov/Archives/edgar/data/35527/000095015297001600/0000950152-97-001600-index.html",
    "finalLink": "https://www.sec.gov/Archives/edgar/data/35527/"
  },
  {
    "date": "1996-09-30",
    "symbol": "FITB",
    "reportedCurrency": "USD",
    "cik": "0000035527",
    "fillingDate": "1996-11-14",
    "acceptedDate": "1996-11-14 00:00:00",
    "calendarYear": "1996",
    "period": "Q3",
    "revenue": 454400000,
    "costOfRevenue": 198300000,
    "grossProfit": 256100000,
    "grossProfitRatio": 0.5636003521,
    "researchAndDevelopmentExpenses": 0,
    "generalAndAdministrativeExpenses": 58900000,
    "sellingAndMarketingExpenses": 0,
    "sellingGeneralAndAdministrativeExpenses": 58900000,
    "otherExpenses": 78800000,
    "operatingExpenses": 137700000,
    "costAndExpenses": 336000000,
    "interestIncome": 359000000,
    "interestExpense": 181900000,
    "depreciationAndAmortization": 12400000,
    "ebitda": 130800000,
    "ebitdaratio": 0.2878521127,
    "operatingIncome": 118400000,
    "operatingIncomeRatio": 0.2605633803,
    "totalOtherIncomeExpensesNet": 0,
    "incomeBeforeTax": 118400000,
    "incomeBeforeTaxRatio": 0.2605633803,
    "incomeTaxExpense": 39300000,
    "netIncome": 79100000,
    "netIncomeRatio": 0.1740757042,
    "eps": 0.0652,
    "epsdiluted": 0.0652,
    "weightedAverageShsOut": 357320000,
    "weightedAverageShsOutDil": 357320000,
    "link": "https://www.sec.gov/Archives/edgar/data/35527/000003552796000016/0000035527-96-000016-index.html",
    "finalLink": "https://www.sec.gov/Archives/edgar/data/35527/0000035527-96-000016.txt"
  },
  {
    "date": "1996-06-30",
    "symbol": "FITB",
    "reportedCurrency": "USD",
    "cik": "0000035527",
    "fillingDate": "1996-08-13",
    "acceptedDate": "1996-08-13 00:00:00",
    "calendarYear": "1996",
    "period": "Q2",
    "revenue": 435400000,
    "costOfRevenue": 190100000,
    "grossProfit": 245300000,
    "grossProfitRatio": 0.5633899862,
    "researchAndDevelopmentExpenses": 0,
    "generalAndAdministrativeExpenses": 60000000,
    "sellingAndMarketingExpenses": 0,
    "sellingGeneralAndAdministrativeExpenses": 60000000,
    "otherExpenses": 60500000,
    "operatingExpenses": 120500000,
    "costAndExpenses": 310600000,
    "interestIncome": 343600000,
    "interestExpense": 172100000,
    "depreciationAndAmortization": 14100000,
    "ebitda": 138900000,
    "ebitdaratio": 0.3190169959,
    "operatingIncome": 124800000,
    "operatingIncomeRatio": 0.2866329812,
    "totalOtherIncomeExpensesNet": 0,
    "incomeBeforeTax": 124800000,
    "incomeBeforeTaxRatio": 0.2866329812,
    "incomeTaxExpense": 41600000,
    "netIncome": 83200000,
    "netIncomeRatio": 0.1910886541,
    "eps": 0.0681,
    "epsdiluted": 0.0681,
    "weightedAverageShsOut": 356950000,
    "weightedAverageShsOutDil": 356950000,
    "link": "https://www.sec.gov/Archives/edgar/data/35527/000003552796000014/0000035527-96-000014-index.html",
    "finalLink": "https://www.sec.gov/Archives/edgar/data/35527/0000035527-96-000014.txt"
  },
  {
    "date": "1996-03-31",
    "symbol": "FITB",
    "reportedCurrency": "USD",
    "cik": "0000035527",
    "fillingDate": "1996-05-10",
    "acceptedDate": "1996-05-10 00:00:00",
    "calendarYear": "1996",
    "period": "Q1",
    "revenue": 406800000,
    "costOfRevenue": 171300000,
    "grossProfit": 235500000,
    "grossProfitRatio": 0.5789085546,
    "researchAndDevelopmentExpenses": 0,
    "generalAndAdministrativeExpenses": 56800000,
    "sellingAndMarketingExpenses": 0,
    "sellingGeneralAndAdministrativeExpenses": 56800000,
    "otherExpenses": 60400000,
    "operatingExpenses": 117200000,
    "costAndExpenses": 288500000,
    "interestIncome": 323100000,
    "interestExpense": 161500000,
    "depreciationAndAmortization": 12300000,
    "ebitda": 130600000,
    "ebitdaratio": 0.3210422812,
    "operatingIncome": 118300000,
    "operatingIncomeRatio": 0.290806293,
    "totalOtherIncomeExpensesNet": 0,
    "incomeBeforeTax": 118300000,
    "incomeBeforeTaxRatio": 0.290806293,
    "incomeTaxExpense": 39200000,
    "netIncome": 79100000,
    "netIncomeRatio": 0.1944444444,
    "eps": 0.0681,
    "epsdiluted": 0.0681,
    "weightedAverageShsOut": 345240000,
    "weightedAverageShsOutDil": 345240000,
    "link": "https://www.sec.gov/Archives/edgar/data/35527/000003552796000009/0000035527-96-000009-index.html",
    "finalLink": "https://www.sec.gov/Archives/edgar/data/35527/0000035527-96-000009.txt"
  },
  {
    "date": "1995-12-31",
    "symbol": "FITB",
    "reportedCurrency": "USD",
    "cik": "0000035527",
    "fillingDate": "1996-02-28",
    "acceptedDate": "1996-02-28 00:00:00",
    "calendarYear": "1995",
    "period": "Q4",
    "revenue": 395900000,
    "costOfRevenue": 176700000,
    "grossProfit": 219200000,
    "grossProfitRatio": 0.5536751705,
    "researchAndDevelopmentExpenses": 0,
    "generalAndAdministrativeExpenses": 46400000,
    "sellingAndMarketingExpenses": 0,
    "sellingGeneralAndAdministrativeExpenses": 46400000,
    "otherExpenses": 57200000,
    "operatingExpenses": 103600000,
    "costAndExpenses": 280300000,
    "interestIncome": 313400000,
    "interestExpense": 162200000,
    "depreciationAndAmortization": 8200000,
    "ebitda": 123800000,
    "ebitdaratio": 0.3127052286,
    "operatingIncome": 115600000,
    "operatingIncomeRatio": 0.2919929275,
    "totalOtherIncomeExpensesNet": 0,
    "incomeBeforeTax": 115600000,
    "incomeBeforeTaxRatio": 0.2919929275,
    "incomeTaxExpense": 37700000,
    "netIncome": 77900000,
    "netIncomeRatio": 0.1967668603,
    "eps": 0.23,
    "epsdiluted": 0.23,
    "weightedAverageShsOut": 339097000,
    "weightedAverageShsOutDil": 341818000,
    "link": "https://www.sec.gov/Archives/edgar/data/35527/000003552796000004/0000035527-96-000004-index.htm",
    "finalLink": "https://www.sec.gov/Archives/edgar/data/35527/000003552796000004/"
  },
  {
    "date": "1995-09-30",
    "symbol": "FITB",
    "reportedCurrency": "USD",
    "cik": "0000035527",
    "fillingDate": "1995-11-14",
    "acceptedDate": "1995-11-14 00:00:00",
    "calendarYear": "1995",
    "period": "Q3",
    "revenue": 383000000,
    "costOfRevenue": 170600000,
    "grossProfit": 212400000,
    "grossProfitRatio": 0.5545691906,
    "researchAndDevelopmentExpenses": 0,
    "generalAndAdministrativeExpenses": 49600000,
    "sellingAndMarketingExpenses": 0,
    "sellingGeneralAndAdministrativeExpenses": 49600000,
    "otherExpenses": 49900000,
    "operatingExpenses": 99500000,
    "costAndExpenses": 270100000,
    "interestIncome": 302700000,
    "interestExpense": 159900000,
    "depreciationAndAmortization": 12200000,
    "ebitda": 125100000,
    "ebitdaratio": 0.3266318538,
    "operatingIncome": 112900000,
    "operatingIncomeRatio": 0.2947780679,
    "totalOtherIncomeExpensesNet": 0,
    "incomeBeforeTax": 112900000,
    "incomeBeforeTaxRatio": 0.2947780679,
    "incomeTaxExpense": 37700000,
    "netIncome": 75200000,
    "netIncomeRatio": 0.1963446475,
    "eps": 0.0435,
    "epsdiluted": 0.0435,
    "weightedAverageShsOut": 338725000,
    "weightedAverageShsOutDil": 338725000,
    "link": "https://www.sec.gov/Archives/edgar/data/35527/000003552795000016/0000035527-95-000016-index.html",
    "finalLink": "https://www.sec.gov/Archives/edgar/data/35527/0000035527-95-000016.txt"
  }
]