[
  {
    "date": "2024-12-31",
    "symbol": "FITB",
    "reportedCurrency": "USD",
    "cik": "0000035527",
    "fillingDate": "2025-02-24",
    "acceptedDate": "2025-02-24 17:25:04",
    "calendarYear": "2024",
    "period": "FY",
    "revenue": 13049000000,
    "costOfRevenue": 5326000000,
    "grossProfit": 7723000000,
    "grossProfitRatio": 0.5918461185,
    "researchAndDevelopmentExpenses": 0,
    "generalAndAdministrativeExpenses": 3048000000,
    "sellingAndMarketingExpenses": 115000000,
    "sellingGeneralAndAdministrativeExpenses": 3163000000,
    "otherExpenses": 1644000000,
    "operatingExpenses": 4807000000,
    "costAndExpenses": 10133000000,
    "interestIncome": 10426000000,
    "interestExpense": 4796000000,
    "depreciationAndAmortization": 495000000,
    "ebitda": 3411000000,
    "ebitdaratio": 0.2613993409,
    "operatingIncome": 2916000000,
    "operatingIncomeRatio": 0.2234653996,
    "totalOtherIncomeExpensesNet": 0,
    "incomeBeforeTax": 2916000000,
    "incomeBeforeTaxRatio": 0.2234653996,
    "incomeTaxExpense": 602000000,
    "netIncome": 2314000000,
    "netIncomeRatio": 0.1773315963,
    "eps": 3.16,
    "epsdiluted": 3.14,
    "weightedAverageShsOut": 682161000,
    "weightedAverageShsOutDil": 687301000,
    "link": "https://www.sec.gov/Archives/edgar/data/35527/000003552725000079/0000035527-25-000079-index.htm",
    "finalLink": "https://www.sec.gov/Archives/edgar/data/35527/000003552725000079/fitb-20241231.htm"
  },
  {
    "date": "2023-12-31",
    "symbol": "FITB",
    "reportedCurrency": "USD",
    "cik": "0000035527",
    "fillingDate": "2024-02-27",
    "acceptedDate": "2024-02-27 17:11:13",
    "calendarYear": "2023",
    "period": "FY",
    "revenue": 12355000000,
    "costOfRevenue": 4448000000,
    "grossProfit": 7907000000,
    "grossProfitRatio": 0.6399838122,
    "researchAndDevelopmentExpenses": 0,
    "generalAndAdministrativeExpenses": 2988000000,
    "sellingAndMarketingExpenses": 126000000,
    "sellingGeneralAndAdministrativeExpenses": 3114000000,
    "otherExpenses": 1805000000,
    "operatingExpenses": 4919000000,
    "costAndExpenses": 9367000000,
    "interestIncome": 9760000000,
    "interestExpense": 3933000000,
    "depreciationAndAmortization": 462000000,
    "ebitda": 3450000000,
    "ebitdaratio": 0.2792391744,
    "operatingIncome": 2988000000,
    "operatingIncomeRatio": 0.2418454067,
    "totalOtherIncomeExpensesNet": 0,
    "incomeBeforeTax": 2988000000,
    "incomeBeforeTaxRatio": 0.2418454067,
    "incomeTaxExpense": 639000000,
    "netIncome": 2349000000,
    "netIncomeRatio": 0.1901254553,
    "eps": 3.23,
    "epsdiluted": 3.22,
    "weightedAverageShsOut": 684172000,
    "weightedAverageShsOutDil": 687678000,
    "link": "https://www.sec.gov/Archives/edgar/data/35527/000003552724000088/0000035527-24-000088-index.htm",
    "finalLink": "https://www.sec.gov/Archives/edgar/data/35527/000003552724000088/fitb-20231231.htm"
  },
  {
    "date": "2022-12-31",
    "symbol": "FITB",
    "reportedCurrency": "USD",
    "cik": "0000035527",
    "fillingDate": "2023-02-24",
    "acceptedDate": "2023-02-24 16:59:53",
    "calendarYear": "2022",
    "period": "FY",
    "revenue": 9080000000,
    "costOfRevenue": 1541000000,
    "grossProfit": 7539000000,
    "grossProfitRatio": 0.8302863436,
    "researchAndDevelopmentExpenses": 0,
    "generalAndAdministrativeExpenses": 2853000000,
    "sellingAndMarketingExpenses": 118000000,
    "sellingGeneralAndAdministrativeExpenses": 2971000000,
    "otherExpenses": 1475000000,
    "operatingExpenses": 4446000000,
    "costAndExpenses": 5987000000,
    "interestIncome": 6587000000,
    "interestExpense": 978000000,
    "depreciationAndAmortization": 436000000,
    "ebitda": 3529000000,
    "ebitdaratio": 0.3886563877,
    "operatingIncome": 3093000000,
    "operatingIncomeRatio": 0.3406387665,
    "totalOtherIncomeExpensesNet": 0,
    "incomeBeforeTax": 3093000000,
    "incomeBeforeTaxRatio": 0.3406387665,
    "incomeTaxExpense": 647000000,
    "netIncome": 2446000000,
    "netIncomeRatio": 0.2693832599,
    "eps": 3.38,
    "epsdiluted": 3.35,
    "weightedAverageShsOut": 688634000,
    "weightedAverageShsOutDil": 694952000,
    "link": "https://www.sec.gov/Archives/edgar/data/35527/000003552723000122/0000035527-23-000122-index.htm",
    "finalLink": "https://www.sec.gov/Archives/edgar/data/35527/000003552723000122/fitb-20221231.htm"
  },
  {
    "date": "2021-12-31",
    "symbol": "FITB",
    "reportedCurrency": "USD",
    "cik": "0000035527",
    "fillingDate": "2022-02-25",
    "acceptedDate": "2022-02-25 16:20:14",
    "calendarYear": "2021",
    "period": "FY",
    "revenue": 7947000000,
    "costOfRevenue": 64000000,
    "grossProfit": 7883000000,
    "grossProfitRatio": 0.9919466465,
    "researchAndDevelopmentExpenses": 0,
    "generalAndAdministrativeExpenses": 2877000000,
    "sellingAndMarketingExpenses": 107000000,
    "sellingGeneralAndAdministrativeExpenses": 2984000000,
    "otherExpenses": 1382000000,
    "operatingExpenses": 4366000000,
    "costAndExpenses": 4430000000,
    "interestIncome": 5211000000,
    "interestExpense": 441000000,
    "depreciationAndAmortization": 349000000,
    "ebitda": 3866000000,
    "ebitdaratio": 0.4864728828,
    "operatingIncome": 3517000000,
    "operatingIncomeRatio": 0.4425569397,
    "totalOtherIncomeExpensesNet": 0,
    "incomeBeforeTax": 3517000000,
    "incomeBeforeTaxRatio": 0.4425569397,
    "incomeTaxExpense": 747000000,
    "netIncome": 2770000000,
    "netIncomeRatio": 0.3485592047,
    "eps": 3.78,
    "epsdiluted": 3.73,
    "weightedAverageShsOut": 702189000,
    "weightedAverageShsOutDil": 711198000,
    "link": "https://www.sec.gov/Archives/edgar/data/35527/000003552722000119/0000035527-22-000119-index.htm",
    "finalLink": "https://www.sec.gov/Archives/edgar/data/35527/000003552722000119/fitb-20211231.htm"
  },
  {
    "date": "2020-12-31",
    "symbol": "FITB",
    "reportedCurrency": "USD",
    "cik": "0000035527",
    "fillingDate": "2021-02-26",
    "acceptedDate": "2021-02-26 16:58:20",
    "calendarYear": "2020",
    "period": "FY",
    "revenue": 8033000000,
    "costOfRevenue": 1887000000,
    "grossProfit": 6146000000,
    "grossProfitRatio": 0.7650939873,
    "researchAndDevelopmentExpenses": 0,
    "generalAndAdministrativeExpenses": 2848000000,
    "sellingAndMarketingExpenses": 104000000,
    "sellingGeneralAndAdministrativeExpenses": 2952000000,
    "otherExpenses": 1397000000,
    "operatingExpenses": 4349000000,
    "costAndExpenses": 6236000000,
    "interestIncome": 5572000000,
    "interestExpense": 790000000,
    "depreciationAndAmortization": 492000000,
    "ebitda": 2289000000,
    "ebitdaratio": 0.284949583,
    "operatingIncome": 1797000000,
    "operatingIncomeRatio": 0.2237022283,
    "totalOtherIncomeExpensesNet": 0,
    "incomeBeforeTax": 1797000000,
    "incomeBeforeTaxRatio": 0.2237022283,
    "incomeTaxExpense": 370000000,
    "netIncome": 1427000000,
    "netIncomeRatio": 0.1776422258,
    "eps": 1.84,
    "epsdiluted": 1.83,
    "weightedAverageShsOut": 714730000,
    "weightedAverageShsOutDil": 719735000,
    "link": "https://www.sec.gov/Archives/edgar/data/35527/000003552721000100/0000035527-21-000100-index.htm",
    "finalLink": "https://www.sec.gov/Archives/edgar/data/35527/000003552721000100/fitb-20201231.htm"
  },
  {
    "date": "2019-12-31",
    "symbol": "FITB",
    "reportedCurrency": "USD",
    "cik": "0000035527",
    "fillingDate": "2020-03-02",
    "acceptedDate": "2020-03-02 06:17:47",
    "calendarYear": "2019",
    "period": "FY",
    "revenue": 8621000000,
    "costOfRevenue": 1928000000,
    "grossProfit": 6693000000,
    "grossProfitRatio": 0.776360051,
    "researchAndDevelopmentExpenses": 0,
    "generalAndAdministrativeExpenses": 2674000000,
    "sellingAndMarketingExpenses": 162000000,
    "sellingGeneralAndAdministrativeExpenses": 2836000000,
    "otherExpenses": 655000000,
    "operatingExpenses": 3491000000,
    "costAndExpenses": 5419000000,
    "interestIncome": 6254000000,
    "interestExpense": 1457000000,
    "depreciationAndAmortization": 472000000,
    "ebitda": 3674000000,
    "ebitdaratio": 0.4261686579,
    "operatingIncome": 3202000000,
    "operatingIncomeRatio": 0.3714186289,
    "totalOtherIncomeExpensesNet": 0,
    "incomeBeforeTax": 3202000000,
    "incomeBeforeTaxRatio": 0.3714186289,
    "incomeTaxExpense": 690000000,
    "netIncome": 2512000000,
    "netIncomeRatio": 0.2913815103,
    "eps": 3.38,
    "epsdiluted": 3.33,
    "weightedAverageShsOut": 710434000,
    "weightedAverageShsOutDil": 720065000,
    "link": "https://www.sec.gov/Archives/edgar/data/35527/000119312520057751/0001193125-20-057751-index.htm",
    "finalLink": "https://www.sec.gov/Archives/edgar/data/35527/000119312520057751/d840471d10k.htm"
  },
  {
    "date": "2018-12-31",
    "symbol": "FITB",
    "reportedCurrency": "USD",
    "cik": "0000035527",
    "fillingDate": "2019-03-01",
    "acceptedDate": "2019-03-01 09:04:05",
    "calendarYear": "2018",
    "period": "FY",
    "revenue": 7141000000,
    "costOfRevenue": 1250000000,
    "grossProfit": 5891000000,
    "grossProfitRatio": 0.8249544882,
    "researchAndDevelopmentExpenses": 0,
    "generalAndAdministrativeExpenses": 2355000000,
    "sellingAndMarketingExpenses": 147000000,
    "sellingGeneralAndAdministrativeExpenses": 2502000000,
    "otherExpenses": 624000000,
    "operatingExpenses": 3126000000,
    "costAndExpenses": 4376000000,
    "interestIncome": 5183000000,
    "interestExpense": 1043000000,
    "depreciationAndAmortization": 360000000,
    "ebitda": 3125000000,
    "ebitdaratio": 0.4376137796,
    "operatingIncome": 2765000000,
    "operatingIncomeRatio": 0.3872006722,
    "totalOtherIncomeExpensesNet": 0,
    "incomeBeforeTax": 2765000000,
    "incomeBeforeTaxRatio": 0.3872006722,
    "incomeTaxExpense": 572000000,
    "netIncome": 2193000000,
    "netIncomeRatio": 0.307099846,
    "eps": 3.11,
    "epsdiluted": 3.06,
    "weightedAverageShsOut": 673346000,
    "weightedAverageShsOutDil": 685488000,
    "link": "https://www.sec.gov/Archives/edgar/data/35527/000119312519059441/0001193125-19-059441-index.htm",
    "finalLink": "https://www.sec.gov/Archives/edgar/data/35527/000119312519059441/d680668d10k.htm"
  },
  {
    "date": "2017-12-31",
    "symbol": "FITB",
    "reportedCurrency": "USD",
    "cik": "0000035527",
    "fillingDate": "2018-02-28",
    "acceptedDate": "2018-02-28 08:59:15",
    "calendarYear": "2017",
    "period": "FY",
    "revenue": 6340000000,
    "costOfRevenue": 952000000,
    "grossProfit": 5388000000,
    "grossProfitRatio": 0.8498422713,
    "researchAndDevelopmentExpenses": 0,
    "generalAndAdministrativeExpenses": 2250000000,
    "sellingAndMarketingExpenses": 114000000,
    "sellingGeneralAndAdministrativeExpenses": 2364000000,
    "otherExpenses": 45000000,
    "operatingExpenses": 2409000000,
    "costAndExpenses": 3361000000,
    "interestIncome": 4489000000,
    "interestExpense": 691000000,
    "depreciationAndAmortization": 341000000,
    "ebitda": 3320000000,
    "ebitdaratio": 0.523659306,
    "operatingIncome": 2979000000,
    "operatingIncomeRatio": 0.469873817,
    "totalOtherIncomeExpensesNet": 0,
    "incomeBeforeTax": 2979000000,
    "incomeBeforeTaxRatio": 0.469873817,
    "incomeTaxExpense": 799000000,
    "netIncome": 2180000000,
    "netIncomeRatio": 0.3438485804,
    "eps": 2.88,
    "epsdiluted": 2.83,
    "weightedAverageShsOut": 728289000,
    "weightedAverageShsOutDil": 740691000,
    "link": "https://www.sec.gov/Archives/edgar/data/35527/000119312518062301/0001193125-18-062301-index.htm",
    "finalLink": "https://www.sec.gov/Archives/edgar/data/35527/000119312518062301/d511082d10k.htm"
  },
  {
    "date": "2016-12-31",
    "symbol": "FITB",
    "reportedCurrency": "USD",
    "cik": "0000035527",
    "fillingDate": "2017-02-24",
    "acceptedDate": "2017-02-24 16:13:01",
    "calendarYear": "2016",
    "period": "FY",
    "revenue": 6237000000,
    "costOfRevenue": 921000000,
    "grossProfit": 5316000000,
    "grossProfitRatio": 0.8523328523,
    "researchAndDevelopmentExpenses": 0,
    "generalAndAdministrativeExpenses": 2215000000,
    "sellingAndMarketingExpenses": 104000000,
    "sellingGeneralAndAdministrativeExpenses": 2319000000,
    "otherExpenses": 789000000,
    "operatingExpenses": 3108000000,
    "costAndExpenses": 4029000000,
    "interestIncome": 4193000000,
    "interestExpense": 578000000,
    "depreciationAndAmortization": 453000000,
    "ebitda": 2661000000,
    "ebitdaratio": 0.4266474266,
    "operatingIncome": 2208000000,
    "operatingIncomeRatio": 0.354016354,
    "totalOtherIncomeExpensesNet": 0,
    "incomeBeforeTax": 2208000000,
    "incomeBeforeTaxRatio": 0.354016354,
    "incomeTaxExpense": 665000000,
    "netIncome": 1547000000,
    "netIncomeRatio": 0.2480359147,
    "eps": 1.95,
    "epsdiluted": 1.93,
    "weightedAverageShsOut": 757367000,
    "weightedAverageShsOutDil": 764430000,
    "link": "https://www.sec.gov/Archives/edgar/data/35527/000119312517056318/0001193125-17-056318-index.htm",
    "finalLink": "https://www.sec.gov/Archives/edgar/data/35527/000119312517056318/d259518d10k.htm"
  },
  {
    "date": "2015-12-31",
    "symbol": "FITB",
    "reportedCurrency": "USD",
    "cik": "0000035527",
    "fillingDate": "2016-02-25",
    "acceptedDate": "2016-02-25 17:11:01",
    "calendarYear": "2015",
    "period": "FY",
    "revenue": 6387000000,
    "costOfRevenue": 891000000,
    "grossProfit": 5496000000,
    "grossProfitRatio": 0.8604978863,
    "researchAndDevelopmentExpenses": 0,
    "generalAndAdministrativeExpenses": 2071000000,
    "sellingAndMarketingExpenses": 110000000,
    "sellingGeneralAndAdministrativeExpenses": 2181000000,
    "otherExpenses": 950000000,
    "operatingExpenses": 3131000000,
    "costAndExpenses": 4022000000,
    "interestIncome": 4028000000,
    "interestExpense": 495000000,
    "depreciationAndAmortization": 441000000,
    "ebitda": 2806000000,
    "ebitdaratio": 0.4393298888,
    "operatingIncome": 2365000000,
    "operatingIncomeRatio": 0.3702833881,
    "totalOtherIncomeExpensesNet": 0,
    "incomeBeforeTax": 2365000000,
    "incomeBeforeTaxRatio": 0.3702833881,
    "incomeTaxExpense": 659000000,
    "netIncome": 1712000000,
    "netIncomeRatio": 0.2680444653,
    "eps": 2.03,
    "epsdiluted": 2.01,
    "weightedAverageShsOut": 798628000,
    "weightedAverageShsOutDil": 807659000,
    "link": "https://www.sec.gov/Archives/edgar/data/35527/000119312516478543/0001193125-16-478543-index.htm",
    "finalLink": "https://www.sec.gov/Archives/edgar/data/35527/000119312516478543/d48375d10k.htm"
  },
  {
    "date": "2014-12-31",
    "symbol": "FITB",
    "reportedCurrency": "USD",
    "cik": "0000035527",
    "fillingDate": "2015-02-25",
    "acceptedDate": "2015-02-25 17:22:13",
    "calendarYear": "2014",
    "period": "FY",
    "revenue": 6066000000,
    "costOfRevenue": 766000000,
    "grossProfit": 5300000000,
    "grossProfitRatio": 0.8737223871,
    "researchAndDevelopmentExpenses": 0,
    "generalAndAdministrativeExpenses": 1983000000,
    "sellingAndMarketingExpenses": 98000000,
    "sellingGeneralAndAdministrativeExpenses": 2081000000,
    "otherExpenses": 1191000000,
    "operatingExpenses": 3272000000,
    "costAndExpenses": 4038000000,
    "interestIncome": 4030000000,
    "interestExpense": 451000000,
    "depreciationAndAmortization": 414000000,
    "ebitda": 2442000000,
    "ebitdaratio": 0.4025717112,
    "operatingIncome": 2028000000,
    "operatingIncomeRatio": 0.334322453,
    "totalOtherIncomeExpensesNet": 0,
    "incomeBeforeTax": 2028000000,
    "incomeBeforeTaxRatio": 0.334322453,
    "incomeTaxExpense": 545000000,
    "netIncome": 1481000000,
    "netIncomeRatio": 0.2441477085,
    "eps": 1.68,
    "epsdiluted": 1.66,
    "weightedAverageShsOut": 833116000,
    "weightedAverageShsOutDil": 842967000,
    "link": "https://www.sec.gov/Archives/edgar/data/35527/000119312515062849/0001193125-15-062849-index.htm",
    "finalLink": "https://www.sec.gov/Archives/edgar/data/35527/000119312515062849/d879423d10k.htm"
  },
  {
    "date": "2013-12-31",
    "symbol": "FITB",
    "reportedCurrency": "USD",
    "cik": "0000035527",
    "fillingDate": "2014-02-24",
    "acceptedDate": "2014-02-24 07:03:14",
    "calendarYear": "2013",
    "period": "FY",
    "revenue": 6501000000,
    "costOfRevenue": 641000000,
    "grossProfit": 5860000000,
    "grossProfitRatio": 0.9013997846,
    "researchAndDevelopmentExpenses": 0,
    "generalAndAdministrativeExpenses": 2165000000,
    "sellingAndMarketingExpenses": 114000000,
    "sellingGeneralAndAdministrativeExpenses": 2279000000,
    "otherExpenses": 983000000,
    "operatingExpenses": 3262000000,
    "costAndExpenses": 3903000000,
    "interestIncome": 3973000000,
    "interestExpense": 412000000,
    "depreciationAndAmortization": 507000000,
    "ebitda": 3105000000,
    "ebitdaratio": 0.4776188279,
    "operatingIncome": 2598000000,
    "operatingIncomeRatio": 0.399630826,
    "totalOtherIncomeExpensesNet": 0,
    "incomeBeforeTax": 2598000000,
    "incomeBeforeTaxRatio": 0.399630826,
    "incomeTaxExpense": 772000000,
    "netIncome": 1836000000,
    "netIncomeRatio": 0.2824180895,
    "eps": 2.05,
    "epsdiluted": 2.02,
    "weightedAverageShsOut": 869463000,
    "weightedAverageShsOutDil": 894736000,
    "link": "https://www.sec.gov/Archives/edgar/data/35527/000119312514063748/0001193125-14-063748-index.htm",
    "finalLink": "https://www.sec.gov/Archives/edgar/data/35527/000119312514063748/d644645d10k.htm"
  },
  {
    "date": "2012-12-31",
    "symbol": "FITB",
    "reportedCurrency": "USD",
    "cik": "0000035527",
    "fillingDate": "2013-02-22",
    "acceptedDate": "2013-02-22 17:24:10",
    "calendarYear": "2012",
    "period": "FY",
    "revenue": 6469000000,
    "costOfRevenue": 815000000,
    "grossProfit": 5654000000,
    "grossProfitRatio": 0.8740145308,
    "researchAndDevelopmentExpenses": 0,
    "generalAndAdministrativeExpenses": 2181000000,
    "sellingAndMarketingExpenses": 128000000,
    "sellingGeneralAndAdministrativeExpenses": 2309000000,
    "otherExpenses": 1135000000,
    "operatingExpenses": 3444000000,
    "costAndExpenses": 4259000000,
    "interestIncome": 4107000000,
    "interestExpense": 512000000,
    "depreciationAndAmortization": 531000000,
    "ebitda": 2741000000,
    "ebitdaratio": 0.4237130932,
    "operatingIncome": 2210000000,
    "operatingIncomeRatio": 0.341629309,
    "totalOtherIncomeExpensesNet": 0,
    "incomeBeforeTax": 2210000000,
    "incomeBeforeTaxRatio": 0.341629309,
    "incomeTaxExpense": 636000000,
    "netIncome": 1576000000,
    "netIncomeRatio": 0.2436234348,
    "eps": 1.69,
    "epsdiluted": 1.66,
    "weightedAverageShsOut": 904425000,
    "weightedAverageShsOutDil": 945554000,
    "link": "https://www.sec.gov/Archives/edgar/data/35527/000119312513071733/0001193125-13-071733-index.htm",
    "finalLink": "https://www.sec.gov/Archives/edgar/data/35527/000119312513071733/d479526d10k.htm"
  },
  {
    "date": "2011-12-31",
    "symbol": "FITB",
    "reportedCurrency": "USD",
    "cik": "0000035527",
    "fillingDate": "2012-02-29",
    "acceptedDate": "2012-02-29 17:03:23",
    "calendarYear": "2011",
    "period": "FY",
    "revenue": 6301000000,
    "costOfRevenue": 1084000000,
    "grossProfit": 5217000000,
    "grossProfitRatio": 0.8279638153,
    "researchAndDevelopmentExpenses": 0,
    "generalAndAdministrativeExpenses": 2106000000,
    "sellingAndMarketingExpenses": 115000000,
    "sellingGeneralAndAdministrativeExpenses": 2221000000,
    "otherExpenses": 1165000000,
    "operatingExpenses": 3386000000,
    "costAndExpenses": 4470000000,
    "interestIncome": 4218000000,
    "interestExpense": 661000000,
    "depreciationAndAmortization": 455000000,
    "ebitda": 2286000000,
    "ebitdaratio": 0.3627995556,
    "operatingIncome": 1831000000,
    "operatingIncomeRatio": 0.2905887954,
    "totalOtherIncomeExpensesNet": 0,
    "incomeBeforeTax": 1831000000,
    "incomeBeforeTaxRatio": 0.2905887954,
    "incomeTaxExpense": 533000000,
    "netIncome": 1297000000,
    "netIncomeRatio": 0.2058403428,
    "eps": 1.2,
    "epsdiluted": 1.18,
    "weightedAverageShsOut": 906461000,
    "weightedAverageShsOutDil": 949534000,
    "link": "https://www.sec.gov/Archives/edgar/data/35527/000119312512089474/0001193125-12-089474-index.htm",
    "finalLink": "https://www.sec.gov/Archives/edgar/data/35527/000119312512089474/d305243d10k.htm"
  },
  {
    "date": "2010-12-31",
    "symbol": "FITB",
    "reportedCurrency": "USD",
    "cik": "0000035527",
    "fillingDate": "2011-02-28",
    "acceptedDate": "2011-02-28 15:52:37",
    "calendarYear": "2010",
    "period": "FY",
    "revenue": 6873000000,
    "costOfRevenue": 2423000000,
    "grossProfit": 4450000000,
    "grossProfitRatio": 0.6474610796,
    "researchAndDevelopmentExpenses": 0,
    "generalAndAdministrativeExpenses": 2100000000,
    "sellingAndMarketingExpenses": 98000000,
    "sellingGeneralAndAdministrativeExpenses": 2198000000,
    "otherExpenses": 1312000000,
    "operatingExpenses": 3510000000,
    "costAndExpenses": 5933000000,
    "interestIncome": 4489000000,
    "interestExpense": 885000000,
    "depreciationAndAmortization": 457000000,
    "ebitda": 1397000000,
    "ebitdaratio": 0.2032591299,
    "operatingIncome": 940000000,
    "operatingIncomeRatio": 0.1367670595,
    "totalOtherIncomeExpensesNet": 0,
    "incomeBeforeTax": 940000000,
    "incomeBeforeTaxRatio": 0.1367670595,
    "incomeTaxExpense": 187000000,
    "netIncome": 753000000,
    "netIncomeRatio": 0.1095591445,
    "eps": 0.64,
    "epsdiluted": 0.62,
    "weightedAverageShsOut": 790850000,
    "weightedAverageShsOutDil": 806611000,
    "link": "https://www.sec.gov/Archives/edgar/data/35527/000119312511049817/0001193125-11-049817-index.htm",
    "finalLink": "https://www.sec.gov/Archives/edgar/data/35527/000119312511049817/d10k.htm"
  },
  {
    "date": "2009-12-31",
    "symbol": "FITB",
    "reportedCurrency": "USD",
    "cik": "0000035527",
    "fillingDate": "2010-02-26",
    "acceptedDate": "2010-02-26 13:15:04",
    "calendarYear": "2009",
    "period": "FY",
    "revenue": 7006000000,
    "costOfRevenue": 4857000000,
    "grossProfit": 2149000000,
    "grossProfitRatio": 0.3067370825,
    "researchAndDevelopmentExpenses": 0,
    "generalAndAdministrativeExpenses": 2038000000,
    "sellingAndMarketingExpenses": 79000000,
    "sellingGeneralAndAdministrativeExpenses": 2117000000,
    "otherExpenses": -735000000,
    "operatingExpenses": 1382000000,
    "costAndExpenses": 6239000000,
    "interestIncome": 4668000000,
    "interestExpense": 1314000000,
    "depreciationAndAmortization": 341000000,
    "ebitda": 1108000000,
    "ebitdaratio": 0.158150157,
    "operatingIncome": 767000000,
    "operatingIncomeRatio": 0.1094775906,
    "totalOtherIncomeExpensesNet": 0,
    "incomeBeforeTax": 767000000,
    "incomeBeforeTaxRatio": 0.1094775906,
    "incomeTaxExpense": 30000000,
    "netIncome": 737000000,
    "netIncomeRatio": 0.1051955467,
    "eps": 0.73,
    "epsdiluted": 0.67,
    "weightedAverageShsOut": 696452000,
    "weightedAverageShsOutDil": 726508000,
    "link": "https://www.sec.gov/Archives/edgar/data/35527/000119312510042347/0001193125-10-042347-index.htm",
    "finalLink": "https://www.sec.gov/Archives/edgar/data/35527/000119312510042347/d10k.htm"
  },
  {
    "date": "2008-12-31",
    "symbol": "FITB",
    "reportedCurrency": "USD",
    "cik": "0000035527",
    "fillingDate": "2009-03-02",
    "acceptedDate": "2009-03-02 16:14:08",
    "calendarYear": "2008",
    "period": "FY",
    "revenue": 7743000000,
    "costOfRevenue": 6654000000,
    "grossProfit": 1089000000,
    "grossProfitRatio": 0.1406431616,
    "researchAndDevelopmentExpenses": 0,
    "generalAndAdministrativeExpenses": 1783000000,
    "sellingAndMarketingExpenses": 102000000,
    "sellingGeneralAndAdministrativeExpenses": 1885000000,
    "otherExpenses": 1868000000,
    "operatingExpenses": 3753000000,
    "costAndExpenses": 10407000000,
    "interestIncome": 5608000000,
    "interestExpense": 2094000000,
    "depreciationAndAmortization": 8000000,
    "ebitda": -2656000000,
    "ebitdaratio": -0.3430195015,
    "operatingIncome": -2664000000,
    "operatingIncomeRatio": -0.3440526928,
    "totalOtherIncomeExpensesNet": 0,
    "incomeBeforeTax": -2664000000,
    "incomeBeforeTaxRatio": -0.3440526928,
    "incomeTaxExpense": -551000000,
    "netIncome": -2113000000,
    "netIncomeRatio": -0.2728916441,
    "eps": -3.91,
    "epsdiluted": -3.91,
    "weightedAverageShsOut": 553000000,
    "weightedAverageShsOutDil": 553000000,
    "link": "https://www.sec.gov/Archives/edgar/data/35527/000119312509042550/0001193125-09-042550-index.htm",
    "finalLink": "https://www.sec.gov/Archives/edgar/data/35527/000119312509042550/d10k.htm"
  },
  {
    "date": "2007-12-31",
    "symbol": "FITB",
    "reportedCurrency": "USD",
    "cik": "0000035527",
    "fillingDate": "2008-02-22",
    "acceptedDate": "2008-02-22 17:23:08",
    "calendarYear": "2007",
    "period": "FY",
    "revenue": 8131000000,
    "costOfRevenue": 3646000000,
    "grossProfit": 4485000000,
    "grossProfitRatio": 0.55159267,
    "researchAndDevelopmentExpenses": 0,
    "generalAndAdministrativeExpenses": 1628000000,
    "sellingAndMarketingExpenses": 84000000,
    "sellingGeneralAndAdministrativeExpenses": 1712000000,
    "otherExpenses": 1236000000,
    "operatingExpenses": 2948000000,
    "costAndExpenses": 6594000000,
    "interestIncome": 6027000000,
    "interestExpense": 3018000000,
    "depreciationAndAmortization": 367000000,
    "ebitda": 1904000000,
    "ebitdaratio": 0.2341655393,
    "operatingIncome": 1537000000,
    "operatingIncomeRatio": 0.1890296397,
    "totalOtherIncomeExpensesNet": 0,
    "incomeBeforeTax": 1537000000,
    "incomeBeforeTaxRatio": 0.1890296397,
    "incomeTaxExpense": 461000000,
    "netIncome": 1076000000,
    "netIncomeRatio": 0.1323330464,
    "eps": 2,
    "epsdiluted": 1.99,
    "weightedAverageShsOut": 538000000,
    "weightedAverageShsOutDil": 540000000,
    "link": "https://www.sec.gov/Archives/edgar/data/35527/000119312508036443/0001193125-08-036443-index.htm",
    "finalLink": "https://www.sec.gov/Archives/edgar/data/35527/000119312508036443/d10k.htm"
  },
  {
    "date": "2006-12-31",
    "symbol": "FITB",
    "reportedCurrency": "USD",
    "cik": "0000035527",
    "fillingDate": "2007-02-20",
    "acceptedDate": "2007-02-20 16:11:27",
    "calendarYear": "2006",
    "period": "FY",
    "revenue": 7690000000,
    "costOfRevenue": 3425000000,
    "grossProfit": 4265000000,
    "grossProfitRatio": 0.5546163849,
    "researchAndDevelopmentExpenses": 0,
    "generalAndAdministrativeExpenses": 1574000000,
    "sellingAndMarketingExpenses": 78000000,
    "sellingGeneralAndAdministrativeExpenses": 1652000000,
    "otherExpenses": 986000000,
    "operatingExpenses": 2638000000,
    "costAndExpenses": 6063000000,
    "interestIncome": 5955000000,
    "interestExpense": 3082000000,
    "depreciationAndAmortization": 399000000,
    "ebitda": 2026000000,
    "ebitdaratio": 0.2634590377,
    "operatingIncome": 1627000000,
    "operatingIncomeRatio": 0.211573472,
    "totalOtherIncomeExpensesNet": 0,
    "incomeBeforeTax": 1627000000,
    "incomeBeforeTaxRatio": 0.211573472,
    "incomeTaxExpense": 443000000,
    "netIncome": 1184000000,
    "netIncomeRatio": 0.1539661899,
    "eps": 2.14,
    "epsdiluted": 2.13,
    "weightedAverageShsOut": 554673000,
    "weightedAverageShsOutDil": 557277000,
    "link": "https://www.sec.gov/Archives/edgar/data/35527/000119312507035126/0001193125-07-035126-index.htm",
    "finalLink": "https://www.sec.gov/Archives/edgar/data/35527/000119312507035126/d10k.htm"
  },
  {
    "date": "2005-12-31",
    "symbol": "FITB",
    "reportedCurrency": "USD",
    "cik": "0000035527",
    "fillingDate": "2006-02-16",
    "acceptedDate": "2006-02-16 16:51:57",
    "calendarYear": "2005",
    "period": "FY",
    "revenue": 7224000000,
    "costOfRevenue": 2360000000,
    "grossProfit": 4864000000,
    "grossProfitRatio": 0.6733111849,
    "researchAndDevelopmentExpenses": 0,
    "generalAndAdministrativeExpenses": 1416000000,
    "sellingAndMarketingExpenses": 0,
    "sellingGeneralAndAdministrativeExpenses": 1416000000,
    "otherExpenses": 1240000000,
    "operatingExpenses": 2656000000,
    "costAndExpenses": 5016000000,
    "interestIncome": 4995000000,
    "interestExpense": 2030000000,
    "depreciationAndAmortization": 405000000,
    "ebitda": 2613000000,
    "ebitdaratio": 0.3617109635,
    "operatingIncome": 2208000000,
    "operatingIncomeRatio": 0.3056478405,
    "totalOtherIncomeExpensesNet": 0,
    "incomeBeforeTax": 2208000000,
    "incomeBeforeTaxRatio": 0.3056478405,
    "incomeTaxExpense": 659000000,
    "netIncome": 1549000000,
    "netIncomeRatio": 0.2144241417,
    "eps": 2.79,
    "epsdiluted": 2.77,
    "weightedAverageShsOut": 554480000,
    "weightedAverageShsOutDil": 558484000,
    "link": "https://www.sec.gov/Archives/edgar/data/35527/000119312506033639/0001193125-06-033639-index.htm",
    "finalLink": "https://www.sec.gov/Archives/edgar/data/35527/000119312506033639/d10k.htm"
  },
  {
    "date": "2004-12-31",
    "symbol": "FITB",
    "reportedCurrency": "USD",
    "cik": "0000035527",
    "fillingDate": "2005-03-01",
    "acceptedDate": "2005-03-01 16:30:33",
    "calendarYear": "2004",
    "period": "FY",
    "revenue": 6273000000,
    "costOfRevenue": 1370000000,
    "grossProfit": 4903000000,
    "grossProfitRatio": 0.7816036984,
    "researchAndDevelopmentExpenses": 0,
    "generalAndAdministrativeExpenses": 1393000000,
    "sellingAndMarketingExpenses": 99000000,
    "sellingGeneralAndAdministrativeExpenses": 1492000000,
    "otherExpenses": 1174000000,
    "operatingExpenses": 2666000000,
    "costAndExpenses": 4036000000,
    "interestIncome": 4114000000,
    "interestExpense": 1102000000,
    "depreciationAndAmortization": 459000000,
    "ebitda": 2696000000,
    "ebitdaratio": 0.4297784154,
    "operatingIncome": 2237000000,
    "operatingIncomeRatio": 0.3566076837,
    "totalOtherIncomeExpensesNet": 0,
    "incomeBeforeTax": 2237000000,
    "incomeBeforeTaxRatio": 0.3566076837,
    "incomeTaxExpense": 712000000,
    "netIncome": 1525000000,
    "netIncomeRatio": 0.2431053722,
    "eps": 2.72,
    "epsdiluted": 2.68,
    "weightedAverageShsOut": 560294000,
    "weightedAverageShsOutDil": 568657000,
    "link": "https://www.sec.gov/Archives/edgar/data/35527/000119312505039845/0001193125-05-039845-index.htm",
    "finalLink": "https://www.sec.gov/Archives/edgar/data/35527/000119312505039845/d10k.htm"
  },
  {
    "date": "2003-12-31",
    "symbol": "FITB",
    "reportedCurrency": "USD",
    "cik": "0000035527",
    "fillingDate": "2004-02-26",
    "acceptedDate": "2004-02-26 11:31:44",
    "calendarYear": "2003",
    "period": "FY",
    "revenue": 6474000000,
    "costOfRevenue": 1485000000,
    "grossProfit": 4989000000,
    "grossProfitRatio": 0.7706209453,
    "researchAndDevelopmentExpenses": 0,
    "generalAndAdministrativeExpenses": 1162000000,
    "sellingAndMarketingExpenses": 0,
    "sellingGeneralAndAdministrativeExpenses": 1162000000,
    "otherExpenses": 1300000000,
    "operatingExpenses": 2462000000,
    "costAndExpenses": 3947000000,
    "interestIncome": 3991000000,
    "interestExpense": 1086000000,
    "depreciationAndAmortization": 550000000,
    "ebitda": 3077000000,
    "ebitdaratio": 0.4752857584,
    "operatingIncome": 2527000000,
    "operatingIncomeRatio": 0.390330553,
    "totalOtherIncomeExpensesNet": 0,
    "incomeBeforeTax": 2527000000,
    "incomeBeforeTaxRatio": 0.390330553,
    "incomeTaxExpense": 805000000,
    "netIncome": 1755000000,
    "netIncomeRatio": 0.2710843373,
    "eps": 3.07,
    "epsdiluted": 3.03,
    "weightedAverageShsOut": 571336000,
    "weightedAverageShsOutDil": 578878000,
    "link": "https://www.sec.gov/Archives/edgar/data/35527/000119312504029919/0001193125-04-029919-index.htm",
    "finalLink": "https://www.sec.gov/Archives/edgar/data/35527/000119312504029919/d10k.htm"
  },
  {
    "date": "2002-12-31",
    "symbol": "FITB",
    "reportedCurrency": "USD",
    "cik": "0000035527",
    "fillingDate": "2003-03-27",
    "acceptedDate": "2003-03-27 10:28:37",
    "calendarYear": "2002",
    "period": "FY",
    "revenue": 6323000000,
    "costOfRevenue": 1675000000,
    "grossProfit": 4648000000,
    "grossProfitRatio": 0.7350941009,
    "researchAndDevelopmentExpenses": 0,
    "generalAndAdministrativeExpenses": 1107000000,
    "sellingAndMarketingExpenses": 0,
    "sellingGeneralAndAdministrativeExpenses": 1107000000,
    "otherExpenses": 1147000000,
    "operatingExpenses": 2254000000,
    "costAndExpenses": 3929000000,
    "interestIncome": 4129000000,
    "interestExpense": 1429000000,
    "depreciationAndAmortization": 338000000,
    "ebitda": 2732000000,
    "ebitdaratio": 0.4320733829,
    "operatingIncome": 2394000000,
    "operatingIncomeRatio": 0.3786177447,
    "totalOtherIncomeExpensesNet": 0,
    "incomeBeforeTax": 2394000000,
    "incomeBeforeTaxRatio": 0.3786177447,
    "incomeTaxExpense": 759000000,
    "netIncome": 1635000000,
    "netIncomeRatio": 0.2585797881,
    "eps": 2.64,
    "epsdiluted": 2.59,
    "weightedAverageShsOut": 618939000,
    "weightedAverageShsOutDil": 630888000,
    "link": "https://www.sec.gov/Archives/edgar/data/35527/000102140803005124/0001021408-03-005124-index.htm",
    "finalLink": "https://www.sec.gov/Archives/edgar/data/35527/000102140803005124/d10k.htm"
  },
  {
    "date": "2001-12-31",
    "symbol": "FITB",
    "reportedCurrency": "USD",
    "cik": "0000035527",
    "fillingDate": "2002-03-12",
    "acceptedDate": "2002-03-12 00:00:00",
    "calendarYear": "2001",
    "period": "FY",
    "revenue": 6506000000,
    "costOfRevenue": 2512000000,
    "grossProfit": 3994000000,
    "grossProfitRatio": 0.6138948663,
    "researchAndDevelopmentExpenses": 0,
    "generalAndAdministrativeExpenses": 993000000,
    "sellingAndMarketingExpenses": 0,
    "sellingGeneralAndAdministrativeExpenses": 993000000,
    "otherExpenses": 1350000000,
    "operatingExpenses": 2343000000,
    "costAndExpenses": 4855000000,
    "interestIncome": 4709000000,
    "interestExpense": 2276000000,
    "depreciationAndAmortization": 236000000,
    "ebitda": 1887000000,
    "ebitdaratio": 0.2900399631,
    "operatingIncome": 1651000000,
    "operatingIncomeRatio": 0.2537657547,
    "totalOtherIncomeExpensesNet": 0,
    "incomeBeforeTax": 1651000000,
    "incomeBeforeTaxRatio": 0.2537657547,
    "incomeTaxExpense": 550000000,
    "netIncome": 1094000000,
    "netIncomeRatio": 0.1681524746,
    "eps": 1.74,
    "epsdiluted": 1.7,
    "weightedAverageShsOut": 628161000,
    "weightedAverageShsOutDil": 642941000,
    "link": "https://www.sec.gov/Archives/edgar/data/35527/000095010902001302/0000950109-02-001302-index.htm",
    "finalLink": "https://www.sec.gov/Archives/edgar/data/35527/000095010902001302/d10k.txt"
  },
  {
    "date": "2000-12-31",
    "symbol": "FITB",
    "reportedCurrency": "USD",
    "cik": "0000035527",
    "fillingDate": "2001-03-28",
    "acceptedDate": "2001-03-28 00:00:00",
    "calendarYear": "2000",
    "period": "FY",
    "revenue": 6429000000,
    "costOfRevenue": 2830000000,
    "grossProfit": 3599000000,
    "grossProfitRatio": 0.559807124,
    "researchAndDevelopmentExpenses": 0,
    "generalAndAdministrativeExpenses": 928000000,
    "sellingAndMarketingExpenses": 0,
    "sellingGeneralAndAdministrativeExpenses": 928000000,
    "otherExpenses": 991000000,
    "operatingExpenses": 1919000000,
    "costAndExpenses": 4749000000,
    "interestIncome": 4947000000,
    "interestExpense": 2692000000,
    "depreciationAndAmortization": 180000000,
    "ebitda": 1860000000,
    "ebitdaratio": 0.2893140457,
    "operatingIncome": 1680000000,
    "operatingIncomeRatio": 0.2613159123,
    "totalOtherIncomeExpensesNet": 0,
    "incomeBeforeTax": 1680000000,
    "incomeBeforeTaxRatio": 0.2613159123,
    "incomeTaxExpense": 539000000,
    "netIncome": 1141000000,
    "netIncomeRatio": 0.1774770571,
    "eps": 1.86,
    "epsdiluted": 1.83,
    "weightedAverageShsOut": 463978000,
    "weightedAverageShsOutDil": 471585000,
    "link": "https://www.sec.gov/Archives/edgar/data/35527/000095015201001741/0000950152-01-001741-index.htm",
    "finalLink": "https://www.sec.gov/Archives/edgar/data/35527/000095015201001741/l86643ae10-k.txt"
  },
  {
    "date": "1999-12-31",
    "symbol": "FITB",
    "reportedCurrency": "USD",
    "cik": "0000035527",
    "fillingDate": "2000-03-30",
    "acceptedDate": "2000-03-30 00:00:00",
    "calendarYear": "1999",
    "period": "FY",
    "revenue": 3615000000,
    "costOfRevenue": 1467000000,
    "grossProfit": 2148000000,
    "grossProfitRatio": 0.5941908714,
    "researchAndDevelopmentExpenses": 0,
    "generalAndAdministrativeExpenses": 505000000,
    "sellingAndMarketingExpenses": 0,
    "sellingGeneralAndAdministrativeExpenses": 505000000,
    "otherExpenses": 617000000,
    "operatingExpenses": 1122000000,
    "costAndExpenses": 2589000000,
    "interestIncome": 2738000000,
    "interestExpense": 1333000000,
    "depreciationAndAmortization": 104000000,
    "ebitda": 1130000000,
    "ebitdaratio": 0.3125864454,
    "operatingIncome": 1026000000,
    "operatingIncomeRatio": 0.2838174274,
    "totalOtherIncomeExpensesNet": 0,
    "incomeBeforeTax": 1026000000,
    "incomeBeforeTaxRatio": 0.2838174274,
    "incomeTaxExpense": 358000000,
    "netIncome": 668000000,
    "netIncomeRatio": 0.1847856155,
    "eps": 0.97,
    "epsdiluted": 0.95,
    "weightedAverageShsOut": 683273000,
    "weightedAverageShsOutDil": 703314000,
    "link": "https://www.sec.gov/Archives/edgar/data/35527/000095015200002564/0000950152-00-002564-index.html",
    "finalLink": "https://www.sec.gov/Archives/edgar/data/35527/000095015200002564/0000950152-00-002564.txt"
  },
  {
    "date": "1998-12-31",
    "symbol": "FITB",
    "reportedCurrency": "USD",
    "cik": "0000035527",
    "fillingDate": "1999-02-16",
    "acceptedDate": "1999-02-16 00:00:00",
    "calendarYear": "1998",
    "period": "FY",
    "revenue": 3339000000,
    "costOfRevenue": 1439000000,
    "grossProfit": 1900000000,
    "grossProfitRatio": 0.5690326445,
    "researchAndDevelopmentExpenses": 0,
    "generalAndAdministrativeExpenses": 454000000,
    "sellingAndMarketingExpenses": 0,
    "sellingGeneralAndAdministrativeExpenses": 454000000,
    "otherExpenses": 612000000,
    "operatingExpenses": 1066000000,
    "costAndExpenses": 2505000000,
    "interestIncome": 2585000000,
    "interestExpense": 1316000000,
    "depreciationAndAmortization": 118000000,
    "ebitda": 952000000,
    "ebitdaratio": 0.285115304,
    "operatingIncome": 834000000,
    "operatingIncomeRatio": 0.2497753819,
    "totalOtherIncomeExpensesNet": 0,
    "incomeBeforeTax": 834000000,
    "incomeBeforeTaxRatio": 0.2497753819,
    "incomeTaxExpense": 287000000,
    "netIncome": 547000000,
    "netIncomeRatio": 0.1638215034,
    "eps": 1.2,
    "epsdiluted": 1.19,
    "weightedAverageShsOut": 453315000,
    "weightedAverageShsOutDil": 460955000,
    "link": "https://www.sec.gov/Archives/edgar/data/35527/000095015299000999/0000950152-99-000999-index.htm",
    "finalLink": "https://www.sec.gov/Archives/edgar/data/35527/000095015299000999/"
  },
  {
    "date": "1997-12-31",
    "symbol": "FITB",
    "reportedCurrency": "USD",
    "cik": "0000035527",
    "fillingDate": "1998-03-12",
    "acceptedDate": "1998-03-12 00:00:00",
    "calendarYear": "1997",
    "period": "FY",
    "revenue": 2420900000,
    "costOfRevenue": 1096900000,
    "grossProfit": 1324000000,
    "grossProfitRatio": 0.546904044,
    "researchAndDevelopmentExpenses": 0,
    "generalAndAdministrativeExpenses": 292400000,
    "sellingAndMarketingExpenses": 0,
    "sellingGeneralAndAdministrativeExpenses": 292400000,
    "otherExpenses": 338100000,
    "operatingExpenses": 630500000,
    "costAndExpenses": 1727400000,
    "interestIncome": 1919100000,
    "interestExpense": 1006800000,
    "depreciationAndAmortization": 69400000,
    "ebitda": 762900000,
    "ebitdaratio": 0.3151307365,
    "operatingIncome": 693500000,
    "operatingIncomeRatio": 0.2864637118,
    "totalOtherIncomeExpensesNet": 0,
    "incomeBeforeTax": 693500000,
    "incomeBeforeTaxRatio": 0.2864637118,
    "incomeTaxExpense": 232600000,
    "netIncome": 460900000,
    "netIncomeRatio": 0.1903837416,
    "eps": 0.78,
    "epsdiluted": 0.77,
    "weightedAverageShsOut": 348533000,
    "weightedAverageShsOutDil": 349255000,
    "link": "https://www.sec.gov/Archives/edgar/data/35527/000095015298001940/0000950152-98-001940-index.html",
    "finalLink": "https://www.sec.gov/Archives/edgar/data/35527/0000950152-98-001940.txt"
  },
  {
    "date": "1996-12-31",
    "symbol": "FITB",
    "reportedCurrency": "USD",
    "cik": "0000035527",
    "fillingDate": "1997-03-04",
    "acceptedDate": "1997-03-04 00:00:00",
    "calendarYear": "1996",
    "period": "FY",
    "revenue": 2191300000,
    "costOfRevenue": 999800000,
    "grossProfit": 1191500000,
    "grossProfitRatio": 0.5437411582,
    "researchAndDevelopmentExpenses": 0,
    "generalAndAdministrativeExpenses": 280600000,
    "sellingAndMarketingExpenses": 0,
    "sellingGeneralAndAdministrativeExpenses": 280600000,
    "otherExpenses": 341000000,
    "operatingExpenses": 621600000,
    "costAndExpenses": 1621400000,
    "interestIncome": 1772400000,
    "interestExpense": 931400000,
    "depreciationAndAmortization": 62600000,
    "ebitda": 632500000,
    "ebitdaratio": 0.2886414457,
    "operatingIncome": 569900000,
    "operatingIncomeRatio": 0.2600739287,
    "totalOtherIncomeExpensesNet": 0,
    "incomeBeforeTax": 569900000,
    "incomeBeforeTaxRatio": 0.2600739287,
    "incomeTaxExpense": 187600000,
    "netIncome": 382300000,
    "netIncomeRatio": 0.1744626477,
    "eps": 0.64,
    "epsdiluted": 0.63,
    "weightedAverageShsOut": 357389000,
    "weightedAverageShsOutDil": 357389000,
    "link": "https://www.sec.gov/Archives/edgar/data/35527/000095015297001600/0000950152-97-001600-index.html",
    "finalLink": "https://www.sec.gov/Archives/edgar/data/35527/"
  },
  {
    "date": "1995-12-31",
    "symbol": "FITB",
    "reportedCurrency": "USD",
    "cik": "0000035527",
    "fillingDate": "1996-02-28",
    "acceptedDate": "1996-02-28 00:00:00",
    "calendarYear": "1995",
    "period": "FY",
    "revenue": 1478900000,
    "costOfRevenue": 652800000,
    "grossProfit": 826100000,
    "grossProfitRatio": 0.5585908445,
    "researchAndDevelopmentExpenses": 0,
    "generalAndAdministrativeExpenses": 190900000,
    "sellingAndMarketingExpenses": 0,
    "sellingGeneralAndAdministrativeExpenses": 190900000,
    "otherExpenses": 204600000,
    "operatingExpenses": 395500000,
    "costAndExpenses": 1048300000,
    "interestIncome": 1173200000,
    "interestExpense": 609800000,
    "depreciationAndAmortization": 27600000,
    "ebitda": 458200000,
    "ebitdaratio": 0.3098248698,
    "operatingIncome": 430600000,
    "operatingIncomeRatio": 0.2911623504,
    "totalOtherIncomeExpensesNet": 0,
    "incomeBeforeTax": 430600000,
    "incomeBeforeTaxRatio": 0.2911623504,
    "incomeTaxExpense": 142900000,
    "netIncome": 287700000,
    "netIncomeRatio": 0.1945364798,
    "eps": 0.57,
    "epsdiluted": 0.84,
    "weightedAverageShsOut": 342168500,
    "weightedAverageShsOutDil": 343529000,
    "link": "https://www.sec.gov/Archives/edgar/data/35527/000003552796000004/0000035527-96-000004-index.htm",
    "finalLink": "https://www.sec.gov/Archives/edgar/data/35527/000003552796000004/"
  },
  {
    "date": "1994-12-31",
    "symbol": "FITB",
    "reportedCurrency": "USD",
    "cik": "0000035527",
    "fillingDate": "1995-03-03",
    "acceptedDate": "1995-03-03 00:00:00",
    "calendarYear": "1994",
    "period": "FY",
    "revenue": 1178200000,
    "costOfRevenue": 441300000,
    "grossProfit": 736900000,
    "grossProfitRatio": 0.625445595,
    "researchAndDevelopmentExpenses": 0,
    "generalAndAdministrativeExpenses": 181200000,
    "sellingAndMarketingExpenses": 0,
    "sellingGeneralAndAdministrativeExpenses": 181200000,
    "otherExpenses": 190300000,
    "operatingExpenses": 371500000,
    "costAndExpenses": 812800000,
    "interestIncome": 922300000,
    "interestExpense": 405500000,
    "depreciationAndAmortization": 30000000,
    "ebitda": 395400000,
    "ebitdaratio": 0.3355966729,
    "operatingIncome": 365400000,
    "operatingIncomeRatio": 0.3101341029,
    "totalOtherIncomeExpensesNet": 0,
    "incomeBeforeTax": 365400000,
    "incomeBeforeTaxRatio": 0.3101341029,
    "incomeTaxExpense": 120900000,
    "netIncome": 244500000,
    "netIncomeRatio": 0.2075199457,
    "eps": 0.75,
    "epsdiluted": 0.75,
    "weightedAverageShsOut": 325959000,
    "weightedAverageShsOutDil": 325959000,
    "link": "https://www.sec.gov/Archives/edgar/data/35527/000003552795000005/0000035527-95-000005-index.html",
    "finalLink": "https://www.sec.gov/Archives/edgar/data/35527/"
  },
  {
    "date": "1993-12-31",
    "symbol": "FITB",
    "reportedCurrency": "USD",
    "cik": "0000035527",
    "fillingDate": "1994-02-17",
    "acceptedDate": "1994-02-17 00:00:00",
    "calendarYear": "1993",
    "period": "FY",
    "revenue": 954000000,
    "costOfRevenue": 335500000,
    "grossProfit": 618500000,
    "grossProfitRatio": 0.6483228512,
    "researchAndDevelopmentExpenses": 0,
    "generalAndAdministrativeExpenses": 152600000,
    "sellingAndMarketingExpenses": 0,
    "sellingGeneralAndAdministrativeExpenses": 152600000,
    "otherExpenses": 170900000,
    "operatingExpenses": 323500000,
    "costAndExpenses": 659000000,
    "interestIncome": 727400000,
    "interestExpense": 291000000,
    "depreciationAndAmortization": 30400000,
    "ebitda": 325400000,
    "ebitdaratio": 0.3410901468,
    "operatingIncome": 295000000,
    "operatingIncomeRatio": 0.3092243187,
    "totalOtherIncomeExpensesNet": 0,
    "incomeBeforeTax": 295000000,
    "incomeBeforeTaxRatio": 0.3092243187,
    "incomeTaxExpense": 98600000,
    "netIncome": 196400000,
    "netIncomeRatio": 0.205870021,
    "eps": 0.13,
    "epsdiluted": 0.12,
    "weightedAverageShsOut": 310226000,
    "weightedAverageShsOutDil": 310226000,
    "link": "https://www.sec.gov/Archives/edgar/data/35527/000003552794000008/0000035527-94-000008-index.html",
    "finalLink": "https://www.sec.gov/Archives/edgar/data/35527/0000035527-94-000008.txt"
  },
  {
    "date": "1992-12-31",
    "symbol": "FITB",
    "reportedCurrency": "USD",
    "cik": "0000035527",
    "fillingDate": "1992-12-31",
    "acceptedDate": "1992-12-31 00:00:00",
    "calendarYear": "1992",
    "period": "FY",
    "revenue": 894600000,
    "costOfRevenue": 365600000,
    "grossProfit": 529000000,
    "grossProfitRatio": 0.5913257322,
    "researchAndDevelopmentExpenses": 0,
    "generalAndAdministrativeExpenses": 137500000,
    "sellingAndMarketingExpenses": 0,
    "sellingGeneralAndAdministrativeExpenses": 137500000,
    "otherExpenses": 151800000,
    "operatingExpenses": 289300000,
    "costAndExpenses": 654900000,
    "interestIncome": 694500000,
    "interestExpense": 300300000,
    "depreciationAndAmortization": 33100000,
    "ebitda": 272800000,
    "ebitdaratio": 0.3049407556,
    "operatingIncome": 239700000,
    "operatingIncomeRatio": 0.2679409792,
    "totalOtherIncomeExpensesNet": 0,
    "incomeBeforeTax": 239700000,
    "incomeBeforeTaxRatio": 0.2679409792,
    "incomeTaxExpense": 75600000,
    "netIncome": 164100000,
    "netIncomeRatio": 0.183433937,
    "eps": 0.11,
    "epsdiluted": 0.11,
    "weightedAverageShsOut": 302294000,
    "weightedAverageShsOutDil": 302294000,
    "link": null,
    "finalLink": null
  },
  {
    "date": "1991-12-31",
    "symbol": "FITB",
    "reportedCurrency": "USD",
    "cik": "0000035527",
    "fillingDate": "1991-12-31",
    "acceptedDate": "1991-12-31 00:00:00",
    "calendarYear": "1991",
    "period": "FY",
    "revenue": 885400000,
    "costOfRevenue": 437000000,
    "grossProfit": 448400000,
    "grossProfitRatio": 0.5064377682,
    "researchAndDevelopmentExpenses": 0,
    "generalAndAdministrativeExpenses": 121400000,
    "sellingAndMarketingExpenses": 0,
    "sellingGeneralAndAdministrativeExpenses": 121400000,
    "otherExpenses": 128400000,
    "operatingExpenses": 249800000,
    "costAndExpenses": 686800000,
    "interestIncome": 713500000,
    "interestExpense": 381300000,
    "depreciationAndAmortization": 15100000,
    "ebitda": 213700000,
    "ebitdaratio": 0.2413598374,
    "operatingIncome": 198600000,
    "operatingIncomeRatio": 0.2243053987,
    "totalOtherIncomeExpensesNet": 0,
    "incomeBeforeTax": 198600000,
    "incomeBeforeTaxRatio": 0.2243053987,
    "incomeTaxExpense": 60400000,
    "netIncome": 138200000,
    "netIncomeRatio": 0.156087644,
    "eps": 0.0606,
    "epsdiluted": 0.0606,
    "weightedAverageShsOut": 299841000,
    "weightedAverageShsOutDil": 299841000,
    "link": null,
    "finalLink": null
  },
  {
    "date": "1990-12-31",
    "symbol": "FITB",
    "reportedCurrency": "USD",
    "cik": "0000035527",
    "fillingDate": "1990-12-31",
    "acceptedDate": "1990-12-31 00:00:00",
    "calendarYear": "1990",
    "period": "FY",
    "revenue": 834400000,
    "costOfRevenue": 442900000,
    "grossProfit": 391500000,
    "grossProfitRatio": 0.4691994247,
    "researchAndDevelopmentExpenses": 0,
    "generalAndAdministrativeExpenses": 112700000,
    "sellingAndMarketingExpenses": 0,
    "sellingGeneralAndAdministrativeExpenses": 112700000,
    "otherExpenses": 110500000,
    "operatingExpenses": 223200000,
    "costAndExpenses": 666100000,
    "interestIncome": 696600000,
    "interestExpense": 403000000,
    "depreciationAndAmortization": 9900000,
    "ebitda": 178200000,
    "ebitdaratio": 0.2135666347,
    "operatingIncome": 168300000,
    "operatingIncomeRatio": 0.2017018217,
    "totalOtherIncomeExpensesNet": 0,
    "incomeBeforeTax": 168300000,
    "incomeBeforeTaxRatio": 0.2017018217,
    "incomeTaxExpense": 47900000,
    "netIncome": 120400000,
    "netIncomeRatio": 0.144295302,
    "eps": 0.054,
    "epsdiluted": 0.054,
    "weightedAverageShsOut": 298349000,
    "weightedAverageShsOutDil": 298349000,
    "link": null,
    "finalLink": null
  },
  {
    "date": "1989-12-31",
    "symbol": "FITB",
    "reportedCurrency": "USD",
    "cik": "0000035527",
    "fillingDate": "1989-12-31",
    "acceptedDate": "1989-12-31 00:00:00",
    "calendarYear": "1989",
    "period": "FY",
    "revenue": 768300000,
    "costOfRevenue": 411200000,
    "grossProfit": 357100000,
    "grossProfitRatio": 0.4647923988,
    "researchAndDevelopmentExpenses": 0,
    "generalAndAdministrativeExpenses": 104900000,
    "sellingAndMarketingExpenses": 0,
    "sellingGeneralAndAdministrativeExpenses": 104900000,
    "otherExpenses": 102700000,
    "operatingExpenses": 207600000,
    "costAndExpenses": 618800000,
    "interestIncome": 649800000,
    "interestExpense": 374700000,
    "depreciationAndAmortization": 11100000,
    "ebitda": 160600000,
    "ebitdaratio": 0.2090329298,
    "operatingIncome": 149500000,
    "operatingIncomeRatio": 0.1945854484,
    "totalOtherIncomeExpensesNet": 0,
    "incomeBeforeTax": 149500000,
    "incomeBeforeTaxRatio": 0.1945854484,
    "incomeTaxExpense": 41200000,
    "netIncome": 108300000,
    "netIncomeRatio": 0.1409605623,
    "eps": 0.0325,
    "epsdiluted": 0.0325,
    "weightedAverageShsOut": 296492000,
    "weightedAverageShsOutDil": 296492000,
    "link": null,
    "finalLink": null
  },
  {
    "date": "1988-12-31",
    "symbol": "FITB",
    "reportedCurrency": "USD",
    "cik": "0000035527",
    "fillingDate": "1988-12-31",
    "acceptedDate": "1988-12-31 00:00:00",
    "calendarYear": "1988",
    "period": "FY",
    "revenue": 0,
    "costOfRevenue": 0,
    "grossProfit": 0,
    "grossProfitRatio": 0,
    "researchAndDevelopmentExpenses": 0,
    "generalAndAdministrativeExpenses": 0,
    "sellingAndMarketingExpenses": 0,
    "sellingGeneralAndAdministrativeExpenses": 0,
    "otherExpenses": 84200000,
    "operatingExpenses": 84200000,
    "costAndExpenses": 84200000,
    "interestIncome": 0,
    "interestExpense": 84200000,
    "depreciationAndAmortization": 0,
    "ebitda": 84200000,
    "ebitdaratio": 0,
    "operatingIncome": 84200000,
    "operatingIncomeRatio": 0,
    "totalOtherIncomeExpensesNet": 0,
    "incomeBeforeTax": 0,
    "incomeBeforeTaxRatio": 0,
    "incomeTaxExpense": -84200000,
    "netIncome": 84200000,
    "netIncomeRatio": 0,
    "eps": 0.34,
    "epsdiluted": 0.34,
    "weightedAverageShsOut": 247522000,
    "weightedAverageShsOutDil": 247522000,
    "link": null,
    "finalLink": null
  },
  {
    "date": "1987-12-31",
    "symbol": "FITB",
    "reportedCurrency": "USD",
    "cik": "0000035527",
    "fillingDate": "1987-12-31",
    "acceptedDate": "1987-12-31 00:00:00",
    "calendarYear": "1987",
    "period": "FY",
    "revenue": 0,
    "costOfRevenue": 0,
    "grossProfit": 0,
    "grossProfitRatio": 0,
    "researchAndDevelopmentExpenses": 0,
    "generalAndAdministrativeExpenses": 0,
    "sellingAndMarketingExpenses": 0,
    "sellingGeneralAndAdministrativeExpenses": 0,
    "otherExpenses": 60100000,
    "operatingExpenses": 60100000,
    "costAndExpenses": 60100000,
    "interestIncome": 0,
    "interestExpense": 60100000,
    "depreciationAndAmortization": 0,
    "ebitda": 60100000,
    "ebitdaratio": 0,
    "operatingIncome": 60100000,
    "operatingIncomeRatio": 0,
    "totalOtherIncomeExpensesNet": 0,
    "incomeBeforeTax": 0,
    "incomeBeforeTaxRatio": 0,
    "incomeTaxExpense": -60100000,
    "netIncome": 60100000,
    "netIncomeRatio": 0,
    "eps": 0.27,
    "epsdiluted": 0.27,
    "weightedAverageShsOut": 224145000,
    "weightedAverageShsOutDil": 224145000,
    "link": null,
    "finalLink": null
  },
  {
    "date": "1986-12-31",
    "symbol": "FITB",
    "reportedCurrency": "USD",
    "cik": "0000035527",
    "fillingDate": "1986-12-31",
    "acceptedDate": "1986-12-31 00:00:00",
    "calendarYear": "1986",
    "period": "FY",
    "revenue": 0,
    "costOfRevenue": 0,
    "grossProfit": 0,
    "grossProfitRatio": 0,
    "researchAndDevelopmentExpenses": 0,
    "generalAndAdministrativeExpenses": 0,
    "sellingAndMarketingExpenses": 0,
    "sellingGeneralAndAdministrativeExpenses": 0,
    "otherExpenses": 55100000,
    "operatingExpenses": 55100000,
    "costAndExpenses": 55100000,
    "interestIncome": 0,
    "interestExpense": 55100000,
    "depreciationAndAmortization": 0,
    "ebitda": 55100000,
    "ebitdaratio": 0,
    "operatingIncome": 55100000,
    "operatingIncomeRatio": 0,
    "totalOtherIncomeExpensesNet": 0,
    "incomeBeforeTax": 0,
    "incomeBeforeTaxRatio": 0,
    "incomeTaxExpense": -55100000,
    "netIncome": 55100000,
    "netIncomeRatio": 0,
    "eps": 0.25,
    "epsdiluted": 0.25,
    "weightedAverageShsOut": 218835000,
    "weightedAverageShsOutDil": 218835000,
    "link": null,
    "finalLink": null
  },
  {
    "date": "1985-12-31",
    "symbol": "FITB",
    "reportedCurrency": "USD",
    "cik": "0000035527",
    "fillingDate": "1985-12-31",
    "acceptedDate": "1985-12-31 00:00:00",
    "calendarYear": "1985",
    "period": "FY",
    "revenue": 0,
    "costOfRevenue": 0,
    "grossProfit": 0,
    "grossProfitRatio": 0,
    "researchAndDevelopmentExpenses": 0,
    "generalAndAdministrativeExpenses": 0,
    "sellingAndMarketingExpenses": 0,
    "sellingGeneralAndAdministrativeExpenses": 0,
    "otherExpenses": 44200000,
    "operatingExpenses": 44200000,
    "costAndExpenses": 44200000,
    "interestIncome": 0,
    "interestExpense": 44200000,
    "depreciationAndAmortization": 0,
    "ebitda": 44200000,
    "ebitdaratio": 0,
    "operatingIncome": 44200000,
    "operatingIncomeRatio": 0,
    "totalOtherIncomeExpensesNet": 0,
    "incomeBeforeTax": 0,
    "incomeBeforeTaxRatio": 0,
    "incomeTaxExpense": -44200000,
    "netIncome": 44200000,
    "netIncomeRatio": 0,
    "eps": 0.23,
    "epsdiluted": 0.23,
    "weightedAverageShsOut": 196087000,
    "weightedAverageShsOutDil": 196087000,
    "link": null,
    "finalLink": null
  }
]