[
  {
    "date": "2025-06-30",
    "symbol": "FOX",
    "reportedCurrency": "USD",
    "cik": "0001754301",
    "fillingDate": "2025-08-06",
    "acceptedDate": "2025-08-06 06:57:44",
    "calendarYear": "2025",
    "period": "Q4",
    "revenue": 3287000000,
    "costOfRevenue": 1861000000,
    "grossProfit": 3287000000,
    "grossProfitRatio": 1,
    "researchAndDevelopmentExpenses": 0,
    "generalAndAdministrativeExpenses": 0,
    "sellingAndMarketingExpenses": 0,
    "sellingGeneralAndAdministrativeExpenses": 590000000,
    "otherExpenses": 1861000000,
    "operatingExpenses": 2451000000,
    "costAndExpenses": 2451000000,
    "interestIncome": 48000000,
    "interestExpense": 90000000,
    "depreciationAndAmortization": 102000000,
    "ebitda": 1151000000,
    "ebitdaratio": 0.3501673258,
    "operatingIncome": 836000000,
    "operatingIncomeRatio": 0.2543352601,
    "totalOtherIncomeExpensesNet": 123000000,
    "incomeBeforeTax": 959000000,
    "incomeBeforeTaxRatio": 0.2917554001,
    "incomeTaxExpense": 240000000,
    "netIncome": 717000000,
    "netIncomeRatio": 0.2181320353,
    "eps": 1.57,
    "epsdiluted": 1.57,
    "weightedAverageShsOut": 457000000,
    "weightedAverageShsOutDil": 457000000,
    "link": "https://www.sec.gov/Archives/edgar/data/1754301/000162828025038077/0001628280-25-038077-index.htm",
    "finalLink": "https://www.sec.gov/Archives/edgar/data/1754301/000162828025038077/fox-20250630.htm"
  },
  {
    "date": "2025-03-31",
    "symbol": "FOX",
    "reportedCurrency": "USD",
    "cik": "0001754301",
    "fillingDate": "2025-05-12",
    "acceptedDate": "2025-05-12 09:29:48",
    "calendarYear": "2025",
    "period": "Q3",
    "revenue": 4371000000,
    "costOfRevenue": 0,
    "grossProfit": 4371000000,
    "grossProfitRatio": 1,
    "researchAndDevelopmentExpenses": 0,
    "generalAndAdministrativeExpenses": 0,
    "sellingAndMarketingExpenses": 0,
    "sellingGeneralAndAdministrativeExpenses": 551000000,
    "otherExpenses": 3060000000,
    "operatingExpenses": 3611000000,
    "costAndExpenses": 3611000000,
    "interestIncome": 39000000,
    "interestExpense": 94000000,
    "depreciationAndAmortization": 95000000,
    "ebitda": 663000000,
    "ebitdaratio": 0.1516815374,
    "operatingIncome": 760000000,
    "operatingIncomeRatio": 0.1738732555,
    "totalOtherIncomeExpensesNet": -286000000,
    "incomeBeforeTax": 474000000,
    "incomeBeforeTaxRatio": 0.1084420041,
    "incomeTaxExpense": 120000000,
    "netIncome": 346000000,
    "netIncomeRatio": 0.0791580874,
    "eps": 0.76,
    "epsdiluted": 0.75,
    "weightedAverageShsOut": 453000000,
    "weightedAverageShsOutDil": 461000000,
    "link": "https://www.sec.gov/Archives/edgar/data/1754301/000162828025024466/0001628280-25-024466-index.htm",
    "finalLink": "https://www.sec.gov/Archives/edgar/data/1754301/000162828025024466/fox-20250331.htm"
  },
  {
    "date": "2024-12-31",
    "symbol": "FOX",
    "reportedCurrency": "USD",
    "cik": "0001754301",
    "fillingDate": "2025-02-04",
    "acceptedDate": "2025-02-04 09:19:47",
    "calendarYear": "2025",
    "period": "Q2",
    "revenue": 5078000000,
    "costOfRevenue": 0,
    "grossProfit": 5078000000,
    "grossProfitRatio": 1,
    "researchAndDevelopmentExpenses": 0,
    "generalAndAdministrativeExpenses": 0,
    "sellingAndMarketingExpenses": 0,
    "sellingGeneralAndAdministrativeExpenses": 525000000,
    "otherExpenses": 3873000000,
    "operatingExpenses": 4398000000,
    "costAndExpenses": 4398000000,
    "interestIncome": 37000000,
    "interestExpense": 117000000,
    "depreciationAndAmortization": 97000000,
    "ebitda": 729000000,
    "ebitdaratio": 0.1435604569,
    "operatingIncome": 680000000,
    "operatingIncomeRatio": 0.1339109886,
    "totalOtherIncomeExpensesNet": -165000000,
    "incomeBeforeTax": 515000000,
    "incomeBeforeTaxRatio": 0.1014178811,
    "incomeTaxExpense": 127000000,
    "netIncome": 373000000,
    "netIncomeRatio": 0.0734541158,
    "eps": 0.82,
    "epsdiluted": 0.81,
    "weightedAverageShsOut": 457000000,
    "weightedAverageShsOutDil": 462000000,
    "link": "https://www.sec.gov/Archives/edgar/data/1754301/000162828025003592/0001628280-25-003592-index.htm",
    "finalLink": "https://www.sec.gov/Archives/edgar/data/1754301/000162828025003592/fox-20241231.htm"
  },
  {
    "date": "2024-09-30",
    "symbol": "FOX",
    "reportedCurrency": "USD",
    "cik": "0001754301",
    "fillingDate": "2024-11-04",
    "acceptedDate": "2024-11-04 09:26:04",
    "calendarYear": "2025",
    "period": "Q1",
    "revenue": 3564000000,
    "costOfRevenue": 0,
    "grossProfit": 3564000000,
    "grossProfitRatio": 1,
    "researchAndDevelopmentExpenses": 0,
    "generalAndAdministrativeExpenses": 0,
    "sellingAndMarketingExpenses": 0,
    "sellingGeneralAndAdministrativeExpenses": 502000000,
    "otherExpenses": 2109000000,
    "operatingExpenses": 2611000000,
    "costAndExpenses": 2611000000,
    "interestIncome": 52000000,
    "interestExpense": 102000000,
    "depreciationAndAmortization": 91000000,
    "ebitda": 1306000000,
    "ebitdaratio": 0.3664421998,
    "operatingIncome": 953000000,
    "operatingIncomeRatio": 0.2673961841,
    "totalOtherIncomeExpensesNet": 160000000,
    "incomeBeforeTax": 1113000000,
    "incomeBeforeTaxRatio": 0.3122895623,
    "incomeTaxExpense": 281000000,
    "netIncome": 827000000,
    "netIncomeRatio": 0.2320426487,
    "eps": 1.79,
    "epsdiluted": 1.78,
    "weightedAverageShsOut": 461000000,
    "weightedAverageShsOutDil": 464000000,
    "link": "https://www.sec.gov/Archives/edgar/data/1754301/000162828024044851/0001628280-24-044851-index.htm",
    "finalLink": "https://www.sec.gov/Archives/edgar/data/1754301/000162828024044851/fox-20240930.htm"
  },
  {
    "date": "2024-06-30",
    "symbol": "FOX",
    "reportedCurrency": "USD",
    "cik": "0001754301",
    "fillingDate": "2024-08-08",
    "acceptedDate": "2024-08-08 16:07:28",
    "calendarYear": "2024",
    "period": "Q4",
    "revenue": 3092000000,
    "costOfRevenue": 0,
    "grossProfit": 3092000000,
    "grossProfitRatio": 1,
    "researchAndDevelopmentExpenses": 0,
    "generalAndAdministrativeExpenses": 0,
    "sellingAndMarketingExpenses": 0,
    "sellingGeneralAndAdministrativeExpenses": 539000000,
    "otherExpenses": 1882000000,
    "operatingExpenses": 2421000000,
    "costAndExpenses": 2421000000,
    "interestIncome": 49000000,
    "interestExpense": 96000000,
    "depreciationAndAmortization": 98000000,
    "ebitda": 645000000,
    "ebitdaratio": 0.2086028461,
    "operatingIncome": 671000000,
    "operatingIncomeRatio": 0.2170116429,
    "totalOtherIncomeExpensesNet": -220000000,
    "incomeBeforeTax": 451000000,
    "incomeBeforeTaxRatio": 0.1458602846,
    "incomeTaxExpense": 131000000,
    "netIncome": 319000000,
    "netIncomeRatio": 0.1031694696,
    "eps": 0.68,
    "epsdiluted": 0.68,
    "weightedAverageShsOut": 468000000,
    "weightedAverageShsOutDil": 468000000,
    "link": "https://www.sec.gov/Archives/edgar/data/1754301/000162828024036123/0001628280-24-036123-index.htm",
    "finalLink": "https://www.sec.gov/Archives/edgar/data/1754301/000162828024036123/fox-20240630.htm"
  },
  {
    "date": "2024-03-31",
    "symbol": "FOX",
    "reportedCurrency": "USD",
    "cik": "0001754301",
    "fillingDate": "2024-05-08",
    "acceptedDate": "2024-05-08 16:08:33",
    "calendarYear": "2024",
    "period": "Q3",
    "revenue": 3447000000,
    "costOfRevenue": 0,
    "grossProfit": 3447000000,
    "grossProfitRatio": 1,
    "researchAndDevelopmentExpenses": 0,
    "generalAndAdministrativeExpenses": 0,
    "sellingAndMarketingExpenses": 0,
    "sellingGeneralAndAdministrativeExpenses": 510000000,
    "otherExpenses": 2148000000,
    "operatingExpenses": 2658000000,
    "costAndExpenses": 2658000000,
    "interestIncome": 44000000,
    "interestExpense": 99000000,
    "depreciationAndAmortization": 98000000,
    "ebitda": 1158000000,
    "ebitdaratio": 0.3359442994,
    "operatingIncome": 789000000,
    "operatingIncomeRatio": 0.228894691,
    "totalOtherIncomeExpensesNet": 172000000,
    "incomeBeforeTax": 961000000,
    "incomeBeforeTaxRatio": 0.2787931535,
    "incomeTaxExpense": 257000000,
    "netIncome": 666000000,
    "netIncomeRatio": 0.1932114883,
    "eps": 1.41,
    "epsdiluted": 1.4,
    "weightedAverageShsOut": 474000000,
    "weightedAverageShsOutDil": 475000000,
    "link": "https://www.sec.gov/Archives/edgar/data/1754301/000162828024021664/0001628280-24-021664-index.htm",
    "finalLink": "https://www.sec.gov/Archives/edgar/data/1754301/000162828024021664/fox-20240331.htm"
  },
  {
    "date": "2023-12-31",
    "symbol": "FOX",
    "reportedCurrency": "USD",
    "cik": "0001754301",
    "fillingDate": "2024-02-07",
    "acceptedDate": "2024-02-07 09:20:02",
    "calendarYear": "2024",
    "period": "Q2",
    "revenue": 4234000000,
    "costOfRevenue": 0,
    "grossProfit": 4234000000,
    "grossProfitRatio": 1,
    "researchAndDevelopmentExpenses": 0,
    "generalAndAdministrativeExpenses": 0,
    "sellingAndMarketingExpenses": 0,
    "sellingGeneralAndAdministrativeExpenses": 495000000,
    "otherExpenses": 3490000000,
    "operatingExpenses": 3985000000,
    "costAndExpenses": 3985000000,
    "interestIncome": 47000000,
    "interestExpense": 119000000,
    "depreciationAndAmortization": 97000000,
    "ebitda": 347000000,
    "ebitdaratio": 0.0819555975,
    "operatingIncome": 249000000,
    "operatingIncomeRatio": 0.0588096363,
    "totalOtherIncomeExpensesNet": -118000000,
    "incomeBeforeTax": 131000000,
    "incomeBeforeTaxRatio": 0.0309400094,
    "incomeTaxExpense": 16000000,
    "netIncome": 109000000,
    "netIncomeRatio": 0.0257439773,
    "eps": 0.23,
    "epsdiluted": 0.23,
    "weightedAverageShsOut": 482000000,
    "weightedAverageShsOutDil": 482000000,
    "link": "https://www.sec.gov/Archives/edgar/data/1754301/000162828024003624/0001628280-24-003624-index.htm",
    "finalLink": "https://www.sec.gov/Archives/edgar/data/1754301/000162828024003624/fox-20231231.htm"
  },
  {
    "date": "2023-09-30",
    "symbol": "FOX",
    "reportedCurrency": "USD",
    "cik": "0001754301",
    "fillingDate": "2023-11-02",
    "acceptedDate": "2023-11-02 08:57:25",
    "calendarYear": "2024",
    "period": "Q1",
    "revenue": 3207000000,
    "costOfRevenue": 0,
    "grossProfit": 3207000000,
    "grossProfitRatio": 1,
    "researchAndDevelopmentExpenses": 0,
    "generalAndAdministrativeExpenses": 0,
    "sellingAndMarketingExpenses": 0,
    "sellingGeneralAndAdministrativeExpenses": 480000000,
    "otherExpenses": 1958000000,
    "operatingExpenses": 2438000000,
    "costAndExpenses": 2438000000,
    "interestIncome": 49000000,
    "interestExpense": 91000000,
    "depreciationAndAmortization": 96000000,
    "ebitda": 748000000,
    "ebitdaratio": 0.233239788,
    "operatingIncome": 769000000,
    "operatingIncomeRatio": 0.2397879638,
    "totalOtherIncomeExpensesNet": -208000000,
    "incomeBeforeTax": 561000000,
    "incomeBeforeTaxRatio": 0.174929841,
    "incomeTaxExpense": 146000000,
    "netIncome": 407000000,
    "netIncomeRatio": 0.1269098846,
    "eps": 0.82,
    "epsdiluted": 0.82,
    "weightedAverageShsOut": 494000000,
    "weightedAverageShsOutDil": 494000000,
    "link": "https://www.sec.gov/Archives/edgar/data/1754301/000162828023036233/0001628280-23-036233-index.htm",
    "finalLink": "https://www.sec.gov/Archives/edgar/data/1754301/000162828023036233/fox-20230930.htm"
  },
  {
    "date": "2023-06-30",
    "symbol": "FOX",
    "reportedCurrency": "USD",
    "cik": "0001754301",
    "fillingDate": "2023-08-11",
    "acceptedDate": "2023-08-11 16:03:09",
    "calendarYear": "2023",
    "period": "Q4",
    "revenue": 3032000000,
    "costOfRevenue": 0,
    "grossProfit": 3032000000,
    "grossProfitRatio": 1,
    "researchAndDevelopmentExpenses": 0,
    "generalAndAdministrativeExpenses": 550000000,
    "sellingAndMarketingExpenses": -27000000,
    "sellingGeneralAndAdministrativeExpenses": 523000000,
    "otherExpenses": 1881000000,
    "operatingExpenses": 2404000000,
    "costAndExpenses": 2404000000,
    "interestIncome": 52000000,
    "interestExpense": 87000000,
    "depreciationAndAmortization": 103000000,
    "ebitda": 695000000,
    "ebitdaratio": 0.2292216359,
    "operatingIncome": 628000000,
    "operatingIncomeRatio": 0.2071240106,
    "totalOtherIncomeExpensesNet": -123000000,
    "incomeBeforeTax": 505000000,
    "incomeBeforeTaxRatio": 0.1665567282,
    "incomeTaxExpense": 136000000,
    "netIncome": 375000000,
    "netIncomeRatio": 0.1236807388,
    "eps": 0.74,
    "epsdiluted": 0.74,
    "weightedAverageShsOut": 506000000,
    "weightedAverageShsOutDil": 506000000,
    "link": "https://www.sec.gov/Archives/edgar/data/1754301/000162828023029065/0001628280-23-029065-index.htm",
    "finalLink": "https://www.sec.gov/Archives/edgar/data/1754301/000162828023029065/fox-20230630.htm"
  },
  {
    "date": "2023-03-31",
    "symbol": "FOX",
    "reportedCurrency": "USD",
    "cik": "0001754301",
    "fillingDate": "2023-05-09",
    "acceptedDate": "2023-05-09 09:19:10",
    "calendarYear": "2023",
    "period": "Q3",
    "revenue": 4084000000,
    "costOfRevenue": 0,
    "grossProfit": 4084000000,
    "grossProfitRatio": 1,
    "researchAndDevelopmentExpenses": 0,
    "generalAndAdministrativeExpenses": 0,
    "sellingAndMarketingExpenses": 0,
    "sellingGeneralAndAdministrativeExpenses": 528000000,
    "otherExpenses": 2833000000,
    "operatingExpenses": 3361000000,
    "costAndExpenses": 3361000000,
    "interestIncome": 31000000,
    "interestExpense": 86000000,
    "depreciationAndAmortization": 106000000,
    "ebitda": 141000000,
    "ebitdaratio": 0.0345249755,
    "operatingIncome": 723000000,
    "operatingIncomeRatio": 0.1770323213,
    "totalOtherIncomeExpensesNet": -774000000,
    "incomeBeforeTax": -51000000,
    "incomeBeforeTaxRatio": -0.0124877571,
    "incomeTaxExpense": -1000000,
    "netIncome": -54000000,
    "netIncomeRatio": -0.013222331,
    "eps": -0.1,
    "epsdiluted": -0.1,
    "weightedAverageShsOut": 521004187,
    "weightedAverageShsOutDil": 521000000,
    "link": "https://www.sec.gov/Archives/edgar/data/1754301/000162828023016651/0001628280-23-016651-index.htm",
    "finalLink": "https://www.sec.gov/Archives/edgar/data/1754301/000162828023016651/fox-20230331.htm"
  },
  {
    "date": "2022-12-31",
    "symbol": "FOX",
    "reportedCurrency": "USD",
    "cik": "0001754301",
    "fillingDate": "2023-02-08",
    "acceptedDate": "2023-02-08 16:27:10",
    "calendarYear": "2023",
    "period": "Q2",
    "revenue": 4605000000,
    "costOfRevenue": 0,
    "grossProfit": 4605000000,
    "grossProfitRatio": 1,
    "researchAndDevelopmentExpenses": 0,
    "generalAndAdministrativeExpenses": 550000000,
    "sellingAndMarketingExpenses": 0,
    "sellingGeneralAndAdministrativeExpenses": 550000000,
    "otherExpenses": 3631000000,
    "operatingExpenses": 4181000000,
    "costAndExpenses": 4181000000,
    "interestIncome": 29000000,
    "interestExpense": 89000000,
    "depreciationAndAmortization": 103000000,
    "ebitda": 629000000,
    "ebitdaratio": 0.1365906623,
    "operatingIncome": 424000000,
    "operatingIncomeRatio": 0.0920738328,
    "totalOtherIncomeExpensesNet": 13000000,
    "incomeBeforeTax": 437000000,
    "incomeBeforeTaxRatio": 0.0948968512,
    "incomeTaxExpense": 116000000,
    "netIncome": 313000000,
    "netIncomeRatio": 0.0679695983,
    "eps": 0.58,
    "epsdiluted": 0.58,
    "weightedAverageShsOut": 541000000,
    "weightedAverageShsOutDil": 543000000,
    "link": "https://www.sec.gov/Archives/edgar/data/1754301/000162828023002786/0001628280-23-002786-index.htm",
    "finalLink": "https://www.sec.gov/Archives/edgar/data/1754301/000162828023002786/fox-20221231.htm"
  },
  {
    "date": "2022-09-30",
    "symbol": "FOX",
    "reportedCurrency": "USD",
    "cik": "0001754301",
    "fillingDate": "2022-11-01",
    "acceptedDate": "2022-11-01 09:14:29",
    "calendarYear": "2023",
    "period": "Q1",
    "revenue": 3192000000,
    "costOfRevenue": 0,
    "grossProfit": 3192000000,
    "grossProfitRatio": 1,
    "researchAndDevelopmentExpenses": 0,
    "generalAndAdministrativeExpenses": 0,
    "sellingAndMarketingExpenses": 0,
    "sellingGeneralAndAdministrativeExpenses": 448000000,
    "otherExpenses": 1755000000,
    "operatingExpenses": 2203000000,
    "costAndExpenses": 2203000000,
    "interestIncome": 19000000,
    "interestExpense": 87000000,
    "depreciationAndAmortization": 99000000,
    "ebitda": 1031000000,
    "ebitdaratio": 0.3229949875,
    "operatingIncome": 989000000,
    "operatingIncomeRatio": 0.3098370927,
    "totalOtherIncomeExpensesNet": -144000000,
    "incomeBeforeTax": 845000000,
    "incomeBeforeTaxRatio": 0.2647243108,
    "incomeTaxExpense": 232000000,
    "netIncome": 605000000,
    "netIncomeRatio": 0.1895363409,
    "eps": 1.1,
    "epsdiluted": 1.1,
    "weightedAverageShsOut": 550000000,
    "weightedAverageShsOutDil": 552000000,
    "link": "https://www.sec.gov/Archives/edgar/data/1754301/000162828022027482/0001628280-22-027482-index.htm",
    "finalLink": "https://www.sec.gov/Archives/edgar/data/1754301/000162828022027482/fox-20220930.htm"
  },
  {
    "date": "2022-06-30",
    "symbol": "FOX",
    "reportedCurrency": "USD",
    "cik": "0001754301",
    "fillingDate": "2022-08-12",
    "acceptedDate": "2022-08-12 08:04:07",
    "calendarYear": "2022",
    "period": "Q4",
    "revenue": 3033000000,
    "costOfRevenue": 0,
    "grossProfit": 3033000000,
    "grossProfitRatio": 1,
    "researchAndDevelopmentExpenses": 0,
    "generalAndAdministrativeExpenses": 468000000,
    "sellingAndMarketingExpenses": 84000000,
    "sellingGeneralAndAdministrativeExpenses": 552000000,
    "otherExpenses": 1814000000,
    "operatingExpenses": 2366000000,
    "costAndExpenses": 2366000000,
    "interestIncome": 0,
    "interestExpense": 92000000,
    "depreciationAndAmortization": 99000000,
    "ebitda": 638000000,
    "ebitdaratio": 0.210352786,
    "operatingIncome": 667000000,
    "operatingIncomeRatio": 0.2199142763,
    "totalOtherIncomeExpensesNet": -220000000,
    "incomeBeforeTax": 447000000,
    "incomeBeforeTaxRatio": 0.1473788328,
    "incomeTaxExpense": 139000000,
    "netIncome": 306000000,
    "netIncomeRatio": 0.1008902077,
    "eps": 0.55,
    "epsdiluted": 0.55,
    "weightedAverageShsOut": 557000000,
    "weightedAverageShsOutDil": 560000000,
    "link": "https://www.sec.gov/Archives/edgar/data/1754301/000162828022022584/0001628280-22-022584-index.htm",
    "finalLink": "https://www.sec.gov/Archives/edgar/data/1754301/000162828022022584/fox-20220630.htm"
  },
  {
    "date": "2022-03-31",
    "symbol": "FOX",
    "reportedCurrency": "USD",
    "cik": "0001754301",
    "fillingDate": "2022-05-10",
    "acceptedDate": "2022-05-10 16:37:16",
    "calendarYear": "2022",
    "period": "Q3",
    "revenue": 3455000000,
    "costOfRevenue": 0,
    "grossProfit": 3455000000,
    "grossProfitRatio": 1,
    "researchAndDevelopmentExpenses": 0,
    "generalAndAdministrativeExpenses": 0,
    "sellingAndMarketingExpenses": 0,
    "sellingGeneralAndAdministrativeExpenses": 485000000,
    "otherExpenses": 2256000000,
    "operatingExpenses": 2741000000,
    "costAndExpenses": 2741000000,
    "interestIncome": 1000000,
    "interestExpense": 92000000,
    "depreciationAndAmortization": 92000000,
    "ebitda": 574000000,
    "ebitdaratio": 0.1661360347,
    "operatingIncome": 714000000,
    "operatingIncomeRatio": 0.2066570188,
    "totalOtherIncomeExpensesNet": -324000000,
    "incomeBeforeTax": 390000000,
    "incomeBeforeTaxRatio": 0.1128798842,
    "incomeTaxExpense": 100000000,
    "netIncome": 283000000,
    "netIncomeRatio": 0.081910275,
    "eps": 0.5,
    "epsdiluted": 0.5,
    "weightedAverageShsOut": 563000000,
    "weightedAverageShsOutDil": 567000000,
    "link": "https://www.sec.gov/Archives/edgar/data/1754301/000162828022013621/0001628280-22-013621-index.htm",
    "finalLink": "https://www.sec.gov/Archives/edgar/data/1754301/000162828022013621/fox-20220331.htm"
  },
  {
    "date": "2021-12-31",
    "symbol": "FOX",
    "reportedCurrency": "USD",
    "cik": "0001754301",
    "fillingDate": "2022-02-09",
    "acceptedDate": "2022-02-09 16:14:48",
    "calendarYear": "2022",
    "period": "Q2",
    "revenue": 4441000000,
    "costOfRevenue": 0,
    "grossProfit": 4441000000,
    "grossProfitRatio": 1,
    "researchAndDevelopmentExpenses": 0,
    "generalAndAdministrativeExpenses": 468000000,
    "sellingAndMarketingExpenses": 0,
    "sellingGeneralAndAdministrativeExpenses": 468000000,
    "otherExpenses": 3760000000,
    "operatingExpenses": 4228000000,
    "costAndExpenses": 4228000000,
    "interestIncome": 1000000,
    "interestExpense": 98000000,
    "depreciationAndAmortization": 93000000,
    "ebitda": 96000000,
    "ebitdaratio": 0.021616753,
    "operatingIncome": 213000000,
    "operatingIncomeRatio": 0.0479621707,
    "totalOtherIncomeExpensesNet": -308000000,
    "incomeBeforeTax": -95000000,
    "incomeBeforeTaxRatio": -0.0213915785,
    "incomeTaxExpense": -22000000,
    "netIncome": -85000000,
    "netIncomeRatio": -0.0191398334,
    "eps": -0.15,
    "epsdiluted": -0.15,
    "weightedAverageShsOut": 569000000,
    "weightedAverageShsOutDil": 573000000,
    "link": "https://www.sec.gov/Archives/edgar/data/1754301/000162828022002107/0001628280-22-002107-index.htm",
    "finalLink": "https://www.sec.gov/Archives/edgar/data/1754301/000162828022002107/fox-20211231.htm"
  },
  {
    "date": "2021-09-30",
    "symbol": "FOX",
    "reportedCurrency": "USD",
    "cik": "0001754301",
    "fillingDate": "2021-11-04",
    "acceptedDate": "2021-11-03 17:33:42",
    "calendarYear": "2022",
    "period": "Q1",
    "revenue": 3045000000,
    "costOfRevenue": 0,
    "grossProfit": 3045000000,
    "grossProfitRatio": 1,
    "researchAndDevelopmentExpenses": 0,
    "generalAndAdministrativeExpenses": 0,
    "sellingAndMarketingExpenses": 0,
    "sellingGeneralAndAdministrativeExpenses": 415000000,
    "otherExpenses": 1650000000,
    "operatingExpenses": 2065000000,
    "costAndExpenses": 2065000000,
    "interestIncome": 0,
    "interestExpense": 97000000,
    "depreciationAndAmortization": 79000000,
    "ebitda": 1128000000,
    "ebitdaratio": 0.3704433498,
    "operatingIncome": 980000000,
    "operatingIncomeRatio": 0.3218390805,
    "totalOtherIncomeExpensesNet": -28000000,
    "incomeBeforeTax": 952000000,
    "incomeBeforeTaxRatio": 0.3126436782,
    "incomeTaxExpense": 244000000,
    "netIncome": 701000000,
    "netIncomeRatio": 0.2302134647,
    "eps": 1.22,
    "epsdiluted": 1.21,
    "weightedAverageShsOut": 575000000,
    "weightedAverageShsOutDil": 578000000,
    "link": "https://www.sec.gov/Archives/edgar/data/1754301/000162828021021531/0001628280-21-021531-index.htm",
    "finalLink": "https://www.sec.gov/Archives/edgar/data/1754301/000162828021021531/fox-20210930.htm"
  },
  {
    "date": "2021-06-30",
    "symbol": "FOX",
    "reportedCurrency": "USD",
    "cik": "0001754301",
    "fillingDate": "2021-08-10",
    "acceptedDate": "2021-08-10 16:21:39",
    "calendarYear": "2021",
    "period": "Q4",
    "revenue": 2890000000,
    "costOfRevenue": 0,
    "grossProfit": 2890000000,
    "grossProfitRatio": 1,
    "researchAndDevelopmentExpenses": 0,
    "generalAndAdministrativeExpenses": 540000000,
    "sellingAndMarketingExpenses": 0,
    "sellingGeneralAndAdministrativeExpenses": 540000000,
    "otherExpenses": 1722000000,
    "operatingExpenses": 2262000000,
    "costAndExpenses": 2262000000,
    "interestIncome": 1000000,
    "interestExpense": 99000000,
    "depreciationAndAmortization": 84000000,
    "ebitda": 540000000,
    "ebitdaratio": 0.1868512111,
    "operatingIncome": 628000000,
    "operatingIncomeRatio": 0.2173010381,
    "totalOtherIncomeExpensesNet": -271000000,
    "incomeBeforeTax": 357000000,
    "incomeBeforeTaxRatio": 0.1235294118,
    "incomeTaxExpense": 85000000,
    "netIncome": 253000000,
    "netIncomeRatio": 0.0875432526,
    "eps": 0.43,
    "epsdiluted": 0.43,
    "weightedAverageShsOut": 579000000,
    "weightedAverageShsOutDil": 586000000,
    "link": "https://www.sec.gov/Archives/edgar/data/1754301/000156459021043103/0001564590-21-043103-index.htm",
    "finalLink": "https://www.sec.gov/Archives/edgar/data/1754301/000156459021043103/fox-10k_20210630.htm"
  },
  {
    "date": "2021-03-31",
    "symbol": "FOX",
    "reportedCurrency": "USD",
    "cik": "0001754301",
    "fillingDate": "2021-05-06",
    "acceptedDate": "2021-05-05 17:46:22",
    "calendarYear": "2021",
    "period": "Q3",
    "revenue": 3215000000,
    "costOfRevenue": 0,
    "grossProfit": 3215000000,
    "grossProfitRatio": 1,
    "researchAndDevelopmentExpenses": 0,
    "generalAndAdministrativeExpenses": 0,
    "sellingAndMarketingExpenses": 0,
    "sellingGeneralAndAdministrativeExpenses": 437000000,
    "otherExpenses": 1963000000,
    "operatingExpenses": 2400000000,
    "costAndExpenses": 2400000000,
    "interestIncome": 0,
    "interestExpense": 98000000,
    "depreciationAndAmortization": 78000000,
    "ebitda": 954000000,
    "ebitdaratio": 0.2967340591,
    "operatingIncome": 815000000,
    "operatingIncomeRatio": 0.2534992224,
    "totalOtherIncomeExpensesNet": -37000000,
    "incomeBeforeTax": 778000000,
    "incomeBeforeTaxRatio": 0.2419906687,
    "incomeTaxExpense": 196000000,
    "netIncome": 567000000,
    "netIncomeRatio": 0.1763608087,
    "eps": 0.96,
    "epsdiluted": 0.96,
    "weightedAverageShsOut": 589000000,
    "weightedAverageShsOutDil": 593000000,
    "link": "https://www.sec.gov/Archives/edgar/data/1754301/000156459021024240/0001564590-21-024240-index.htm",
    "finalLink": "https://www.sec.gov/Archives/edgar/data/1754301/000156459021024240/fox-10q_20210331.htm"
  },
  {
    "date": "2020-12-31",
    "symbol": "FOX",
    "reportedCurrency": "USD",
    "cik": "0001754301",
    "fillingDate": "2021-02-09",
    "acceptedDate": "2021-02-09 16:57:39",
    "calendarYear": "2021",
    "period": "Q2",
    "revenue": 4087000000,
    "costOfRevenue": 0,
    "grossProfit": 4087000000,
    "grossProfitRatio": 1,
    "researchAndDevelopmentExpenses": 0,
    "generalAndAdministrativeExpenses": 0,
    "sellingAndMarketingExpenses": 0,
    "sellingGeneralAndAdministrativeExpenses": 442000000,
    "otherExpenses": 3416000000,
    "operatingExpenses": 3858000000,
    "costAndExpenses": 3858000000,
    "interestIncome": 0,
    "interestExpense": 97000000,
    "depreciationAndAmortization": 70000000,
    "ebitda": 471000000,
    "ebitdaratio": 0.1152434549,
    "operatingIncome": 229000000,
    "operatingIncomeRatio": 0.0560313188,
    "totalOtherIncomeExpensesNet": 75000000,
    "incomeBeforeTax": 304000000,
    "incomeBeforeTaxRatio": 0.0743821874,
    "incomeTaxExpense": 74000000,
    "netIncome": 224000000,
    "netIncomeRatio": 0.0548079276,
    "eps": 0.38,
    "epsdiluted": 0.37,
    "weightedAverageShsOut": 595000000,
    "weightedAverageShsOutDil": 598000000,
    "link": "https://www.sec.gov/Archives/edgar/data/1754301/000156459021005037/0001564590-21-005037-index.htm",
    "finalLink": "https://www.sec.gov/Archives/edgar/data/1754301/000156459021005037/fox-10q_20201231.htm"
  },
  {
    "date": "2020-09-30",
    "symbol": "FOX",
    "reportedCurrency": "USD",
    "cik": "0001754301",
    "fillingDate": "2020-11-03",
    "acceptedDate": "2020-11-03 16:26:51",
    "calendarYear": "2021",
    "period": "Q1",
    "revenue": 2717000000,
    "costOfRevenue": 0,
    "grossProfit": 2717000000,
    "grossProfitRatio": 1,
    "researchAndDevelopmentExpenses": 0,
    "generalAndAdministrativeExpenses": 388000000,
    "sellingAndMarketingExpenses": 0,
    "sellingGeneralAndAdministrativeExpenses": 388000000,
    "otherExpenses": 1236000000,
    "operatingExpenses": 1624000000,
    "costAndExpenses": 1624000000,
    "interestIncome": 0,
    "interestExpense": 98000000,
    "depreciationAndAmortization": 68000000,
    "ebitda": 1645000000,
    "ebitdaratio": 0.6054471844,
    "operatingIncome": 1093000000,
    "operatingIncomeRatio": 0.4022819286,
    "totalOtherIncomeExpensesNet": 386000000,
    "incomeBeforeTax": 1479000000,
    "incomeBeforeTaxRatio": 0.5443503865,
    "incomeTaxExpense": 362000000,
    "netIncome": 1106000000,
    "netIncomeRatio": 0.4070666176,
    "eps": 1.83,
    "epsdiluted": 1.83,
    "weightedAverageShsOut": 603000000,
    "weightedAverageShsOutDil": 605000000,
    "link": "https://www.sec.gov/Archives/edgar/data/1754301/000156459020050013/0001564590-20-050013-index.htm",
    "finalLink": "https://www.sec.gov/Archives/edgar/data/1754301/000156459020050013/fox-10q_20200930.htm"
  },
  {
    "date": "2020-06-30",
    "symbol": "FOX",
    "reportedCurrency": "USD",
    "cik": "0001754301",
    "fillingDate": "2020-08-10",
    "acceptedDate": "2020-08-10 16:51:35",
    "calendarYear": "2020",
    "period": "Q4",
    "revenue": 2418000000,
    "costOfRevenue": 0,
    "grossProfit": 2418000000,
    "grossProfitRatio": 1,
    "researchAndDevelopmentExpenses": 0,
    "generalAndAdministrativeExpenses": 494000000,
    "sellingAndMarketingExpenses": 0,
    "sellingGeneralAndAdministrativeExpenses": 494000000,
    "otherExpenses": 1281000000,
    "operatingExpenses": 1775000000,
    "costAndExpenses": 1775000000,
    "interestIncome": 2000000,
    "interestExpense": 100000000,
    "depreciationAndAmortization": 94000000,
    "ebitda": 394000000,
    "ebitdaratio": 0.1629445823,
    "operatingIncome": 643000000,
    "operatingIncomeRatio": 0.2659222498,
    "totalOtherIncomeExpensesNet": -443000000,
    "incomeBeforeTax": 200000000,
    "incomeBeforeTaxRatio": 0.0827129859,
    "incomeTaxExpense": 55000000,
    "netIncome": 122000000,
    "netIncomeRatio": 0.0504549214,
    "eps": 0.2,
    "epsdiluted": 0.2,
    "weightedAverageShsOut": 607000000,
    "weightedAverageShsOutDil": 609000000,
    "link": "https://www.sec.gov/Archives/edgar/data/1754301/000156459020038975/0001564590-20-038975-index.htm",
    "finalLink": "https://www.sec.gov/Archives/edgar/data/1754301/000156459020038975/fox-10k_20200630.htm"
  },
  {
    "date": "2020-03-31",
    "symbol": "FOX",
    "reportedCurrency": "USD",
    "cik": "0001754301",
    "fillingDate": "2020-05-07",
    "acceptedDate": "2020-05-06 17:52:00",
    "calendarYear": "2020",
    "period": "Q3",
    "revenue": 3440000000,
    "costOfRevenue": 0,
    "grossProfit": 3440000000,
    "grossProfitRatio": 1,
    "researchAndDevelopmentExpenses": 0,
    "generalAndAdministrativeExpenses": 464000000,
    "sellingAndMarketingExpenses": 0,
    "sellingGeneralAndAdministrativeExpenses": 464000000,
    "otherExpenses": 2118000000,
    "operatingExpenses": 2582000000,
    "costAndExpenses": 2582000000,
    "interestIncome": 8000000,
    "interestExpense": 89000000,
    "depreciationAndAmortization": 57000000,
    "ebitda": 291000000,
    "ebitdaratio": 0.0845930233,
    "operatingIncome": 858000000,
    "operatingIncomeRatio": 0.2494186047,
    "totalOtherIncomeExpensesNet": -713000000,
    "incomeBeforeTax": 145000000,
    "incomeBeforeTaxRatio": 0.0421511628,
    "incomeTaxExpense": 55000000,
    "netIncome": 78000000,
    "netIncomeRatio": 0.0226744186,
    "eps": 0.13,
    "epsdiluted": 0.13,
    "weightedAverageShsOut": 608000000,
    "weightedAverageShsOutDil": 612000000,
    "link": "https://www.sec.gov/Archives/edgar/data/1754301/000156459020022088/0001564590-20-022088-index.htm",
    "finalLink": "https://www.sec.gov/Archives/edgar/data/1754301/000156459020022088/fox-10q_20200331.htm"
  },
  {
    "date": "2019-12-31",
    "symbol": "FOX",
    "reportedCurrency": "USD",
    "cik": "0001754301",
    "fillingDate": "2020-02-05",
    "acceptedDate": "2020-02-05 17:31:05",
    "calendarYear": "2020",
    "period": "Q2",
    "revenue": 3778000000,
    "costOfRevenue": 0,
    "grossProfit": 3778000000,
    "grossProfitRatio": 1,
    "researchAndDevelopmentExpenses": 0,
    "generalAndAdministrativeExpenses": 431000000,
    "sellingAndMarketingExpenses": 0,
    "sellingGeneralAndAdministrativeExpenses": 431000000,
    "otherExpenses": 3148000000,
    "operatingExpenses": 3579000000,
    "costAndExpenses": 3579000000,
    "interestIncome": 8000000,
    "interestExpense": 90000000,
    "depreciationAndAmortization": 57000000,
    "ebitda": 566000000,
    "ebitdaratio": 0.1498147168,
    "operatingIncome": 199000000,
    "operatingIncomeRatio": 0.0526733722,
    "totalOtherIncomeExpensesNet": 220000000,
    "incomeBeforeTax": 419000000,
    "incomeBeforeTaxRatio": 0.1109052409,
    "incomeTaxExpense": 105000000,
    "netIncome": 300000000,
    "netIncomeRatio": 0.0794070937,
    "eps": 0.49,
    "epsdiluted": 0.48,
    "weightedAverageShsOut": 617000000,
    "weightedAverageShsOutDil": 620000000,
    "link": "https://www.sec.gov/Archives/edgar/data/1754301/000156459020003497/0001564590-20-003497-index.htm",
    "finalLink": "https://www.sec.gov/Archives/edgar/data/1754301/000156459020003497/fox-10q_20191231.htm"
  },
  {
    "date": "2019-09-30",
    "symbol": "FOX",
    "reportedCurrency": "USD",
    "cik": "0001754301",
    "fillingDate": "2019-11-06",
    "acceptedDate": "2019-11-06 17:19:28",
    "calendarYear": "2020",
    "period": "Q1",
    "revenue": 2667000000,
    "costOfRevenue": 0,
    "grossProfit": 2667000000,
    "grossProfitRatio": 1,
    "researchAndDevelopmentExpenses": 0,
    "generalAndAdministrativeExpenses": 352000000,
    "sellingAndMarketingExpenses": 0,
    "sellingGeneralAndAdministrativeExpenses": 352000000,
    "otherExpenses": 1518000000,
    "operatingExpenses": 1870000000,
    "costAndExpenses": 1870000000,
    "interestIncome": 17000000,
    "interestExpense": 90000000,
    "depreciationAndAmortization": 50000000,
    "ebitda": 840000000,
    "ebitdaratio": 0.3149606299,
    "operatingIncome": 797000000,
    "operatingIncomeRatio": 0.2988376453,
    "totalOtherIncomeExpensesNet": -97000000,
    "incomeBeforeTax": 700000000,
    "incomeBeforeTaxRatio": 0.2624671916,
    "incomeTaxExpense": 187000000,
    "netIncome": 499000000,
    "netIncomeRatio": 0.1871016123,
    "eps": 0.8,
    "epsdiluted": 0.8,
    "weightedAverageShsOut": 622000000,
    "weightedAverageShsOutDil": 624000000,
    "link": "https://www.sec.gov/Archives/edgar/data/1754301/000156459019041135/0001564590-19-041135-index.htm",
    "finalLink": "https://www.sec.gov/Archives/edgar/data/1754301/000156459019041135/fox-10q_20190930.htm"
  },
  {
    "date": "2019-06-30",
    "symbol": "FOX",
    "reportedCurrency": "USD",
    "cik": "0001754301",
    "fillingDate": "2019-08-09",
    "acceptedDate": "2019-08-09 16:47:13",
    "calendarYear": "2019",
    "period": "Q4",
    "revenue": 2513000000,
    "costOfRevenue": 0,
    "grossProfit": 2513000000,
    "grossProfitRatio": 1,
    "researchAndDevelopmentExpenses": 0,
    "generalAndAdministrativeExpenses": 455000000,
    "sellingAndMarketingExpenses": 0,
    "sellingGeneralAndAdministrativeExpenses": 455000000,
    "otherExpenses": 1418000000,
    "operatingExpenses": 1873000000,
    "costAndExpenses": 1873000000,
    "interestIncome": 22000000,
    "interestExpense": 91000000,
    "depreciationAndAmortization": 60000000,
    "ebitda": 807000000,
    "ebitdaratio": 0.3211301234,
    "operatingIncome": 640000000,
    "operatingIncomeRatio": 0.2546756864,
    "totalOtherIncomeExpensesNet": 16000000,
    "incomeBeforeTax": 656000000,
    "incomeBeforeTaxRatio": 0.2610425786,
    "incomeTaxExpense": 191000000,
    "netIncome": 454000000,
    "netIncomeRatio": 0.1806605651,
    "eps": 0.73,
    "epsdiluted": 0.73,
    "weightedAverageShsOut": 621000000,
    "weightedAverageShsOutDil": 624000000,
    "link": "https://www.sec.gov/Archives/edgar/data/1754301/000156459019031285/0001564590-19-031285-index.htm",
    "finalLink": "https://www.sec.gov/Archives/edgar/data/1754301/000156459019031285/fox-10k_20190630.htm"
  },
  {
    "date": "2019-03-31",
    "symbol": "FOX",
    "reportedCurrency": "USD",
    "cik": "0001754301",
    "fillingDate": "2019-05-10",
    "acceptedDate": "2019-05-10 16:25:06",
    "calendarYear": "2019",
    "period": "Q3",
    "revenue": 2752000000,
    "costOfRevenue": 0,
    "grossProfit": 2752000000,
    "grossProfitRatio": 1,
    "researchAndDevelopmentExpenses": 0,
    "generalAndAdministrativeExpenses": 336000000,
    "sellingAndMarketingExpenses": 0,
    "sellingGeneralAndAdministrativeExpenses": 336000000,
    "otherExpenses": 1718000000,
    "operatingExpenses": 2054000000,
    "costAndExpenses": 2054000000,
    "interestIncome": 19000000,
    "interestExpense": 81000000,
    "depreciationAndAmortization": 58000000,
    "ebitda": 845000000,
    "ebitdaratio": 0.3070494186,
    "operatingIncome": 698000000,
    "operatingIncomeRatio": 0.2536337209,
    "totalOtherIncomeExpensesNet": 8000000,
    "incomeBeforeTax": 706000000,
    "incomeBeforeTaxRatio": 0.2565406977,
    "incomeTaxExpense": 167000000,
    "netIncome": 529000000,
    "netIncomeRatio": 0.1922238372,
    "eps": 0.85,
    "epsdiluted": 0.85,
    "weightedAverageShsOut": 621000000,
    "weightedAverageShsOutDil": 621000000,
    "link": "https://www.sec.gov/Archives/edgar/data/1754301/000156459019018565/0001564590-19-018565-index.htm",
    "finalLink": "https://www.sec.gov/Archives/edgar/data/1754301/000156459019018565/fox-10q_20190331.htm"
  },
  {
    "date": "2018-12-31",
    "symbol": "FOX",
    "reportedCurrency": "USD",
    "cik": "0001754301",
    "fillingDate": "2019-03-18",
    "acceptedDate": "2019-03-18 16:41:05",
    "calendarYear": "2019",
    "period": "Q2",
    "revenue": 3583000000,
    "costOfRevenue": 0,
    "grossProfit": 3583000000,
    "grossProfitRatio": 1,
    "researchAndDevelopmentExpenses": 0,
    "generalAndAdministrativeExpenses": 329000000,
    "sellingAndMarketingExpenses": 0,
    "sellingGeneralAndAdministrativeExpenses": 329000000,
    "otherExpenses": 2869000000,
    "operatingExpenses": 3198000000,
    "costAndExpenses": 3198000000,
    "interestIncome": 0,
    "interestExpense": 15000000,
    "depreciationAndAmortization": 51000000,
    "ebitda": 97000000,
    "ebitdaratio": 0.0270722858,
    "operatingIncome": 385000000,
    "operatingIncomeRatio": 0.107451856,
    "totalOtherIncomeExpensesNet": -354000000,
    "incomeBeforeTax": 31000000,
    "incomeBeforeTaxRatio": 0.0086519676,
    "incomeTaxExpense": 7000000,
    "netIncome": 8000000,
    "netIncomeRatio": 0.0022327658,
    "eps": 0.0129,
    "epsdiluted": 0.0129,
    "weightedAverageShsOut": 620595275,
    "weightedAverageShsOutDil": 620595275,
    "link": "https://www.sec.gov/Archives/edgar/data/1754301/000156459019008308/0001564590-19-008308-index.htm",
    "finalLink": "https://www.sec.gov/Archives/edgar/data/1754301/000156459019008308/ck0001754301-10q_20181231.htm"
  },
  {
    "date": "2018-09-30",
    "symbol": "FOX",
    "reportedCurrency": "USD",
    "cik": "0001754301",
    "fillingDate": "2018-09-30",
    "acceptedDate": "2018-09-29 20:00:00",
    "calendarYear": "2019",
    "period": "Q1",
    "revenue": 2541000000,
    "costOfRevenue": 0,
    "grossProfit": 2541000000,
    "grossProfitRatio": 1,
    "researchAndDevelopmentExpenses": 0,
    "generalAndAdministrativeExpenses": 299000000,
    "sellingAndMarketingExpenses": 0,
    "sellingGeneralAndAdministrativeExpenses": 299000000,
    "otherExpenses": 1534000000,
    "operatingExpenses": 1833000000,
    "costAndExpenses": 1833000000,
    "interestIncome": 0,
    "interestExpense": 16000000,
    "depreciationAndAmortization": 43000000,
    "ebitda": 890000000,
    "ebitdaratio": 0.3502558048,
    "operatingIncome": 708000000,
    "operatingIncomeRatio": 0.2786304604,
    "totalOtherIncomeExpensesNet": 123000000,
    "incomeBeforeTax": 831000000,
    "incomeBeforeTaxRatio": 0.3270365998,
    "incomeTaxExpense": 216000000,
    "netIncome": 604000000,
    "netIncomeRatio": 0.2377016922,
    "eps": 0.97,
    "epsdiluted": 0.97,
    "weightedAverageShsOut": 620000000,
    "weightedAverageShsOutDil": 620000000,
    "link": "",
    "finalLink": ""
  },
  {
    "date": "2018-06-30",
    "symbol": "FOX",
    "reportedCurrency": "USD",
    "cik": "0001754301",
    "fillingDate": "2018-06-30",
    "acceptedDate": "2018-06-29 20:00:00",
    "calendarYear": "2018",
    "period": "Q4",
    "revenue": 2394000000,
    "costOfRevenue": 0,
    "grossProfit": 2394000000,
    "grossProfitRatio": 1,
    "researchAndDevelopmentExpenses": 0,
    "generalAndAdministrativeExpenses": 315000000,
    "sellingAndMarketingExpenses": 0,
    "sellingGeneralAndAdministrativeExpenses": 315000000,
    "otherExpenses": 1496000000,
    "operatingExpenses": 1811000000,
    "costAndExpenses": 1811000000,
    "interestIncome": 0,
    "interestExpense": 23000000,
    "depreciationAndAmortization": 45000000,
    "ebitda": 661000000,
    "ebitdaratio": 0.276106934,
    "operatingIncome": 583000000,
    "operatingIncomeRatio": 0.2435254804,
    "totalOtherIncomeExpensesNet": 10000000,
    "incomeBeforeTax": 593000000,
    "incomeBeforeTaxRatio": 0.2477025898,
    "incomeTaxExpense": 113000000,
    "netIncome": 471000000,
    "netIncomeRatio": 0.1967418546,
    "eps": 0.76,
    "epsdiluted": 0.76,
    "weightedAverageShsOut": 620000000,
    "weightedAverageShsOutDil": 620000000,
    "link": "",
    "finalLink": ""
  },
  {
    "date": "2018-03-31",
    "symbol": "FOX",
    "reportedCurrency": "USD",
    "cik": "0001754301",
    "fillingDate": "2018-03-31",
    "acceptedDate": "2018-03-30 20:00:00",
    "calendarYear": "2018",
    "period": "Q3",
    "revenue": 2463000000,
    "costOfRevenue": 0,
    "grossProfit": 2463000000,
    "grossProfitRatio": 1,
    "researchAndDevelopmentExpenses": 0,
    "generalAndAdministrativeExpenses": 325000000,
    "sellingAndMarketingExpenses": 0,
    "sellingGeneralAndAdministrativeExpenses": 325000000,
    "otherExpenses": 1487000000,
    "operatingExpenses": 1812000000,
    "costAndExpenses": 1812000000,
    "interestIncome": 0,
    "interestExpense": 7000000,
    "depreciationAndAmortization": 43000000,
    "ebitda": 704000000,
    "ebitdaratio": 0.2858302883,
    "operatingIncome": 651000000,
    "operatingIncomeRatio": 0.2643118149,
    "totalOtherIncomeExpensesNet": 3000000,
    "incomeBeforeTax": 654000000,
    "incomeBeforeTaxRatio": 0.2655298417,
    "incomeTaxExpense": 188000000,
    "netIncome": 457000000,
    "netIncomeRatio": 0.185546082,
    "eps": 0.74,
    "epsdiluted": 0.74,
    "weightedAverageShsOut": 620000000,
    "weightedAverageShsOutDil": 620000000,
    "link": "",
    "finalLink": ""
  },
  {
    "date": "2017-12-31",
    "symbol": "FOX",
    "reportedCurrency": "USD",
    "cik": "0001754301",
    "fillingDate": "2017-12-31",
    "acceptedDate": "2017-12-30 19:00:00",
    "calendarYear": "2018",
    "period": "Q2",
    "revenue": 3108000000,
    "costOfRevenue": 0,
    "grossProfit": 3108000000,
    "grossProfitRatio": 1,
    "researchAndDevelopmentExpenses": 0,
    "generalAndAdministrativeExpenses": 359000000,
    "sellingAndMarketingExpenses": 0,
    "sellingGeneralAndAdministrativeExpenses": 359000000,
    "otherExpenses": 2388000000,
    "operatingExpenses": 2747000000,
    "costAndExpenses": 2747000000,
    "interestIncome": 0,
    "interestExpense": 6000000,
    "depreciationAndAmortization": 42000000,
    "ebitda": 360000000,
    "ebitdaratio": 0.1158301158,
    "operatingIncome": 361000000,
    "operatingIncomeRatio": 0.1161518662,
    "totalOtherIncomeExpensesNet": -49000000,
    "incomeBeforeTax": 312000000,
    "incomeBeforeTaxRatio": 0.1003861004,
    "incomeTaxExpense": -570000000,
    "netIncome": 869000000,
    "netIncomeRatio": 0.2796010296,
    "eps": 1.4,
    "epsdiluted": 1.4,
    "weightedAverageShsOut": 620000000,
    "weightedAverageShsOutDil": 620000000,
    "link": "",
    "finalLink": ""
  },
  {
    "date": "2017-09-30",
    "symbol": "FOX",
    "reportedCurrency": "USD",
    "cik": "0001754301",
    "fillingDate": "2017-09-30",
    "acceptedDate": "2017-09-30 00:00:00",
    "calendarYear": "2018",
    "period": "Q1",
    "revenue": 2188000000,
    "costOfRevenue": 0,
    "grossProfit": 2188000000,
    "grossProfitRatio": 1,
    "researchAndDevelopmentExpenses": 0,
    "generalAndAdministrativeExpenses": 263000000,
    "sellingAndMarketingExpenses": 0,
    "sellingGeneralAndAdministrativeExpenses": 263000000,
    "otherExpenses": 1305000000,
    "operatingExpenses": 1568000000,
    "costAndExpenses": 1568000000,
    "interestIncome": 0,
    "interestExpense": 7000000,
    "depreciationAndAmortization": 41000000,
    "ebitda": 659000000,
    "ebitdaratio": 0.3011882998,
    "operatingIncome": 620000000,
    "operatingIncomeRatio": 0.2833638026,
    "totalOtherIncomeExpensesNet": -9000000,
    "incomeBeforeTax": 611000000,
    "incomeBeforeTaxRatio": 0.279250457,
    "incomeTaxExpense": 211000000,
    "netIncome": 390000000,
    "netIncomeRatio": 0.1782449726,
    "eps": 0.63,
    "epsdiluted": 0.63,
    "weightedAverageShsOut": 620000000,
    "weightedAverageShsOutDil": 620000000,
    "link": "",
    "finalLink": ""
  }
]