[
  {
    "date": "2025-06-30",
    "symbol": "FRT",
    "reportedCurrency": "USD",
    "cik": "0000034903",
    "fillingDate": "2025-08-06",
    "acceptedDate": "2025-08-06 16:11:04",
    "calendarYear": "2025",
    "period": "Q2",
    "revenue": 311523000,
    "costOfRevenue": 98290000,
    "grossProfit": 213233000,
    "grossProfitRatio": 0.6844855757,
    "researchAndDevelopmentExpenses": 0,
    "generalAndAdministrativeExpenses": 11925000,
    "sellingAndMarketingExpenses": 0,
    "sellingGeneralAndAdministrativeExpenses": 11925000,
    "otherExpenses": -1436000,
    "operatingExpenses": 10489000,
    "costAndExpenses": 108779000,
    "interestIncome": 905000,
    "interestExpense": 44598000,
    "depreciationAndAmortization": 89241000,
    "ebitda": 293795000,
    "ebitdaratio": 0.9430924843,
    "operatingIncome": 202744000,
    "operatingIncomeRatio": 0.6508155096,
    "totalOtherIncomeExpensesNet": -42788000,
    "incomeBeforeTax": 159956000,
    "incomeBeforeTaxRatio": 0.5134644954,
    "incomeTaxExpense": 0,
    "netIncome": 155916000,
    "netIncomeRatio": 0.5004959505,
    "eps": 1.78,
    "epsdiluted": 1.78,
    "weightedAverageShsOut": 85969000,
    "weightedAverageShsOutDil": 86611000,
    "link": "https://www.sec.gov/Archives/edgar/data/34903/000003490325000052/0000034903-25-000052-index.htm",
    "finalLink": "https://www.sec.gov/Archives/edgar/data/34903/000003490325000052/frt-20250630.htm"
  },
  {
    "date": "2025-03-31",
    "symbol": "FRT",
    "reportedCurrency": "USD",
    "cik": "0000034903",
    "fillingDate": "2025-05-08",
    "acceptedDate": "2025-05-08 16:17:06",
    "calendarYear": "2025",
    "period": "Q1",
    "revenue": 309154000,
    "costOfRevenue": 104371000,
    "grossProfit": 204783000,
    "grossProfitRatio": 0.6623980282,
    "researchAndDevelopmentExpenses": 0,
    "generalAndAdministrativeExpenses": 10875000,
    "sellingAndMarketingExpenses": 0,
    "sellingGeneralAndAdministrativeExpenses": 10875000,
    "otherExpenses": 85775000,
    "operatingExpenses": 96650000,
    "costAndExpenses": 201021000,
    "interestIncome": 743000,
    "interestExpense": 42475000,
    "depreciationAndAmortization": 86946000,
    "ebitda": 195999000,
    "ebitdaratio": 0.6339850042,
    "operatingIncome": 108133000,
    "operatingIncomeRatio": 0.3497706645,
    "totalOtherIncomeExpensesNet": -41555000,
    "incomeBeforeTax": 66578000,
    "incomeBeforeTaxRatio": 0.2153554539,
    "incomeTaxExpense": 0,
    "netIncome": 63768000,
    "netIncomeRatio": 0.2062661327,
    "eps": 0.72,
    "epsdiluted": 0.72,
    "weightedAverageShsOut": 85472000,
    "weightedAverageShsOutDil": 85472000,
    "link": "https://www.sec.gov/Archives/edgar/data/34903/000003490325000037/0000034903-25-000037-index.htm",
    "finalLink": "https://www.sec.gov/Archives/edgar/data/34903/000003490325000037/frt-20250331.htm"
  },
  {
    "date": "2024-12-31",
    "symbol": "FRT",
    "reportedCurrency": "USD",
    "cik": "0000034903",
    "fillingDate": "2025-02-13",
    "acceptedDate": "2025-02-13 16:13:16",
    "calendarYear": "2024",
    "period": "Q4",
    "revenue": 311444000,
    "costOfRevenue": 101949000,
    "grossProfit": 209495000,
    "grossProfitRatio": 0.6726570427,
    "researchAndDevelopmentExpenses": 0,
    "generalAndAdministrativeExpenses": 14819000,
    "sellingAndMarketingExpenses": 0,
    "sellingGeneralAndAdministrativeExpenses": 14819000,
    "otherExpenses": 85357000,
    "operatingExpenses": 100176000,
    "costAndExpenses": 202125000,
    "interestIncome": 782000,
    "interestExpense": 43234000,
    "depreciationAndAmortization": 87117000,
    "ebitda": 198553000,
    "ebitdaratio": 0.6375239208,
    "operatingIncome": 109319000,
    "operatingIncomeRatio": 0.3510069226,
    "totalOtherIncomeExpensesNet": -41117000,
    "incomeBeforeTax": 68202000,
    "incomeBeforeTaxRatio": 0.2189863988,
    "incomeTaxExpense": 0,
    "netIncome": 65537000,
    "netIncomeRatio": 0.2104294833,
    "eps": 0.75,
    "epsdiluted": 0.75,
    "weightedAverageShsOut": 84685000,
    "weightedAverageShsOutDil": 84692000,
    "link": "https://www.sec.gov/Archives/edgar/data/34903/000003490325000016/0000034903-25-000016-index.htm",
    "finalLink": "https://www.sec.gov/Archives/edgar/data/34903/000003490325000016/frt-20241231.htm"
  },
  {
    "date": "2024-09-30",
    "symbol": "FRT",
    "reportedCurrency": "USD",
    "cik": "0000034903",
    "fillingDate": "2024-10-30",
    "acceptedDate": "2024-10-30 16:08:54",
    "calendarYear": "2024",
    "period": "Q3",
    "revenue": 303633000,
    "costOfRevenue": 99951000,
    "grossProfit": 203682000,
    "grossProfitRatio": 0.6708164132,
    "researchAndDevelopmentExpenses": 0,
    "generalAndAdministrativeExpenses": 10822000,
    "sellingAndMarketingExpenses": 0,
    "sellingGeneralAndAdministrativeExpenses": 10822000,
    "otherExpenses": 87028000,
    "operatingExpenses": 97850000,
    "costAndExpenses": 197801000,
    "interestIncome": 978000,
    "interestExpense": 44237000,
    "depreciationAndAmortization": 87028000,
    "ebitda": 194726000,
    "ebitdaratio": 0.6413202781,
    "operatingIncome": 105832000,
    "operatingIncomeRatio": 0.3485523642,
    "totalOtherIncomeExpensesNet": -42371000,
    "incomeBeforeTax": 63461000,
    "incomeBeforeTaxRatio": 0.2090056087,
    "incomeTaxExpense": 0,
    "netIncome": 60953000,
    "netIncomeRatio": 0.200745637,
    "eps": 0.7,
    "epsdiluted": 0.7,
    "weightedAverageShsOut": 83994000,
    "weightedAverageShsOutDil": 83994000,
    "link": "https://www.sec.gov/Archives/edgar/data/34903/000003490324000069/0000034903-24-000069-index.htm",
    "finalLink": "https://www.sec.gov/Archives/edgar/data/34903/000003490324000069/frt-20240930.htm"
  },
  {
    "date": "2024-06-30",
    "symbol": "FRT",
    "reportedCurrency": "USD",
    "cik": "0000034903",
    "fillingDate": "2024-08-01",
    "acceptedDate": "2024-08-01 16:11:39",
    "calendarYear": "2024",
    "period": "Q2",
    "revenue": 296052000,
    "costOfRevenue": 94180000,
    "grossProfit": 201872000,
    "grossProfitRatio": 0.6818802102,
    "researchAndDevelopmentExpenses": 0,
    "generalAndAdministrativeExpenses": 12092000,
    "sellingAndMarketingExpenses": 0,
    "sellingGeneralAndAdministrativeExpenses": 12092000,
    "otherExpenses": 32769000,
    "operatingExpenses": 44861000,
    "costAndExpenses": 139041000,
    "interestIncome": 1051000,
    "interestExpense": 44312000,
    "depreciationAndAmortization": 85049000,
    "ebitda": 244016000,
    "ebitdaratio": 0.8242335806,
    "operatingIncome": 157011000,
    "operatingIncomeRatio": 0.5303493981,
    "totalOtherIncomeExpensesNet": -42356000,
    "incomeBeforeTax": 114655000,
    "incomeBeforeTaxRatio": 0.3872799373,
    "incomeTaxExpense": 0,
    "netIncome": 111982000,
    "netIncomeRatio": 0.378251118,
    "eps": 1.32,
    "epsdiluted": 1.32,
    "weightedAverageShsOut": 82932000,
    "weightedAverageShsOutDil": 83563000,
    "link": "https://www.sec.gov/Archives/edgar/data/34903/000003490324000056/0000034903-24-000056-index.htm",
    "finalLink": "https://www.sec.gov/Archives/edgar/data/34903/000003490324000056/frt-20240630.htm"
  },
  {
    "date": "2024-03-31",
    "symbol": "FRT",
    "reportedCurrency": "USD",
    "cik": "0000034903",
    "fillingDate": "2024-05-02",
    "acceptedDate": "2024-05-02 16:12:16",
    "calendarYear": "2024",
    "period": "Q1",
    "revenue": 291323000,
    "costOfRevenue": 95719000,
    "grossProfit": 195604000,
    "grossProfitRatio": 0.6714334261,
    "researchAndDevelopmentExpenses": 0,
    "generalAndAdministrativeExpenses": 12006000,
    "sellingAndMarketingExpenses": 0,
    "sellingGeneralAndAdministrativeExpenses": 12006000,
    "otherExpenses": 83404000,
    "operatingExpenses": 95410000,
    "costAndExpenses": 191129000,
    "interestIncome": 1483000,
    "interestExpense": 43693000,
    "depreciationAndAmortization": 83404000,
    "ebitda": 185113000,
    "ebitdaratio": 0.6354218513,
    "operatingIncome": 100194000,
    "operatingIncomeRatio": 0.3439275306,
    "totalOtherIncomeExpensesNet": -42178000,
    "incomeBeforeTax": 58016000,
    "incomeBeforeTaxRatio": 0.1991466517,
    "incomeTaxExpense": 0,
    "netIncome": 56736000,
    "netIncomeRatio": 0.1947529031,
    "eps": 0.66,
    "epsdiluted": 0.66,
    "weightedAverageShsOut": 82605000,
    "weightedAverageShsOutDil": 82605000,
    "link": "https://www.sec.gov/Archives/edgar/data/34903/000003490324000046/0000034903-24-000046-index.htm",
    "finalLink": "https://www.sec.gov/Archives/edgar/data/34903/000003490324000046/frt-20240331.htm"
  },
  {
    "date": "2023-12-31",
    "symbol": "FRT",
    "reportedCurrency": "USD",
    "cik": "0000034903",
    "fillingDate": "2024-02-12",
    "acceptedDate": "2024-02-12 16:14:54",
    "calendarYear": "2023",
    "period": "Q4",
    "revenue": 291812000,
    "costOfRevenue": 95693000,
    "grossProfit": 196119000,
    "grossProfitRatio": 0.6720731156,
    "researchAndDevelopmentExpenses": 0,
    "generalAndAdministrativeExpenses": 13100000,
    "sellingAndMarketingExpenses": 0,
    "sellingGeneralAndAdministrativeExpenses": 13100000,
    "otherExpenses": 74242000,
    "operatingExpenses": 87342000,
    "costAndExpenses": 183035000,
    "interestIncome": 912000,
    "interestExpense": 42974000,
    "depreciationAndAmortization": 82421000,
    "ebitda": 192485000,
    "ebitdaratio": 0.6596198923,
    "operatingIncome": 108777000,
    "operatingIncomeRatio": 0.3727639713,
    "totalOtherIncomeExpensesNet": -41687000,
    "incomeBeforeTax": 67090000,
    "incomeBeforeTaxRatio": 0.2299082971,
    "incomeTaxExpense": 0,
    "netIncome": 64103000,
    "netIncomeRatio": 0.2196722547,
    "eps": 0.76,
    "epsdiluted": 0.76,
    "weightedAverageShsOut": 81617000,
    "weightedAverageShsOutDil": 81617000,
    "link": "https://www.sec.gov/Archives/edgar/data/34903/000003490324000032/0000034903-24-000032-index.htm",
    "finalLink": "https://www.sec.gov/Archives/edgar/data/34903/000003490324000032/frt-20231231.htm"
  },
  {
    "date": "2023-09-30",
    "symbol": "FRT",
    "reportedCurrency": "USD",
    "cik": "0000034903",
    "fillingDate": "2023-11-02",
    "acceptedDate": "2023-11-02 16:11:12",
    "calendarYear": "2023",
    "period": "Q3",
    "revenue": 286604000,
    "costOfRevenue": 91640000,
    "grossProfit": 194964000,
    "grossProfitRatio": 0.6802556838,
    "researchAndDevelopmentExpenses": 0,
    "generalAndAdministrativeExpenses": 13149000,
    "sellingAndMarketingExpenses": 0,
    "sellingGeneralAndAdministrativeExpenses": 13149000,
    "otherExpenses": 81731000,
    "operatingExpenses": 94880000,
    "costAndExpenses": 186520000,
    "interestIncome": 721000,
    "interestExpense": 42726000,
    "depreciationAndAmortization": 81731000,
    "ebitda": 183849000,
    "ebitdaratio": 0.6414739501,
    "operatingIncome": 100084000,
    "operatingIncomeRatio": 0.3492065707,
    "totalOtherIncomeExpensesNet": -40692000,
    "incomeBeforeTax": 59392000,
    "incomeBeforeTaxRatio": 0.2072266961,
    "incomeTaxExpense": 0,
    "netIncome": 57048000,
    "netIncomeRatio": 0.199048164,
    "eps": 0.67,
    "epsdiluted": 0.67,
    "weightedAverageShsOut": 81274000,
    "weightedAverageShsOutDil": 81274000,
    "link": "https://www.sec.gov/Archives/edgar/data/34903/000003490323000064/0000034903-23-000064-index.htm",
    "finalLink": "https://www.sec.gov/Archives/edgar/data/34903/000003490323000064/frt-20230930.htm"
  },
  {
    "date": "2023-06-30",
    "symbol": "FRT",
    "reportedCurrency": "USD",
    "cik": "0000034903",
    "fillingDate": "2023-08-02",
    "acceptedDate": "2023-08-02 16:18:44",
    "calendarYear": "2023",
    "period": "Q2",
    "revenue": 280679000,
    "costOfRevenue": 87991000,
    "grossProfit": 192688000,
    "grossProfitRatio": 0.6865066499,
    "researchAndDevelopmentExpenses": 0,
    "generalAndAdministrativeExpenses": 11913000,
    "sellingAndMarketingExpenses": 0,
    "sellingGeneralAndAdministrativeExpenses": 11913000,
    "otherExpenses": 78974000,
    "operatingExpenses": 90887000,
    "costAndExpenses": 178878000,
    "interestIncome": 2422000,
    "interestExpense": 42884000,
    "depreciationAndAmortization": 78974000,
    "ebitda": 184862000,
    "ebitdaratio": 0.6586242647,
    "operatingIncome": 101801000,
    "operatingIncomeRatio": 0.3626954635,
    "totalOtherIncomeExpensesNet": -38797000,
    "incomeBeforeTax": 63004000,
    "incomeBeforeTaxRatio": 0.2244699461,
    "incomeTaxExpense": 0,
    "netIncome": 60499000,
    "netIncomeRatio": 0.2155451601,
    "eps": 0.72,
    "epsdiluted": 0.72,
    "weightedAverageShsOut": 81214000,
    "weightedAverageShsOutDil": 81214000,
    "link": "https://www.sec.gov/Archives/edgar/data/34903/000003490323000054/0000034903-23-000054-index.htm",
    "finalLink": "https://www.sec.gov/Archives/edgar/data/34903/000003490323000054/frt-20230630.htm"
  },
  {
    "date": "2023-03-31",
    "symbol": "FRT",
    "reportedCurrency": "USD",
    "cik": "0000034903",
    "fillingDate": "2023-05-04",
    "acceptedDate": "2023-05-04 16:13:40",
    "calendarYear": "2023",
    "period": "Q1",
    "revenue": 273059000,
    "costOfRevenue": 87771000,
    "grossProfit": 185288000,
    "grossProfitRatio": 0.6785639734,
    "researchAndDevelopmentExpenses": 0,
    "generalAndAdministrativeExpenses": 12545000,
    "sellingAndMarketingExpenses": 0,
    "sellingGeneralAndAdministrativeExpenses": 12545000,
    "otherExpenses": 76935000,
    "operatingExpenses": 89480000,
    "costAndExpenses": 177251000,
    "interestIncome": 632000,
    "interestExpense": 39225000,
    "depreciationAndAmortization": 78637000,
    "ebitda": 175593000,
    "ebitdaratio": 0.6430588261,
    "operatingIncome": 95808000,
    "operatingIncomeRatio": 0.3508692261,
    "totalOtherIncomeExpensesNet": -38077000,
    "incomeBeforeTax": 57731000,
    "incomeBeforeTaxRatio": 0.2114231723,
    "incomeTaxExpense": 0,
    "netIncome": 55335000,
    "netIncomeRatio": 0.2026485119,
    "eps": 0.65,
    "epsdiluted": 0.65,
    "weightedAverageShsOut": 81141000,
    "weightedAverageShsOutDil": 81141000,
    "link": "https://www.sec.gov/Archives/edgar/data/34903/000003490323000044/0000034903-23-000044-index.htm",
    "finalLink": "https://www.sec.gov/Archives/edgar/data/34903/000003490323000044/frt-20230331.htm"
  },
  {
    "date": "2022-12-31",
    "symbol": "FRT",
    "reportedCurrency": "USD",
    "cik": "0000034903",
    "fillingDate": "2023-02-08",
    "acceptedDate": "2023-02-08 16:13:24",
    "calendarYear": "2022",
    "period": "Q4",
    "revenue": 280057000,
    "costOfRevenue": 95965000,
    "grossProfit": 184092000,
    "grossProfitRatio": 0.6573376134,
    "researchAndDevelopmentExpenses": 0,
    "generalAndAdministrativeExpenses": 13590000,
    "sellingAndMarketingExpenses": 0,
    "sellingGeneralAndAdministrativeExpenses": 13590000,
    "otherExpenses": 15405000,
    "operatingExpenses": 28995000,
    "costAndExpenses": 124960000,
    "interestIncome": 585000,
    "interestExpense": 38282000,
    "depreciationAndAmortization": 79165000,
    "ebitda": 235139000,
    "ebitdaratio": 0.839611222,
    "operatingIncome": 155097000,
    "operatingIncomeRatio": 0.5538051182,
    "totalOtherIncomeExpensesNet": -37405000,
    "incomeBeforeTax": 117692000,
    "incomeBeforeTaxRatio": 0.420243022,
    "incomeTaxExpense": 0,
    "netIncome": 115693000,
    "netIncomeRatio": 0.4131051893,
    "eps": 1.4,
    "epsdiluted": 1.4,
    "weightedAverageShsOut": 80966000,
    "weightedAverageShsOutDil": 80966000,
    "link": "https://www.sec.gov/Archives/edgar/data/34903/000003490323000020/0000034903-23-000020-index.htm",
    "finalLink": "https://www.sec.gov/Archives/edgar/data/34903/000003490323000020/frt-20221231.htm"
  },
  {
    "date": "2022-09-30",
    "symbol": "FRT",
    "reportedCurrency": "USD",
    "cik": "0000034903",
    "fillingDate": "2022-11-03",
    "acceptedDate": "2022-11-03 16:10:45",
    "calendarYear": "2022",
    "period": "Q3",
    "revenue": 273451000,
    "costOfRevenue": 91612000,
    "grossProfit": 181839000,
    "grossProfitRatio": 0.6649783691,
    "researchAndDevelopmentExpenses": 0,
    "generalAndAdministrativeExpenses": 13100000,
    "sellingAndMarketingExpenses": 0,
    "sellingGeneralAndAdministrativeExpenses": 13100000,
    "otherExpenses": -22988000,
    "operatingExpenses": -9888000,
    "costAndExpenses": 81724000,
    "interestIncome": 234000,
    "interestExpense": 35060000,
    "depreciationAndAmortization": 77109000,
    "ebitda": 270943000,
    "ebitdaratio": 0.9908283385,
    "operatingIncome": 191727000,
    "operatingIncomeRatio": 0.7011384124,
    "totalOtherIncomeExpensesNet": -32953000,
    "incomeBeforeTax": 158774000,
    "incomeBeforeTaxRatio": 0.5806305334,
    "incomeTaxExpense": 0,
    "netIncome": 156138000,
    "netIncomeRatio": 0.5709907808,
    "eps": 1.9,
    "epsdiluted": 1.89,
    "weightedAverageShsOut": 80765000,
    "weightedAverageShsOutDil": 81511000,
    "link": "https://www.sec.gov/Archives/edgar/data/34903/000003490322000068/0000034903-22-000068-index.htm",
    "finalLink": "https://www.sec.gov/Archives/edgar/data/34903/000003490322000068/frt-20220930.htm"
  },
  {
    "date": "2022-06-30",
    "symbol": "FRT",
    "reportedCurrency": "USD",
    "cik": "0000034903",
    "fillingDate": "2022-08-04",
    "acceptedDate": "2022-08-04 07:20:39",
    "calendarYear": "2022",
    "period": "Q2",
    "revenue": 264099000,
    "costOfRevenue": 82434000,
    "grossProfit": 181665000,
    "grossProfitRatio": 0.6878670499,
    "researchAndDevelopmentExpenses": 0,
    "generalAndAdministrativeExpenses": 13604000,
    "sellingAndMarketingExpenses": 0,
    "sellingGeneralAndAdministrativeExpenses": 13604000,
    "otherExpenses": 74461000,
    "operatingExpenses": 88065000,
    "costAndExpenses": 170499000,
    "interestIncome": 133000,
    "interestExpense": 32074000,
    "depreciationAndAmortization": 74461000,
    "ebitda": 171002000,
    "ebitdaratio": 0.647492039,
    "operatingIncome": 93600000,
    "operatingIncomeRatio": 0.3544125498,
    "totalOtherIncomeExpensesNet": -29133000,
    "incomeBeforeTax": 64467000,
    "incomeBeforeTaxRatio": 0.2441016437,
    "incomeTaxExpense": 0,
    "netIncome": 61676000,
    "netIncomeRatio": 0.233533637,
    "eps": 0.75,
    "epsdiluted": 0.75,
    "weightedAverageShsOut": 79202000,
    "weightedAverageShsOutDil": 79202000,
    "link": "https://www.sec.gov/Archives/edgar/data/34903/000003490322000056/0000034903-22-000056-index.htm",
    "finalLink": "https://www.sec.gov/Archives/edgar/data/34903/000003490322000056/frt-20220630.htm"
  },
  {
    "date": "2022-03-31",
    "symbol": "FRT",
    "reportedCurrency": "USD",
    "cik": "0000034903",
    "fillingDate": "2022-05-05",
    "acceptedDate": "2022-05-05 07:34:55",
    "calendarYear": "2022",
    "period": "Q1",
    "revenue": 256771000,
    "costOfRevenue": 86771000,
    "grossProfit": 170000000,
    "grossProfitRatio": 0.6620685358,
    "researchAndDevelopmentExpenses": 0,
    "generalAndAdministrativeExpenses": 12342000,
    "sellingAndMarketingExpenses": 0,
    "sellingGeneralAndAdministrativeExpenses": 12342000,
    "otherExpenses": 71674000,
    "operatingExpenses": 84016000,
    "costAndExpenses": 170787000,
    "interestIncome": 120000,
    "interestExpense": 31573000,
    "depreciationAndAmortization": 71674000,
    "ebitda": 157975000,
    "ebitdaratio": 0.6152369232,
    "operatingIncome": 85984000,
    "operatingIncomeRatio": 0.3348664764,
    "totalOtherIncomeExpensesNet": -31256000,
    "incomeBeforeTax": 54728000,
    "incomeBeforeTaxRatio": 0.2131393343,
    "incomeTaxExpense": 0,
    "netIncome": 51984000,
    "netIncomeRatio": 0.2024527692,
    "eps": 0.63,
    "epsdiluted": 0.63,
    "weightedAverageShsOut": 78446000,
    "weightedAverageShsOutDil": 78543000,
    "link": "https://www.sec.gov/Archives/edgar/data/34903/000003490322000043/0000034903-22-000043-index.htm",
    "finalLink": "https://www.sec.gov/Archives/edgar/data/34903/000003490322000043/frt-20220331.htm"
  },
  {
    "date": "2021-12-31",
    "symbol": "FRT",
    "reportedCurrency": "USD",
    "cik": "0000034903",
    "fillingDate": "2022-02-10",
    "acceptedDate": "2022-02-10 16:11:25",
    "calendarYear": "2021",
    "period": "Q4",
    "revenue": 254154000,
    "costOfRevenue": 86871000,
    "grossProfit": 167283000,
    "grossProfitRatio": 0.6581954248,
    "researchAndDevelopmentExpenses": 0,
    "generalAndAdministrativeExpenses": 14499000,
    "sellingAndMarketingExpenses": 0,
    "sellingGeneralAndAdministrativeExpenses": 14499000,
    "otherExpenses": 5294000,
    "operatingExpenses": 19793000,
    "costAndExpenses": 106664000,
    "interestIncome": 108000,
    "interestExpense": 32187000,
    "depreciationAndAmortization": 77816000,
    "ebitda": 226745000,
    "ebitdaratio": 0.892155937,
    "operatingIncome": 147490000,
    "operatingIncomeRatio": 0.5803174453,
    "totalOtherIncomeExpensesNet": -30748000,
    "incomeBeforeTax": 116742000,
    "incomeBeforeTaxRatio": 0.4593356784,
    "incomeTaxExpense": 0,
    "netIncome": 114936000,
    "netIncomeRatio": 0.4522297505,
    "eps": 1.45,
    "epsdiluted": 1.44,
    "weightedAverageShsOut": 77536000,
    "weightedAverageShsOutDil": 78556000,
    "link": "https://www.sec.gov/Archives/edgar/data/34903/000003490322000023/0000034903-22-000023-index.htm",
    "finalLink": "https://www.sec.gov/Archives/edgar/data/34903/000003490322000023/frt-20211231.htm"
  },
  {
    "date": "2021-09-30",
    "symbol": "FRT",
    "reportedCurrency": "USD",
    "cik": "0000034903",
    "fillingDate": "2021-11-04",
    "acceptedDate": "2021-11-04 16:16:28",
    "calendarYear": "2021",
    "period": "Q3",
    "revenue": 247284000,
    "costOfRevenue": 78847000,
    "grossProfit": 168437000,
    "grossProfitRatio": 0.6811479918,
    "researchAndDevelopmentExpenses": 0,
    "generalAndAdministrativeExpenses": 12253000,
    "sellingAndMarketingExpenses": 0,
    "sellingGeneralAndAdministrativeExpenses": 12253000,
    "otherExpenses": 70611000,
    "operatingExpenses": 82864000,
    "costAndExpenses": 161711000,
    "interestIncome": 88000,
    "interestExpense": 32249000,
    "depreciationAndAmortization": 70611000,
    "ebitda": 157401000,
    "ebitdaratio": 0.636519144,
    "operatingIncome": 85573000,
    "operatingIncomeRatio": 0.3460515035,
    "totalOtherIncomeExpensesNet": -31032000,
    "incomeBeforeTax": 54541000,
    "incomeBeforeTaxRatio": 0.2205601656,
    "incomeTaxExpense": 0,
    "netIncome": 52122000,
    "netIncomeRatio": 0.210777891,
    "eps": 0.64,
    "epsdiluted": 0.64,
    "weightedAverageShsOut": 77485000,
    "weightedAverageShsOutDil": 77575000,
    "link": "https://www.sec.gov/Archives/edgar/data/34903/000003490321000076/0000034903-21-000076-index.htm",
    "finalLink": "https://www.sec.gov/Archives/edgar/data/34903/000003490321000076/frt-20210930.htm"
  },
  {
    "date": "2021-06-30",
    "symbol": "FRT",
    "reportedCurrency": "USD",
    "cik": "0000034903",
    "fillingDate": "2021-08-04",
    "acceptedDate": "2021-08-04 16:11:41",
    "calendarYear": "2021",
    "period": "Q2",
    "revenue": 231625000,
    "costOfRevenue": 72241000,
    "grossProfit": 159384000,
    "grossProfitRatio": 0.6881122504,
    "researchAndDevelopmentExpenses": 0,
    "generalAndAdministrativeExpenses": 12846000,
    "sellingAndMarketingExpenses": 0,
    "sellingGeneralAndAdministrativeExpenses": 12846000,
    "otherExpenses": 67675000,
    "operatingExpenses": 80521000,
    "costAndExpenses": 152762000,
    "interestIncome": 250000,
    "interestExpense": 31177000,
    "depreciationAndAmortization": 67675000,
    "ebitda": 146911000,
    "ebitdaratio": 0.6342622774,
    "operatingIncome": 78863000,
    "operatingIncomeRatio": 0.3404770642,
    "totalOtherIncomeExpensesNet": -30804000,
    "incomeBeforeTax": 48059000,
    "incomeBeforeTaxRatio": 0.2074862385,
    "incomeTaxExpense": 0,
    "netIncome": 46204000,
    "netIncomeRatio": 0.1994776039,
    "eps": 0.57,
    "epsdiluted": 0.57,
    "weightedAverageShsOut": 77474000,
    "weightedAverageShsOutDil": 77505000,
    "link": "https://www.sec.gov/Archives/edgar/data/34903/000003490321000060/0000034903-21-000060-index.htm",
    "finalLink": "https://www.sec.gov/Archives/edgar/data/34903/000003490321000060/frt-20210630.htm"
  },
  {
    "date": "2021-03-31",
    "symbol": "FRT",
    "reportedCurrency": "USD",
    "cik": "0000034903",
    "fillingDate": "2021-05-05",
    "acceptedDate": "2021-05-05 16:15:20",
    "calendarYear": "2021",
    "period": "Q1",
    "revenue": 218161000,
    "costOfRevenue": 78658000,
    "grossProfit": 139503000,
    "grossProfitRatio": 0.6394497642,
    "researchAndDevelopmentExpenses": 0,
    "generalAndAdministrativeExpenses": 10258000,
    "sellingAndMarketingExpenses": 0,
    "sellingGeneralAndAdministrativeExpenses": 10258000,
    "otherExpenses": 46446000,
    "operatingExpenses": 56704000,
    "costAndExpenses": 135362000,
    "interestIncome": 363000,
    "interestExpense": 32085000,
    "depreciationAndAmortization": 63874000,
    "ebitda": 145698000,
    "ebitdaratio": 0.6678462237,
    "operatingIncome": 82799000,
    "operatingIncomeRatio": 0.3795316303,
    "totalOtherIncomeExpensesNet": -33060000,
    "incomeBeforeTax": 49739000,
    "incomeBeforeTaxRatio": 0.2279921709,
    "incomeTaxExpense": 0,
    "netIncome": 48236000,
    "netIncomeRatio": 0.2211027636,
    "eps": 0.6,
    "epsdiluted": 0.6,
    "weightedAverageShsOut": 76842000,
    "weightedAverageShsOutDil": 76842000,
    "link": "https://www.sec.gov/Archives/edgar/data/34903/000003490321000049/0000034903-21-000049-index.htm",
    "finalLink": "https://www.sec.gov/Archives/edgar/data/34903/000003490321000049/frt-20210331.htm"
  },
  {
    "date": "2020-12-31",
    "symbol": "FRT",
    "reportedCurrency": "USD",
    "cik": "0000034903",
    "fillingDate": "2021-02-11",
    "acceptedDate": "2021-02-11 16:14:25",
    "calendarYear": "2020",
    "period": "Q4",
    "revenue": 219513000,
    "costOfRevenue": 77418000,
    "grossProfit": 142095000,
    "grossProfitRatio": 0.6473192932,
    "researchAndDevelopmentExpenses": 0,
    "generalAndAdministrativeExpenses": 12307000,
    "sellingAndMarketingExpenses": 0,
    "sellingGeneralAndAdministrativeExpenses": 12307000,
    "otherExpenses": -22011000,
    "operatingExpenses": -9704000,
    "costAndExpenses": 67714000,
    "interestIncome": 539000,
    "interestExpense": 37543000,
    "depreciationAndAmortization": 64424000,
    "ebitda": 204178000,
    "ebitdaratio": 0.9301408117,
    "operatingIncome": 151799000,
    "operatingIncomeRatio": 0.6915262422,
    "totalOtherIncomeExpensesNet": -49588000,
    "incomeBeforeTax": 102211000,
    "incomeBeforeTaxRatio": 0.4656261816,
    "incomeTaxExpense": 0,
    "netIncome": 94725000,
    "netIncomeRatio": 0.4315234177,
    "eps": 0,
    "epsdiluted": 0,
    "weightedAverageShsOut": 75404000,
    "weightedAverageShsOutDil": 75404000,
    "link": "https://www.sec.gov/Archives/edgar/data/34903/000003490321000020/0000034903-21-000020-index.htm",
    "finalLink": "https://www.sec.gov/Archives/edgar/data/34903/000003490321000020/frt-20201231.htm"
  },
  {
    "date": "2020-09-30",
    "symbol": "FRT",
    "reportedCurrency": "USD",
    "cik": "0000034903",
    "fillingDate": "2020-11-05",
    "acceptedDate": "2020-11-05 17:01:32",
    "calendarYear": "2020",
    "period": "Q3",
    "revenue": 208197000,
    "costOfRevenue": 72352000,
    "grossProfit": 135845000,
    "grossProfitRatio": 0.6524829849,
    "researchAndDevelopmentExpenses": 0,
    "generalAndAdministrativeExpenses": 9308000,
    "sellingAndMarketingExpenses": 0,
    "sellingGeneralAndAdministrativeExpenses": 9308000,
    "otherExpenses": 122849000,
    "operatingExpenses": 132157000,
    "costAndExpenses": 204509000,
    "interestIncome": 538000,
    "interestExpense": 36228000,
    "depreciationAndAmortization": 65631000,
    "ebitda": 68236000,
    "ebitdaratio": 0.3277472778,
    "operatingIncome": 3688000,
    "operatingIncomeRatio": 0.017713992,
    "totalOtherIncomeExpensesNet": -37311000,
    "incomeBeforeTax": -33623000,
    "incomeBeforeTaxRatio": -0.161496083,
    "incomeTaxExpense": 0,
    "netIncome": -28289000,
    "netIncomeRatio": -0.1358761173,
    "eps": -0.41,
    "epsdiluted": -0.41,
    "weightedAverageShsOut": 74507317,
    "weightedAverageShsOutDil": 75404000,
    "link": "https://www.sec.gov/Archives/edgar/data/34903/000003490320000041/0000034903-20-000041-index.htm",
    "finalLink": "https://www.sec.gov/Archives/edgar/data/34903/000003490320000041/frt-09302020x10q.htm"
  },
  {
    "date": "2020-06-30",
    "symbol": "FRT",
    "reportedCurrency": "USD",
    "cik": "0000034903",
    "fillingDate": "2020-08-05",
    "acceptedDate": "2020-08-05 16:15:25",
    "calendarYear": "2020",
    "period": "Q2",
    "revenue": 176227000,
    "costOfRevenue": 67016000,
    "grossProfit": 109211000,
    "grossProfitRatio": 0.6197177504,
    "researchAndDevelopmentExpenses": 0,
    "generalAndAdministrativeExpenses": 9814000,
    "sellingAndMarketingExpenses": 0,
    "sellingGeneralAndAdministrativeExpenses": 9814000,
    "otherExpenses": 51102000,
    "operatingExpenses": 60916000,
    "costAndExpenses": 127932000,
    "interestIncome": 509000,
    "interestExpense": 34073000,
    "depreciationAndAmortization": 62784000,
    "ebitda": 107716000,
    "ebitdaratio": 0.6112343738,
    "operatingIncome": 48295000,
    "operatingIncomeRatio": 0.2740499469,
    "totalOtherIncomeExpensesNet": -37436000,
    "incomeBeforeTax": 10859000,
    "incomeBeforeTaxRatio": 0.0616193886,
    "incomeTaxExpense": 0,
    "netIncome": 10507000,
    "netIncomeRatio": 0.0596219649,
    "eps": 0.11,
    "epsdiluted": 0.11,
    "weightedAverageShsOut": 75394000,
    "weightedAverageShsOutDil": 75394000,
    "link": "https://www.sec.gov/Archives/edgar/data/34903/000003490320000031/0000034903-20-000031-index.htm",
    "finalLink": "https://www.sec.gov/Archives/edgar/data/34903/000003490320000031/frt-06302020x10q.htm"
  },
  {
    "date": "2020-03-31",
    "symbol": "FRT",
    "reportedCurrency": "USD",
    "cik": "0000034903",
    "fillingDate": "2020-05-06",
    "acceptedDate": "2020-05-06 16:24:48",
    "calendarYear": "2020",
    "period": "Q1",
    "revenue": 231557000,
    "costOfRevenue": 73376000,
    "grossProfit": 158181000,
    "grossProfitRatio": 0.6831190592,
    "researchAndDevelopmentExpenses": 0,
    "generalAndAdministrativeExpenses": 10251000,
    "sellingAndMarketingExpenses": 0,
    "sellingGeneralAndAdministrativeExpenses": 10251000,
    "otherExpenses": 62188000,
    "operatingExpenses": 72439000,
    "costAndExpenses": 145815000,
    "interestIncome": 308000,
    "interestExpense": 28445000,
    "depreciationAndAmortization": 62188000,
    "ebitda": 147074000,
    "ebitdaratio": 0.6351524679,
    "operatingIncome": 85742000,
    "operatingIncomeRatio": 0.3702846383,
    "totalOtherIncomeExpensesNet": -29301000,
    "incomeBeforeTax": 56441000,
    "incomeBeforeTaxRatio": 0.2437456004,
    "incomeTaxExpense": 0,
    "netIncome": 54763000,
    "netIncomeRatio": 0.2364990046,
    "eps": 0.7,
    "epsdiluted": 0.7,
    "weightedAverageShsOut": 75360000,
    "weightedAverageShsOutDil": 75360000,
    "link": "https://www.sec.gov/Archives/edgar/data/34903/000003490320000021/0000034903-20-000021-index.htm",
    "finalLink": "https://www.sec.gov/Archives/edgar/data/34903/000003490320000021/frt-03312020x10q.htm"
  },
  {
    "date": "2019-12-31",
    "symbol": "FRT",
    "reportedCurrency": "USD",
    "cik": "0000034903",
    "fillingDate": "2020-02-10",
    "acceptedDate": "2020-02-10 16:16:11",
    "calendarYear": "2019",
    "period": "Q4",
    "revenue": 239149000,
    "costOfRevenue": 76693000,
    "grossProfit": 162456000,
    "grossProfitRatio": 0.6793087155,
    "researchAndDevelopmentExpenses": 0,
    "generalAndAdministrativeExpenses": 10707000,
    "sellingAndMarketingExpenses": 0,
    "sellingGeneralAndAdministrativeExpenses": 10707000,
    "otherExpenses": -24472000,
    "operatingExpenses": -13765000,
    "costAndExpenses": 62928000,
    "interestIncome": 511000,
    "interestExpense": 27056000,
    "depreciationAndAmortization": 61431000,
    "ebitda": 237453000,
    "ebitdaratio": 0.9929081869,
    "operatingIncome": 176221000,
    "operatingIncomeRatio": 0.7368669741,
    "totalOtherIncomeExpensesNet": -27255000,
    "incomeBeforeTax": 148966000,
    "incomeBeforeTaxRatio": 0.6229003676,
    "incomeTaxExpense": 0,
    "netIncome": 147355000,
    "netIncomeRatio": 0.6161639815,
    "eps": 1.92,
    "epsdiluted": 1.92,
    "weightedAverageShsOut": 75305000,
    "weightedAverageShsOutDil": 75305000,
    "link": "https://www.sec.gov/Archives/edgar/data/34903/000003490320000008/0000034903-20-000008-index.htm",
    "finalLink": "https://www.sec.gov/Archives/edgar/data/34903/000003490320000008/frt-1231201910k.htm"
  },
  {
    "date": "2019-09-30",
    "symbol": "FRT",
    "reportedCurrency": "USD",
    "cik": "0000034903",
    "fillingDate": "2019-10-30",
    "acceptedDate": "2019-10-30 16:14:36",
    "calendarYear": "2019",
    "period": "Q3",
    "revenue": 233947000,
    "costOfRevenue": 83514000,
    "grossProfit": 150433000,
    "grossProfitRatio": 0.64302171,
    "researchAndDevelopmentExpenses": 0,
    "generalAndAdministrativeExpenses": 11060000,
    "sellingAndMarketingExpenses": 0,
    "sellingGeneralAndAdministrativeExpenses": 11060000,
    "otherExpenses": 45355000,
    "operatingExpenses": 56415000,
    "costAndExpenses": 139929000,
    "interestIncome": 389000,
    "interestExpense": 27052000,
    "depreciationAndAmortization": 59648000,
    "ebitda": 153806000,
    "ebitdaratio": 0.6574395055,
    "operatingIncome": 94018000,
    "operatingIncomeRatio": 0.4018773483,
    "totalOtherIncomeExpensesNet": -26912000,
    "incomeBeforeTax": 67106000,
    "incomeBeforeTaxRatio": 0.2868427464,
    "incomeTaxExpense": 0,
    "netIncome": 65465000,
    "netIncomeRatio": 0.2798283372,
    "eps": 0.84,
    "epsdiluted": 0.84,
    "weightedAverageShsOut": 74832000,
    "weightedAverageShsOutDil": 74832000,
    "link": "https://www.sec.gov/Archives/edgar/data/34903/000003490319000042/0000034903-19-000042-index.htm",
    "finalLink": "https://www.sec.gov/Archives/edgar/data/34903/000003490319000042/frt-09302019x10q.htm"
  },
  {
    "date": "2019-06-30",
    "symbol": "FRT",
    "reportedCurrency": "USD",
    "cik": "0000034903",
    "fillingDate": "2019-08-01",
    "acceptedDate": "2019-08-01 16:17:52",
    "calendarYear": "2019",
    "period": "Q2",
    "revenue": 230465000,
    "costOfRevenue": 66604000,
    "grossProfit": 163861000,
    "grossProfitRatio": 0.7110016705,
    "researchAndDevelopmentExpenses": 0,
    "generalAndAdministrativeExpenses": 11422000,
    "sellingAndMarketingExpenses": 0,
    "sellingGeneralAndAdministrativeExpenses": 11422000,
    "otherExpenses": 42860000,
    "operatingExpenses": 54282000,
    "costAndExpenses": 120886000,
    "interestIncome": 189000,
    "interestExpense": 27482000,
    "depreciationAndAmortization": 59057000,
    "ebitda": 169206000,
    "ebitdaratio": 0.7341939123,
    "operatingIncome": 109579000,
    "operatingIncomeRatio": 0.4754691602,
    "totalOtherIncomeExpensesNet": -26912000,
    "incomeBeforeTax": 82667000,
    "incomeBeforeTaxRatio": 0.3586965483,
    "incomeTaxExpense": 0,
    "netIncome": 80902000,
    "netIncomeRatio": 0.3510381186,
    "eps": 1.05,
    "epsdiluted": 1.05,
    "weightedAverageShsOut": 74713000,
    "weightedAverageShsOutDil": 74713000,
    "link": "https://www.sec.gov/Archives/edgar/data/34903/000003490319000035/0000034903-19-000035-index.htm",
    "finalLink": "https://www.sec.gov/Archives/edgar/data/34903/000003490319000035/frt-06302019x10q.htm"
  },
  {
    "date": "2019-03-31",
    "symbol": "FRT",
    "reportedCurrency": "USD",
    "cik": "0000034903",
    "fillingDate": "2019-05-02",
    "acceptedDate": "2019-05-02 16:26:34",
    "calendarYear": "2019",
    "period": "Q1",
    "revenue": 232227000,
    "costOfRevenue": 71947000,
    "grossProfit": 160280000,
    "grossProfitRatio": 0.6901867569,
    "researchAndDevelopmentExpenses": 0,
    "generalAndAdministrativeExpenses": 9565000,
    "sellingAndMarketingExpenses": 0,
    "sellingGeneralAndAdministrativeExpenses": 9565000,
    "otherExpenses": 59622000,
    "operatingExpenses": 69187000,
    "costAndExpenses": 141134000,
    "interestIncome": 177000,
    "interestExpense": 28033000,
    "depreciationAndAmortization": 59622000,
    "ebitda": 149458000,
    "ebitdaratio": 0.6435858018,
    "operatingIncome": 91093000,
    "operatingIncomeRatio": 0.3922584368,
    "totalOtherIncomeExpensesNet": -29290000,
    "incomeBeforeTax": 61803000,
    "incomeBeforeTaxRatio": 0.2661318451,
    "incomeTaxExpense": 0,
    "netIncome": 60144000,
    "netIncomeRatio": 0.258987973,
    "eps": 0.78,
    "epsdiluted": 0.78,
    "weightedAverageShsOut": 74200000,
    "weightedAverageShsOutDil": 74200000,
    "link": "https://www.sec.gov/Archives/edgar/data/34903/000003490319000021/0000034903-19-000021-index.htm",
    "finalLink": "https://www.sec.gov/Archives/edgar/data/34903/000003490319000021/frt-03312019x10q.htm"
  },
  {
    "date": "2018-12-31",
    "symbol": "FRT",
    "reportedCurrency": "USD",
    "cik": "0000034903",
    "fillingDate": "2019-02-13",
    "acceptedDate": "2019-02-13 16:19:29",
    "calendarYear": "2018",
    "period": "Q4",
    "revenue": 235376000,
    "costOfRevenue": 75442000,
    "grossProfit": 159934000,
    "grossProfitRatio": 0.6794830399,
    "researchAndDevelopmentExpenses": 0,
    "generalAndAdministrativeExpenses": 9620000,
    "sellingAndMarketingExpenses": 0,
    "sellingGeneralAndAdministrativeExpenses": 9620000,
    "otherExpenses": 66976000,
    "operatingExpenses": 76596000,
    "costAndExpenses": 152038000,
    "interestIncome": 285000,
    "interestExpense": 28038000,
    "depreciationAndAmortization": 66976000,
    "ebitda": 149894000,
    "ebitdaratio": 0.6368278839,
    "operatingIncome": 83338000,
    "operatingIncomeRatio": 0.354063286,
    "totalOtherIncomeExpensesNet": -28458000,
    "incomeBeforeTax": 54880000,
    "incomeBeforeTaxRatio": 0.2331588607,
    "incomeTaxExpense": 0,
    "netIncome": 54507000,
    "netIncomeRatio": 0.2315741622,
    "eps": 0.71,
    "epsdiluted": 0.71,
    "weightedAverageShsOut": 73790000,
    "weightedAverageShsOutDil": 73796000,
    "link": "https://www.sec.gov/Archives/edgar/data/34903/000003490319000013/0000034903-19-000013-index.htm",
    "finalLink": "https://www.sec.gov/Archives/edgar/data/34903/000003490319000013/frt-1231201810k.htm"
  },
  {
    "date": "2018-09-30",
    "symbol": "FRT",
    "reportedCurrency": "USD",
    "cik": "0000034903",
    "fillingDate": "2018-10-31",
    "acceptedDate": "2018-10-31 16:16:39",
    "calendarYear": "2018",
    "period": "Q3",
    "revenue": 229753000,
    "costOfRevenue": 70995000,
    "grossProfit": 158758000,
    "grossProfitRatio": 0.6909942416,
    "researchAndDevelopmentExpenses": 0,
    "generalAndAdministrativeExpenses": 7638000,
    "sellingAndMarketingExpenses": 0,
    "sellingGeneralAndAdministrativeExpenses": 7638000,
    "otherExpenses": 57653000,
    "operatingExpenses": 65291000,
    "costAndExpenses": 136286000,
    "interestIncome": 319000,
    "interestExpense": 28166000,
    "depreciationAndAmortization": 60778000,
    "ebitda": 153124000,
    "ebitdaratio": 0.666472255,
    "operatingIncome": 93467000,
    "operatingIncomeRatio": 0.406815145,
    "totalOtherIncomeExpensesNet": -29287000,
    "incomeBeforeTax": 64180000,
    "incomeBeforeTaxRatio": 0.2793434689,
    "incomeTaxExpense": 0,
    "netIncome": 62558000,
    "netIncomeRatio": 0.2722837134,
    "eps": 0.82,
    "epsdiluted": 0.82,
    "weightedAverageShsOut": 73400000,
    "weightedAverageShsOutDil": 73408000,
    "link": "https://www.sec.gov/Archives/edgar/data/34903/000003490318000030/0000034903-18-000030-index.htm",
    "finalLink": "https://www.sec.gov/Archives/edgar/data/34903/000003490318000030/frt-09302018x10q.htm"
  },
  {
    "date": "2018-06-30",
    "symbol": "FRT",
    "reportedCurrency": "USD",
    "cik": "0000034903",
    "fillingDate": "2018-08-01",
    "acceptedDate": "2018-08-01 16:25:21",
    "calendarYear": "2018",
    "period": "Q2",
    "revenue": 224902000,
    "costOfRevenue": 68212000,
    "grossProfit": 156690000,
    "grossProfitRatio": 0.6967034531,
    "researchAndDevelopmentExpenses": 0,
    "generalAndAdministrativeExpenses": 8413000,
    "sellingAndMarketingExpenses": 0,
    "sellingGeneralAndAdministrativeExpenses": 8413000,
    "otherExpenses": 54409000,
    "operatingExpenses": 62822000,
    "costAndExpenses": 131034000,
    "interestIncome": 159000,
    "interestExpense": 27766000,
    "depreciationAndAmortization": 58381000,
    "ebitda": 147708000,
    "ebitdaratio": 0.6567660581,
    "operatingIncome": 93868000,
    "operatingIncomeRatio": 0.4173729002,
    "totalOtherIncomeExpensesNet": -28335000,
    "incomeBeforeTax": 61561000,
    "incomeBeforeTaxRatio": 0.2737236663,
    "incomeTaxExpense": 0,
    "netIncome": 63595000,
    "netIncomeRatio": 0.2827676054,
    "eps": 0.84,
    "epsdiluted": 0.84,
    "weightedAverageShsOut": 72990000,
    "weightedAverageShsOutDil": 73025000,
    "link": "https://www.sec.gov/Archives/edgar/data/34903/000003490318000024/0000034903-18-000024-index.htm",
    "finalLink": "https://www.sec.gov/Archives/edgar/data/34903/000003490318000024/frt-06302018x10q.htm"
  },
  {
    "date": "2018-03-31",
    "symbol": "FRT",
    "reportedCurrency": "USD",
    "cik": "0000034903",
    "fillingDate": "2018-05-02",
    "acceptedDate": "2018-05-02 16:26:27",
    "calendarYear": "2018",
    "period": "Q1",
    "revenue": 225405000,
    "costOfRevenue": 73221000,
    "grossProfit": 152184000,
    "grossProfitRatio": 0.6751580488,
    "researchAndDevelopmentExpenses": 0,
    "generalAndAdministrativeExpenses": 7929000,
    "sellingAndMarketingExpenses": 0,
    "sellingGeneralAndAdministrativeExpenses": 7929000,
    "otherExpenses": 54794000,
    "operatingExpenses": 62723000,
    "costAndExpenses": 135944000,
    "interestIncome": 179000,
    "interestExpense": 26184000,
    "depreciationAndAmortization": 58110000,
    "ebitda": 143909000,
    "ebitdaratio": 0.6384463521,
    "operatingIncome": 89461000,
    "operatingIncomeRatio": 0.3968900424,
    "totalOtherIncomeExpensesNet": -26530000,
    "incomeBeforeTax": 59615000,
    "incomeBeforeTaxRatio": 0.2644794925,
    "incomeTaxExpense": 0,
    "netIncome": 61247000,
    "netIncomeRatio": 0.2717197933,
    "eps": 0.81,
    "epsdiluted": 0.81,
    "weightedAverageShsOut": 72905000,
    "weightedAverageShsOutDil": 72968000,
    "link": "https://www.sec.gov/Archives/edgar/data/34903/000003490318000016/0000034903-18-000016-index.htm",
    "finalLink": "https://www.sec.gov/Archives/edgar/data/34903/000003490318000016/frt-03312018x10q.htm"
  },
  {
    "date": "2017-12-31",
    "symbol": "FRT",
    "reportedCurrency": "USD",
    "cik": "0000034903",
    "fillingDate": "2018-02-13",
    "acceptedDate": "2018-02-13 16:27:50",
    "calendarYear": "2017",
    "period": "Q4",
    "revenue": 223957000,
    "costOfRevenue": 74138000,
    "grossProfit": 149819000,
    "grossProfitRatio": 0.6689632385,
    "researchAndDevelopmentExpenses": 0,
    "generalAndAdministrativeExpenses": 10268000,
    "sellingAndMarketingExpenses": 0,
    "sellingGeneralAndAdministrativeExpenses": 10268000,
    "otherExpenses": 56394000,
    "operatingExpenses": 66662000,
    "costAndExpenses": 140800000,
    "interestIncome": 222000,
    "interestExpense": 26173000,
    "depreciationAndAmortization": 56394000,
    "ebitda": 127379000,
    "ebitdaratio": 0.5687654327,
    "operatingIncome": 83157000,
    "operatingIncomeRatio": 0.371307885,
    "totalOtherIncomeExpensesNet": -38345000,
    "incomeBeforeTax": 44812000,
    "incomeBeforeTaxRatio": 0.2000919819,
    "incomeTaxExpense": 0,
    "netIncome": 50656000,
    "netIncomeRatio": 0.2261862768,
    "eps": 0.67,
    "epsdiluted": 0.67,
    "weightedAverageShsOut": 72515000,
    "weightedAverageShsOutDil": 72598000,
    "link": "https://www.sec.gov/Archives/edgar/data/34903/000003490318000009/0000034903-18-000009-index.htm",
    "finalLink": "https://www.sec.gov/Archives/edgar/data/34903/000003490318000009/frt-1231201710k.htm"
  },
  {
    "date": "2017-09-30",
    "symbol": "FRT",
    "reportedCurrency": "USD",
    "cik": "0000034903",
    "fillingDate": "2017-11-02",
    "acceptedDate": "2017-11-01 18:10:01",
    "calendarYear": "2017",
    "period": "Q3",
    "revenue": 217953000,
    "costOfRevenue": 68742000,
    "grossProfit": 149211000,
    "grossProfitRatio": 0.6846017261,
    "researchAndDevelopmentExpenses": 0,
    "generalAndAdministrativeExpenses": 9103000,
    "sellingAndMarketingExpenses": 0,
    "sellingGeneralAndAdministrativeExpenses": 9103000,
    "otherExpenses": 55611000,
    "operatingExpenses": 64714000,
    "costAndExpenses": 133456000,
    "interestIncome": 79000,
    "interestExpense": 26287000,
    "depreciationAndAmortization": 55611000,
    "ebitda": 140005000,
    "ebitdaratio": 0.6423632618,
    "operatingIncome": 84497000,
    "operatingIncomeRatio": 0.3876845008,
    "totalOtherIncomeExpensesNet": -26390000,
    "incomeBeforeTax": 58107000,
    "incomeBeforeTaxRatio": 0.2666033503,
    "incomeTaxExpense": 0,
    "netIncome": 106777000,
    "netIncomeRatio": 0.4899083747,
    "eps": 1.47,
    "epsdiluted": 1.47,
    "weightedAverageShsOut": 72091000,
    "weightedAverageShsOutDil": 72206000,
    "link": "https://www.sec.gov/Archives/edgar/data/34903/000003490317000035/0000034903-17-000035-index.htm",
    "finalLink": "https://www.sec.gov/Archives/edgar/data/34903/000003490317000035/frt-09302017x10q.htm"
  },
  {
    "date": "2017-06-30",
    "symbol": "FRT",
    "reportedCurrency": "USD",
    "cik": "0000034903",
    "fillingDate": "2017-08-02",
    "acceptedDate": "2017-08-02 16:29:08",
    "calendarYear": "2017",
    "period": "Q2",
    "revenue": 208049000,
    "costOfRevenue": 63650000,
    "grossProfit": 144399000,
    "grossProfitRatio": 0.6940624564,
    "researchAndDevelopmentExpenses": 0,
    "generalAndAdministrativeExpenses": 8643000,
    "sellingAndMarketingExpenses": 0,
    "sellingGeneralAndAdministrativeExpenses": 8643000,
    "otherExpenses": 52666000,
    "operatingExpenses": 61309000,
    "costAndExpenses": 124959000,
    "interestIncome": 68000,
    "interestExpense": 23907000,
    "depreciationAndAmortization": 52666000,
    "ebitda": 135710000,
    "ebitdaratio": 0.6522982567,
    "operatingIncome": 83090000,
    "operatingIncomeRatio": 0.3993770698,
    "totalOtherIncomeExpensesNet": -23953000,
    "incomeBeforeTax": 59137000,
    "incomeBeforeTaxRatio": 0.2842455383,
    "incomeTaxExpense": 0,
    "netIncome": 76291000,
    "netIncomeRatio": 0.3666972684,
    "eps": 1.05,
    "epsdiluted": 1.05,
    "weightedAverageShsOut": 72001000,
    "weightedAverageShsOutDil": 72124000,
    "link": "https://www.sec.gov/Archives/edgar/data/34903/000003490317000025/0000034903-17-000025-index.htm",
    "finalLink": "https://www.sec.gov/Archives/edgar/data/34903/000003490317000025/frt-06302017x10qxprimestor.htm"
  },
  {
    "date": "2017-03-31",
    "symbol": "FRT",
    "reportedCurrency": "USD",
    "cik": "0000034903",
    "fillingDate": "2017-05-03",
    "acceptedDate": "2017-05-03 16:13:25",
    "calendarYear": "2017",
    "period": "Q1",
    "revenue": 207389000,
    "costOfRevenue": 66199000,
    "grossProfit": 141190000,
    "grossProfitRatio": 0.6807979208,
    "researchAndDevelopmentExpenses": 0,
    "generalAndAdministrativeExpenses": 8267000,
    "sellingAndMarketingExpenses": 0,
    "sellingGeneralAndAdministrativeExpenses": 8267000,
    "otherExpenses": 51379000,
    "operatingExpenses": 59646000,
    "costAndExpenses": 125845000,
    "interestIncome": 106000,
    "interestExpense": 23758000,
    "depreciationAndAmortization": 51379000,
    "ebitda": 133029000,
    "ebitdaratio": 0.6414467498,
    "operatingIncome": 81544000,
    "operatingIncomeRatio": 0.3931934673,
    "totalOtherIncomeExpensesNet": -23652000,
    "incomeBeforeTax": 57892000,
    "incomeBeforeTaxRatio": 0.2791469171,
    "incomeTaxExpense": 0,
    "netIncome": 56190000,
    "netIncomeRatio": 0.2709401174,
    "eps": 0.78,
    "epsdiluted": 0.78,
    "weightedAverageShsOut": 71862000,
    "weightedAverageShsOutDil": 72005000,
    "link": "https://www.sec.gov/Archives/edgar/data/34903/000003490317000014/0000034903-17-000014-index.htm",
    "finalLink": "https://www.sec.gov/Archives/edgar/data/34903/000003490317000014/frt-03312017x10q.htm"
  },
  {
    "date": "2016-12-31",
    "symbol": "FRT",
    "reportedCurrency": "USD",
    "cik": "0000034903",
    "fillingDate": "2017-02-13",
    "acceptedDate": "2017-02-13 16:19:07",
    "calendarYear": "2016",
    "period": "Q4",
    "revenue": 204109000,
    "costOfRevenue": 64063000,
    "grossProfit": 140046000,
    "grossProfitRatio": 0.6861333895,
    "researchAndDevelopmentExpenses": 0,
    "generalAndAdministrativeExpenses": 8121000,
    "sellingAndMarketingExpenses": 0,
    "sellingGeneralAndAdministrativeExpenses": 8121000,
    "otherExpenses": 48448000,
    "operatingExpenses": 56569000,
    "costAndExpenses": 120632000,
    "interestIncome": 89000,
    "interestExpense": 23851000,
    "depreciationAndAmortization": 48448000,
    "ebitda": 132023000,
    "ebitdaratio": 0.6468259606,
    "operatingIncome": 83477000,
    "operatingIncomeRatio": 0.4089824555,
    "totalOtherIncomeExpensesNet": -23753000,
    "incomeBeforeTax": 59724000,
    "incomeBeforeTaxRatio": 0.2926083612,
    "incomeTaxExpense": 0,
    "netIncome": 58037000,
    "netIncomeRatio": 0.2843431696,
    "eps": 0.81,
    "epsdiluted": 0.8,
    "weightedAverageShsOut": 71628000,
    "weightedAverageShsOutDil": 71785000,
    "link": "https://www.sec.gov/Archives/edgar/data/34903/000003490317000008/0000034903-17-000008-index.htm",
    "finalLink": "https://www.sec.gov/Archives/edgar/data/34903/000003490317000008/frt-1231201610k.htm"
  },
  {
    "date": "2016-09-30",
    "symbol": "FRT",
    "reportedCurrency": "USD",
    "cik": "0000034903",
    "fillingDate": "2016-11-02",
    "acceptedDate": "2016-11-02 16:39:39",
    "calendarYear": "2016",
    "period": "Q3",
    "revenue": 201157000,
    "costOfRevenue": 63561000,
    "grossProfit": 137596000,
    "grossProfitRatio": 0.6840229274,
    "researchAndDevelopmentExpenses": 0,
    "generalAndAdministrativeExpenses": 8232000,
    "sellingAndMarketingExpenses": 0,
    "sellingGeneralAndAdministrativeExpenses": 8232000,
    "otherExpenses": 48903000,
    "operatingExpenses": 57135000,
    "costAndExpenses": 120696000,
    "interestIncome": 105000,
    "interestExpense": 24313000,
    "depreciationAndAmortization": 48903000,
    "ebitda": 129469000,
    "ebitdaratio": 0.6436216488,
    "operatingIncome": 80461000,
    "operatingIncomeRatio": 0.3999910518,
    "totalOtherIncomeExpensesNet": -24208000,
    "incomeBeforeTax": 56253000,
    "incomeBeforeTaxRatio": 0.2796472407,
    "incomeTaxExpense": 0,
    "netIncome": 58977000,
    "netIncomeRatio": 0.2931889022,
    "eps": 0.82,
    "epsdiluted": 0.82,
    "weightedAverageShsOut": 71319000,
    "weightedAverageShsOutDil": 71489000,
    "link": "https://www.sec.gov/Archives/edgar/data/34903/000003490316000072/0000034903-16-000072-index.htm",
    "finalLink": "https://www.sec.gov/Archives/edgar/data/34903/000003490316000072/frt-09302016x10q2.htm"
  },
  {
    "date": "2016-06-30",
    "symbol": "FRT",
    "reportedCurrency": "USD",
    "cik": "0000034903",
    "fillingDate": "2016-08-04",
    "acceptedDate": "2016-08-04 16:18:53",
    "calendarYear": "2016",
    "period": "Q2",
    "revenue": 197981000,
    "costOfRevenue": 60375000,
    "grossProfit": 137606000,
    "grossProfitRatio": 0.6950464944,
    "researchAndDevelopmentExpenses": 0,
    "generalAndAdministrativeExpenses": 9036000,
    "sellingAndMarketingExpenses": 0,
    "sellingGeneralAndAdministrativeExpenses": 9036000,
    "otherExpenses": 48435000,
    "operatingExpenses": 57471000,
    "costAndExpenses": 117846000,
    "interestIncome": 77000,
    "interestExpense": 23101000,
    "depreciationAndAmortization": 48435000,
    "ebitda": 128647000,
    "ebitdaratio": 0.6497946773,
    "operatingIncome": 80135000,
    "operatingIncomeRatio": 0.4047610629,
    "totalOtherIncomeExpensesNet": -23024000,
    "incomeBeforeTax": 57111000,
    "incomeBeforeTaxRatio": 0.2884670751,
    "incomeTaxExpense": 0,
    "netIncome": 55941000,
    "netIncomeRatio": 0.2825574171,
    "eps": 0.79,
    "epsdiluted": 0.78,
    "weightedAverageShsOut": 70797000,
    "weightedAverageShsOutDil": 70974000,
    "link": "https://www.sec.gov/Archives/edgar/data/34903/000003490316000066/0000034903-16-000066-index.htm",
    "finalLink": "https://www.sec.gov/Archives/edgar/data/34903/000003490316000066/frt-06302016x10q.htm"
  },
  {
    "date": "2016-03-31",
    "symbol": "FRT",
    "reportedCurrency": "USD",
    "cik": "0000034903",
    "fillingDate": "2016-05-04",
    "acceptedDate": "2016-05-04 16:24:20",
    "calendarYear": "2016",
    "period": "Q1",
    "revenue": 198344000,
    "costOfRevenue": 65613000,
    "grossProfit": 132731000,
    "grossProfitRatio": 0.6691959424,
    "researchAndDevelopmentExpenses": 0,
    "generalAndAdministrativeExpenses": 8010000,
    "sellingAndMarketingExpenses": 0,
    "sellingGeneralAndAdministrativeExpenses": 8010000,
    "otherExpenses": 47799000,
    "operatingExpenses": 55809000,
    "costAndExpenses": 121422000,
    "interestIncome": 103000,
    "interestExpense": 23729000,
    "depreciationAndAmortization": 47799000,
    "ebitda": 124865000,
    "ebitdaratio": 0.6295375711,
    "operatingIncome": 76922000,
    "operatingIncomeRatio": 0.3878211592,
    "totalOtherIncomeExpensesNet": 2141000,
    "incomeBeforeTax": 53337000,
    "incomeBeforeTaxRatio": 0.2689115879,
    "incomeTaxExpense": 0,
    "netIncome": 76955000,
    "netIncomeRatio": 0.3879875368,
    "eps": 1.1,
    "epsdiluted": 1.1,
    "weightedAverageShsOut": 69771000,
    "weightedAverageShsOutDil": 69957000,
    "link": "https://www.sec.gov/Archives/edgar/data/34903/000003490316000058/0000034903-16-000058-index.htm",
    "finalLink": "https://www.sec.gov/Archives/edgar/data/34903/000003490316000058/frt-03312016x10q.htm"
  },
  {
    "date": "2015-12-31",
    "symbol": "FRT",
    "reportedCurrency": "USD",
    "cik": "0000034903",
    "fillingDate": "2016-02-09",
    "acceptedDate": "2016-02-09 16:23:43",
    "calendarYear": "2015",
    "period": "Q4",
    "revenue": 192507000,
    "costOfRevenue": 62051000,
    "grossProfit": 130456000,
    "grossProfitRatio": 0.677668864,
    "researchAndDevelopmentExpenses": 0,
    "generalAndAdministrativeExpenses": 8119000,
    "sellingAndMarketingExpenses": 0,
    "sellingGeneralAndAdministrativeExpenses": 8119000,
    "otherExpenses": 46423000,
    "operatingExpenses": 54542000,
    "costAndExpenses": 116593000,
    "interestIncome": 40000,
    "interestExpense": 23207000,
    "depreciationAndAmortization": 46423000,
    "ebitda": 122807000,
    "ebitdaratio": 0.6379352439,
    "operatingIncome": 75914000,
    "operatingIncomeRatio": 0.3943441018,
    "totalOtherIncomeExpensesNet": -22737000,
    "incomeBeforeTax": 53177000,
    "incomeBeforeTaxRatio": 0.276234111,
    "incomeTaxExpense": 0,
    "netIncome": 67954000,
    "netIncomeRatio": 0.352994956,
    "eps": 0,
    "epsdiluted": 0,
    "weightedAverageShsOut": 69277000,
    "weightedAverageShsOutDil": 69771000,
    "link": "https://www.sec.gov/Archives/edgar/data/34903/000003490316000045/0000034903-16-000045-index.htm",
    "finalLink": "https://www.sec.gov/Archives/edgar/data/34903/000003490316000045/frt-1231201510k.htm"
  },
  {
    "date": "2015-09-30",
    "symbol": "FRT",
    "reportedCurrency": "USD",
    "cik": "0000034903",
    "fillingDate": "2015-11-04",
    "acceptedDate": "2015-11-04 16:36:32",
    "calendarYear": "2015",
    "period": "Q3",
    "revenue": 185252000,
    "costOfRevenue": 56243000,
    "grossProfit": 129009000,
    "grossProfitRatio": 0.6963973398,
    "researchAndDevelopmentExpenses": 0,
    "generalAndAdministrativeExpenses": 9374000,
    "sellingAndMarketingExpenses": 0,
    "sellingGeneralAndAdministrativeExpenses": 9374000,
    "otherExpenses": 43718000,
    "operatingExpenses": 53092000,
    "costAndExpenses": 109335000,
    "interestIncome": 6000,
    "interestExpense": 21733000,
    "depreciationAndAmortization": 43718000,
    "ebitda": 120001000,
    "ebitdaratio": 0.647771684,
    "operatingIncome": 75917000,
    "operatingIncomeRatio": 0.4098039427,
    "totalOtherIncomeExpensesNet": -21367000,
    "incomeBeforeTax": 54550000,
    "incomeBeforeTaxRatio": 0.2944637575,
    "incomeTaxExpense": 0,
    "netIncome": 52447000,
    "netIncomeRatio": 0.2831116533,
    "eps": 0.75,
    "epsdiluted": 0.75,
    "weightedAverageShsOut": 69006000,
    "weightedAverageShsOutDil": 69181000,
    "link": "https://www.sec.gov/Archives/edgar/data/34903/000003490315000036/0000034903-15-000036-index.htm",
    "finalLink": "https://www.sec.gov/Archives/edgar/data/34903/000003490315000036/frt-09302015x10q.htm"
  },
  {
    "date": "2015-06-30",
    "symbol": "FRT",
    "reportedCurrency": "USD",
    "cik": "0000034903",
    "fillingDate": "2015-08-05",
    "acceptedDate": "2015-08-05 16:26:07",
    "calendarYear": "2015",
    "period": "Q2",
    "revenue": 181461000,
    "costOfRevenue": 53290000,
    "grossProfit": 128171000,
    "grossProfitRatio": 0.7063280815,
    "researchAndDevelopmentExpenses": 0,
    "generalAndAdministrativeExpenses": 9299000,
    "sellingAndMarketingExpenses": 0,
    "sellingGeneralAndAdministrativeExpenses": 9299000,
    "otherExpenses": 42671000,
    "operatingExpenses": 51970000,
    "costAndExpenses": 105260000,
    "interestIncome": 74000,
    "interestExpense": 23445000,
    "depreciationAndAmortization": 42671000,
    "ebitda": 100280000,
    "ebitdaratio": 0.5526256331,
    "operatingIncome": 76201000,
    "operatingIncomeRatio": 0.4199304534,
    "totalOtherIncomeExpensesNet": -42037000,
    "incomeBeforeTax": 34164000,
    "incomeBeforeTaxRatio": 0.1882718601,
    "incomeTaxExpense": 0,
    "netIncome": 43632000,
    "netIncomeRatio": 0.2404483608,
    "eps": 0.63,
    "epsdiluted": 0.63,
    "weightedAverageShsOut": 68531000,
    "weightedAverageShsOutDil": 68713000,
    "link": "https://www.sec.gov/Archives/edgar/data/34903/000003490315000028/0000034903-15-000028-index.htm",
    "finalLink": "https://www.sec.gov/Archives/edgar/data/34903/000003490315000028/frt-06302015x10q.htm"
  },
  {
    "date": "2015-03-31",
    "symbol": "FRT",
    "reportedCurrency": "USD",
    "cik": "0000034903",
    "fillingDate": "2015-05-07",
    "acceptedDate": "2015-05-07 16:30:51",
    "calendarYear": "2015",
    "period": "Q1",
    "revenue": 184792000,
    "costOfRevenue": 61833000,
    "grossProfit": 122959000,
    "grossProfitRatio": 0.6653913589,
    "researchAndDevelopmentExpenses": 0,
    "generalAndAdministrativeExpenses": 8853000,
    "sellingAndMarketingExpenses": 0,
    "sellingGeneralAndAdministrativeExpenses": 8853000,
    "otherExpenses": 41984000,
    "operatingExpenses": 50837000,
    "costAndExpenses": 112670000,
    "interestIncome": 29000,
    "interestExpense": 24168000,
    "depreciationAndAmortization": 41984000,
    "ebitda": 114355000,
    "ebitdaratio": 0.6188309018,
    "operatingIncome": 72122000,
    "operatingIncomeRatio": 0.3902874583,
    "totalOtherIncomeExpensesNet": -23919000,
    "incomeBeforeTax": 48203000,
    "incomeBeforeTaxRatio": 0.2608500368,
    "incomeTaxExpense": 0,
    "netIncome": 46186000,
    "netIncomeRatio": 0.2499350621,
    "eps": 0.67,
    "epsdiluted": 0.67,
    "weightedAverageShsOut": 68368000,
    "weightedAverageShsOutDil": 68563000,
    "link": "https://www.sec.gov/Archives/edgar/data/34903/000003490315000020/0000034903-15-000020-index.htm",
    "finalLink": "https://www.sec.gov/Archives/edgar/data/34903/000003490315000020/frt-03312015x10q.htm"
  },
  {
    "date": "2014-12-31",
    "symbol": "FRT",
    "reportedCurrency": "USD",
    "cik": "0000034903",
    "fillingDate": "2015-02-10",
    "acceptedDate": "2015-02-10 16:10:36",
    "calendarYear": "2014",
    "period": "Q4",
    "revenue": 176377000,
    "costOfRevenue": 53242000,
    "grossProfit": 123135000,
    "grossProfitRatio": 0.6981352444,
    "researchAndDevelopmentExpenses": 0,
    "generalAndAdministrativeExpenses": 8114000,
    "sellingAndMarketingExpenses": 0,
    "sellingGeneralAndAdministrativeExpenses": 8114000,
    "otherExpenses": 43411000,
    "operatingExpenses": 51525000,
    "costAndExpenses": 104767000,
    "interestIncome": 49000,
    "interestExpense": 24169000,
    "depreciationAndAmortization": 43411000,
    "ebitda": 104859000,
    "ebitdaratio": 0.5945162918,
    "operatingIncome": 71610000,
    "operatingIncomeRatio": 0.4060053182,
    "totalOtherIncomeExpensesNet": -34331000,
    "incomeBeforeTax": 37279000,
    "incomeBeforeTaxRatio": 0.2113597578,
    "incomeTaxExpense": 0,
    "netIncome": 35162000,
    "netIncomeRatio": 0.199357059,
    "eps": 0,
    "epsdiluted": 0,
    "weightedAverageShsOut": 68003000,
    "weightedAverageShsOutDil": 68368000,
    "link": "https://www.sec.gov/Archives/edgar/data/34903/000003490315000014/0000034903-15-000014-index.htm",
    "finalLink": "https://www.sec.gov/Archives/edgar/data/34903/000003490315000014/frt-1231201410k.htm"
  },
  {
    "date": "2014-09-30",
    "symbol": "FRT",
    "reportedCurrency": "USD",
    "cik": "0000034903",
    "fillingDate": "2014-10-30",
    "acceptedDate": "2014-10-30 16:25:31",
    "calendarYear": "2014",
    "period": "Q3",
    "revenue": 170938000,
    "costOfRevenue": 52282000,
    "grossProfit": 118656000,
    "grossProfitRatio": 0.6941464157,
    "researchAndDevelopmentExpenses": 0,
    "generalAndAdministrativeExpenses": 8374000,
    "sellingAndMarketingExpenses": 0,
    "sellingGeneralAndAdministrativeExpenses": 8374000,
    "otherExpenses": 42660000,
    "operatingExpenses": 51034000,
    "costAndExpenses": 103316000,
    "interestIncome": 2000,
    "interestExpense": 23422000,
    "depreciationAndAmortization": 42660000,
    "ebitda": 110730000,
    "ebitdaratio": 0.6477787268,
    "operatingIncome": 67622000,
    "operatingIncomeRatio": 0.395593724,
    "totalOtherIncomeExpensesNet": -22974000,
    "incomeBeforeTax": 44648000,
    "incomeBeforeTaxRatio": 0.2611941172,
    "incomeTaxExpense": 0,
    "netIncome": 47075000,
    "netIncomeRatio": 0.2753922475,
    "eps": 0.69,
    "epsdiluted": 0.69,
    "weightedAverageShsOut": 67559000,
    "weightedAverageShsOutDil": 67732000,
    "link": "https://www.sec.gov/Archives/edgar/data/34903/000003490314000038/0000034903-14-000038-index.htm",
    "finalLink": "https://www.sec.gov/Archives/edgar/data/34903/000003490314000038/frt-09302014x10q.htm"
  },
  {
    "date": "2014-06-30",
    "symbol": "FRT",
    "reportedCurrency": "USD",
    "cik": "0000034903",
    "fillingDate": "2014-08-07",
    "acceptedDate": "2014-08-07 16:25:05",
    "calendarYear": "2014",
    "period": "Q2",
    "revenue": 167947000,
    "costOfRevenue": 50569000,
    "grossProfit": 117378000,
    "grossProfitRatio": 0.6988990574,
    "researchAndDevelopmentExpenses": 0,
    "generalAndAdministrativeExpenses": 8124000,
    "sellingAndMarketingExpenses": 0,
    "sellingGeneralAndAdministrativeExpenses": 8124000,
    "otherExpenses": 40893000,
    "operatingExpenses": 49017000,
    "costAndExpenses": 99586000,
    "interestIncome": 18000,
    "interestExpense": 23213000,
    "depreciationAndAmortization": 40893000,
    "ebitda": 109522000,
    "ebitdaratio": 0.6521223958,
    "operatingIncome": 68361000,
    "operatingIncomeRatio": 0.4070391254,
    "totalOtherIncomeExpensesNet": -22945000,
    "incomeBeforeTax": 45416000,
    "incomeBeforeTaxRatio": 0.270418644,
    "incomeTaxExpense": 0,
    "netIncome": 43545000,
    "netIncomeRatio": 0.2592782247,
    "eps": 0.64,
    "epsdiluted": 0.64,
    "weightedAverageShsOut": 67110000,
    "weightedAverageShsOutDil": 67277000,
    "link": "https://www.sec.gov/Archives/edgar/data/34903/000003490314000030/0000034903-14-000030-index.htm",
    "finalLink": "https://www.sec.gov/Archives/edgar/data/34903/000003490314000030/frt-06302014x10q.htm"
  },
  {
    "date": "2014-03-31",
    "symbol": "FRT",
    "reportedCurrency": "USD",
    "cik": "0000034903",
    "fillingDate": "2014-05-08",
    "acceptedDate": "2014-05-08 16:47:54",
    "calendarYear": "2014",
    "period": "Q1",
    "revenue": 170828000,
    "costOfRevenue": 55830000,
    "grossProfit": 114998000,
    "grossProfitRatio": 0.6731800407,
    "researchAndDevelopmentExpenses": 0,
    "generalAndAdministrativeExpenses": 7704000,
    "sellingAndMarketingExpenses": 0,
    "sellingGeneralAndAdministrativeExpenses": 7704000,
    "otherExpenses": 43850000,
    "operatingExpenses": 51554000,
    "costAndExpenses": 107384000,
    "interestIncome": 25000,
    "interestExpense": 23137000,
    "depreciationAndAmortization": 43850000,
    "ebitda": 107532000,
    "ebitdaratio": 0.6294752617,
    "operatingIncome": 63444000,
    "operatingIncomeRatio": 0.3713911068,
    "totalOtherIncomeExpensesNet": -22899000,
    "incomeBeforeTax": 40545000,
    "incomeBeforeTaxRatio": 0.2373439951,
    "incomeTaxExpense": 0,
    "netIncome": 38753000,
    "netIncomeRatio": 0.2268539115,
    "eps": 0.58,
    "epsdiluted": 0.57,
    "weightedAverageShsOut": 66615000,
    "weightedAverageShsOutDil": 66773000,
    "link": "https://www.sec.gov/Archives/edgar/data/34903/000003490314000017/0000034903-14-000017-index.htm",
    "finalLink": "https://www.sec.gov/Archives/edgar/data/34903/000003490314000017/frt-03312014x10q.htm"
  },
  {
    "date": "2013-12-31",
    "symbol": "FRT",
    "reportedCurrency": "USD",
    "cik": "0000034903",
    "fillingDate": "2014-02-11",
    "acceptedDate": "2014-02-11 17:05:39",
    "calendarYear": "2013",
    "period": "Q4",
    "revenue": 163846000,
    "costOfRevenue": 50095000,
    "grossProfit": 113751000,
    "grossProfitRatio": 0.6942555815,
    "researchAndDevelopmentExpenses": 0,
    "generalAndAdministrativeExpenses": 9068000,
    "sellingAndMarketingExpenses": 0,
    "sellingGeneralAndAdministrativeExpenses": 9068000,
    "otherExpenses": 41213000,
    "operatingExpenses": 50281000,
    "costAndExpenses": 100376000,
    "interestIncome": 268000,
    "interestExpense": 24663000,
    "depreciationAndAmortization": 41214000,
    "ebitda": 95480000,
    "ebitdaratio": 0.5827423312,
    "operatingIncome": 63470000,
    "operatingIncomeRatio": 0.3873759506,
    "totalOtherIncomeExpensesNet": -33867000,
    "incomeBeforeTax": 29603000,
    "incomeBeforeTaxRatio": 0.1806757565,
    "incomeTaxExpense": 0,
    "netIncome": 28456000,
    "netIncomeRatio": 0.1736752804,
    "eps": 0.43,
    "epsdiluted": 0.42,
    "weightedAverageShsOut": 65965000,
    "weightedAverageShsOutDil": 66113000,
    "link": "https://www.sec.gov/Archives/edgar/data/34903/000003490314000009/0000034903-14-000009-index.htm",
    "finalLink": "https://www.sec.gov/Archives/edgar/data/34903/000003490314000009/frt-12312013x10k.htm"
  },
  {
    "date": "2013-09-30",
    "symbol": "FRT",
    "reportedCurrency": "USD",
    "cik": "0000034903",
    "fillingDate": "2013-10-31",
    "acceptedDate": "2013-10-31 16:43:45",
    "calendarYear": "2013",
    "period": "Q3",
    "revenue": 159030000,
    "costOfRevenue": 47445000,
    "grossProfit": 111585000,
    "grossProfitRatio": 0.7016600641,
    "researchAndDevelopmentExpenses": 0,
    "generalAndAdministrativeExpenses": 7543000,
    "sellingAndMarketingExpenses": 0,
    "sellingGeneralAndAdministrativeExpenses": 7543000,
    "otherExpenses": 39341000,
    "operatingExpenses": 46884000,
    "costAndExpenses": 94329000,
    "interestIncome": 70000,
    "interestExpense": 25762000,
    "depreciationAndAmortization": 39408000,
    "ebitda": 104560000,
    "ebitdaratio": 0.6574860089,
    "operatingIncome": 64701000,
    "operatingIncomeRatio": 0.4068477646,
    "totalOtherIncomeExpensesNet": -25311000,
    "incomeBeforeTax": 39390000,
    "incomeBeforeTaxRatio": 0.2476891153,
    "incomeTaxExpense": 0,
    "netIncome": 62098000,
    "netIncomeRatio": 0.3904797837,
    "eps": 0.94,
    "epsdiluted": 0.94,
    "weightedAverageShsOut": 65504000,
    "weightedAverageShsOutDil": 65647000,
    "link": "https://www.sec.gov/Archives/edgar/data/34903/000003490313000036/0000034903-13-000036-index.htm",
    "finalLink": "https://www.sec.gov/Archives/edgar/data/34903/000003490313000036/frt-09302013x10q.htm"
  },
  {
    "date": "2013-06-30",
    "symbol": "FRT",
    "reportedCurrency": "USD",
    "cik": "0000034903",
    "fillingDate": "2013-08-01",
    "acceptedDate": "2013-08-01 16:47:44",
    "calendarYear": "2013",
    "period": "Q2",
    "revenue": 157388000,
    "costOfRevenue": 45841000,
    "grossProfit": 111547000,
    "grossProfitRatio": 0.7087389128,
    "researchAndDevelopmentExpenses": 0,
    "generalAndAdministrativeExpenses": 8302000,
    "sellingAndMarketingExpenses": 0,
    "sellingGeneralAndAdministrativeExpenses": 8302000,
    "otherExpenses": 39757000,
    "operatingExpenses": 48059000,
    "costAndExpenses": 93900000,
    "interestIncome": 64000,
    "interestExpense": 27147000,
    "depreciationAndAmortization": 39853000,
    "ebitda": 100379000,
    "ebitdaratio": 0.6377805169,
    "operatingIncome": 63488000,
    "operatingIncomeRatio": 0.4033852644,
    "totalOtherIncomeExpensesNet": -30534000,
    "incomeBeforeTax": 33379000,
    "incomeBeforeTaxRatio": 0.2120809719,
    "incomeTaxExpense": 0,
    "netIncome": 37539000,
    "netIncomeRatio": 0.238512466,
    "eps": 0.57,
    "epsdiluted": 0.57,
    "weightedAverageShsOut": 65149000,
    "weightedAverageShsOutDil": 65311000,
    "link": "https://www.sec.gov/Archives/edgar/data/34903/000003490313000029/0000034903-13-000029-index.htm",
    "finalLink": "https://www.sec.gov/Archives/edgar/data/34903/000003490313000029/frt-06302013x10q.htm"
  },
  {
    "date": "2013-03-31",
    "symbol": "FRT",
    "reportedCurrency": "USD",
    "cik": "0000034903",
    "fillingDate": "2013-05-01",
    "acceptedDate": "2013-05-01 16:39:11",
    "calendarYear": "2013",
    "period": "Q1",
    "revenue": 157149000,
    "costOfRevenue": 47073000,
    "grossProfit": 110076000,
    "grossProfitRatio": 0.7004562549,
    "researchAndDevelopmentExpenses": 0,
    "generalAndAdministrativeExpenses": 7057000,
    "sellingAndMarketingExpenses": 0,
    "sellingGeneralAndAdministrativeExpenses": 7057000,
    "otherExpenses": 40517000,
    "operatingExpenses": 47574000,
    "costAndExpenses": 94647000,
    "interestIncome": 30000,
    "interestExpense": 27405000,
    "depreciationAndAmortization": 40624000,
    "ebitda": 103468000,
    "ebitdaratio": 0.6584069895,
    "operatingIncome": 62502000,
    "operatingIncomeRatio": 0.3977244526,
    "totalOtherIncomeExpensesNet": -27466000,
    "incomeBeforeTax": 35439000,
    "incomeBeforeTaxRatio": 0.2255120936,
    "incomeTaxExpense": 0,
    "netIncome": 34588000,
    "netIncomeRatio": 0.2200968508,
    "eps": 0.53,
    "epsdiluted": 0.53,
    "weightedAverageShsOut": 64692000,
    "weightedAverageShsOutDil": 64847000,
    "link": "https://www.sec.gov/Archives/edgar/data/34903/000003490313000018/0000034903-13-000018-index.htm",
    "finalLink": "https://www.sec.gov/Archives/edgar/data/34903/000003490313000018/frt-03312013x10q.htm"
  },
  {
    "date": "2012-12-31",
    "symbol": "FRT",
    "reportedCurrency": "USD",
    "cik": "0000034903",
    "fillingDate": "2013-02-12",
    "acceptedDate": "2013-02-12 16:40:10",
    "calendarYear": "2012",
    "period": "Q4",
    "revenue": 156364000,
    "costOfRevenue": 96864000,
    "grossProfit": 59500000,
    "grossProfitRatio": 0.3805223709,
    "researchAndDevelopmentExpenses": 0,
    "generalAndAdministrativeExpenses": 8264000,
    "sellingAndMarketingExpenses": 0,
    "sellingGeneralAndAdministrativeExpenses": 8264000,
    "otherExpenses": -14577000,
    "operatingExpenses": -6313000,
    "costAndExpenses": 90551000,
    "interestIncome": 109000,
    "interestExpense": 27592000,
    "depreciationAndAmortization": 35337000,
    "ebitda": 103596000,
    "ebitdaratio": 0.6625310174,
    "operatingIncome": 65813000,
    "operatingIncomeRatio": 0.4208961142,
    "totalOtherIncomeExpensesNet": -28121000,
    "incomeBeforeTax": 0,
    "incomeBeforeTaxRatio": 0,
    "incomeTaxExpense": 0,
    "netIncome": 37692000,
    "netIncomeRatio": 0.2410529278,
    "eps": 0,
    "epsdiluted": 0,
    "weightedAverageShsOut": 64391000,
    "weightedAverageShsOutDil": 64692000,
    "link": "https://www.sec.gov/Archives/edgar/data/34903/000003490313000006/0000034903-13-000006-index.htm",
    "finalLink": "https://www.sec.gov/Archives/edgar/data/34903/000003490313000006/frt-12312012x10k.htm"
  },
  {
    "date": "2012-09-30",
    "symbol": "FRT",
    "reportedCurrency": "USD",
    "cik": "0000034903",
    "fillingDate": "2012-11-01",
    "acceptedDate": "2012-11-01 16:41:13",
    "calendarYear": "2012",
    "period": "Q3",
    "revenue": 157232000,
    "costOfRevenue": 46882000,
    "grossProfit": 110350000,
    "grossProfitRatio": 0.7018291442,
    "researchAndDevelopmentExpenses": 0,
    "generalAndAdministrativeExpenses": 8751000,
    "sellingAndMarketingExpenses": 0,
    "sellingGeneralAndAdministrativeExpenses": 8751000,
    "otherExpenses": 34847000,
    "operatingExpenses": 43598000,
    "costAndExpenses": 90480000,
    "interestIncome": 261000,
    "interestExpense": 28218000,
    "depreciationAndAmortization": 34932000,
    "ebitda": 102435000,
    "ebitdaratio": 0.6514895187,
    "operatingIncome": 66752000,
    "operatingIncomeRatio": 0.424544622,
    "totalOtherIncomeExpensesNet": -27838000,
    "incomeBeforeTax": 39285000,
    "incomeBeforeTaxRatio": 0.2498537193,
    "incomeTaxExpense": 0,
    "netIncome": 38644000,
    "netIncomeRatio": 0.2457769411,
    "eps": 0.6,
    "epsdiluted": 0.6,
    "weightedAverageShsOut": 64014000,
    "weightedAverageShsOutDil": 64202000,
    "link": "https://www.sec.gov/Archives/edgar/data/34903/000003490312000032/0000034903-12-000032-index.htm",
    "finalLink": "https://www.sec.gov/Archives/edgar/data/34903/000003490312000032/frt-09302012x10q.htm"
  },
  {
    "date": "2012-06-30",
    "symbol": "FRT",
    "reportedCurrency": "USD",
    "cik": "0000034903",
    "fillingDate": "2012-08-01",
    "acceptedDate": "2012-08-01 16:50:27",
    "calendarYear": "2012",
    "period": "Q2",
    "revenue": 147560000,
    "costOfRevenue": 43443000,
    "grossProfit": 104117000,
    "grossProfitRatio": 0.7055909461,
    "researchAndDevelopmentExpenses": 0,
    "generalAndAdministrativeExpenses": 7139000,
    "sellingAndMarketingExpenses": 0,
    "sellingGeneralAndAdministrativeExpenses": 7139000,
    "otherExpenses": 35199000,
    "operatingExpenses": 42338000,
    "costAndExpenses": 85781000,
    "interestIncome": 112000,
    "interestExpense": 28733000,
    "depreciationAndAmortization": 35199000,
    "ebitda": 97528000,
    "ebitdaratio": 0.6609379236,
    "operatingIncome": 61779000,
    "operatingIncomeRatio": 0.4186703714,
    "totalOtherIncomeExpensesNet": -28183000,
    "incomeBeforeTax": 33596000,
    "incomeBeforeTaxRatio": 0.2276768772,
    "incomeTaxExpense": 0,
    "netIncome": 32603000,
    "netIncomeRatio": 0.2209474112,
    "eps": 0.51,
    "epsdiluted": 0.51,
    "weightedAverageShsOut": 63700000,
    "weightedAverageShsOutDil": 63880000,
    "link": "https://www.sec.gov/Archives/edgar/data/34903/000003490312000026/0000034903-12-000026-index.htm",
    "finalLink": "https://www.sec.gov/Archives/edgar/data/34903/000003490312000026/frt-06302012x10q.htm"
  },
  {
    "date": "2012-03-31",
    "symbol": "FRT",
    "reportedCurrency": "USD",
    "cik": "0000034903",
    "fillingDate": "2012-05-07",
    "acceptedDate": "2012-05-07 16:37:24",
    "calendarYear": "2012",
    "period": "Q1",
    "revenue": 146289000,
    "costOfRevenue": 42167000,
    "grossProfit": 104122000,
    "grossProfitRatio": 0.7117554977,
    "researchAndDevelopmentExpenses": 0,
    "generalAndAdministrativeExpenses": 7004000,
    "sellingAndMarketingExpenses": 0,
    "sellingGeneralAndAdministrativeExpenses": 7004000,
    "otherExpenses": 36571000,
    "operatingExpenses": 43575000,
    "costAndExpenses": 85742000,
    "interestIncome": 207000,
    "interestExpense": 28793000,
    "depreciationAndAmortization": 36571000,
    "ebitda": 97626000,
    "ebitdaratio": 0.6673502451,
    "operatingIncome": 60547000,
    "operatingIncomeRatio": 0.4138862115,
    "totalOtherIncomeExpensesNet": -28285000,
    "incomeBeforeTax": 32262000,
    "incomeBeforeTaxRatio": 0.2205360622,
    "incomeTaxExpense": 0,
    "netIncome": 42986000,
    "netIncomeRatio": 0.2938430094,
    "eps": 0.67,
    "epsdiluted": 0.67,
    "weightedAverageShsOut": 63411000,
    "weightedAverageShsOutDil": 63585000,
    "link": "https://www.sec.gov/Archives/edgar/data/34903/000003490312000020/0000034903-12-000020-index.htm",
    "finalLink": "https://www.sec.gov/Archives/edgar/data/34903/000003490312000020/frt-03312012x10q.htm"
  },
  {
    "date": "2011-12-31",
    "symbol": "FRT",
    "reportedCurrency": "USD",
    "cik": "0000034903",
    "fillingDate": "2012-02-16",
    "acceptedDate": "2012-02-15 17:31:50",
    "calendarYear": "2011",
    "period": "Q4",
    "revenue": 141466000,
    "costOfRevenue": 28419000,
    "grossProfit": 113047000,
    "grossProfitRatio": 0.7991107404,
    "researchAndDevelopmentExpenses": 0,
    "generalAndAdministrativeExpenses": 9342000,
    "sellingAndMarketingExpenses": 0,
    "sellingGeneralAndAdministrativeExpenses": 9342000,
    "otherExpenses": 46472000,
    "operatingExpenses": 55814000,
    "costAndExpenses": 84233000,
    "interestIncome": 47000,
    "interestExpense": 25721000,
    "depreciationAndAmortization": 31853000,
    "ebitda": 87418000,
    "ebitdaratio": 0.6179435341,
    "operatingIncome": 57233000,
    "operatingIncomeRatio": 0.4045707096,
    "totalOtherIncomeExpensesNet": -7390000,
    "incomeBeforeTax": 0,
    "incomeBeforeTaxRatio": 0,
    "incomeTaxExpense": 0,
    "netIncome": 30921000,
    "netIncomeRatio": 0.2185754881,
    "eps": 0,
    "epsdiluted": 0,
    "weightedAverageShsOut": 63236000,
    "weightedAverageShsOutDil": 63411000,
    "link": "https://www.sec.gov/Archives/edgar/data/34903/000003490312000008/0000034903-12-000008-index.htm",
    "finalLink": "https://www.sec.gov/Archives/edgar/data/34903/000003490312000008/frt-12312011x10k.htm"
  },
  {
    "date": "2011-09-30",
    "symbol": "FRT",
    "reportedCurrency": "USD",
    "cik": "0000034903",
    "fillingDate": "2011-11-03",
    "acceptedDate": "2011-11-03 17:08:36",
    "calendarYear": "2011",
    "period": "Q3",
    "revenue": 137664000,
    "costOfRevenue": 26595000,
    "grossProfit": 111069000,
    "grossProfitRatio": 0.8068122385,
    "researchAndDevelopmentExpenses": 0,
    "generalAndAdministrativeExpenses": 7197000,
    "sellingAndMarketingExpenses": 0,
    "sellingGeneralAndAdministrativeExpenses": 7197000,
    "otherExpenses": 47115000,
    "operatingExpenses": 54312000,
    "costAndExpenses": 80907000,
    "interestIncome": 136000,
    "interestExpense": 23795000,
    "depreciationAndAmortization": 32083000,
    "ebitda": 88840000,
    "ebitdaratio": 0.645339377,
    "operatingIncome": 56757000,
    "operatingIncomeRatio": 0.4122864365,
    "totalOtherIncomeExpensesNet": -23225000,
    "incomeBeforeTax": 33532000,
    "incomeBeforeTaxRatio": 0.2435785681,
    "incomeTaxExpense": 0,
    "netIncome": 47053000,
    "netIncomeRatio": 0.341795967,
    "eps": 0.74,
    "epsdiluted": 0.74,
    "weightedAverageShsOut": 62818000,
    "weightedAverageShsOutDil": 62990000,
    "link": "https://www.sec.gov/Archives/edgar/data/34903/000003490311000008/0000034903-11-000008-index.htm",
    "finalLink": "https://www.sec.gov/Archives/edgar/data/34903/000003490311000008/frt-9302011xq3.htm"
  },
  {
    "date": "2011-06-30",
    "symbol": "FRT",
    "reportedCurrency": "USD",
    "cik": "0000034903",
    "fillingDate": "2011-08-03",
    "acceptedDate": "2011-08-03 17:06:10",
    "calendarYear": "2011",
    "period": "Q2",
    "revenue": 136280000,
    "costOfRevenue": 25133000,
    "grossProfit": 111147000,
    "grossProfitRatio": 0.8155782213,
    "researchAndDevelopmentExpenses": 0,
    "generalAndAdministrativeExpenses": 6395000,
    "sellingAndMarketingExpenses": 0,
    "sellingGeneralAndAdministrativeExpenses": 6395000,
    "otherExpenses": 47418000,
    "operatingExpenses": 53813000,
    "costAndExpenses": 78946000,
    "interestIncome": 20000,
    "interestExpense": 23905000,
    "depreciationAndAmortization": 32063000,
    "ebitda": 89397000,
    "ebitdaratio": 0.6559803346,
    "operatingIncome": 57334000,
    "operatingIncomeRatio": 0.4207073672,
    "totalOtherIncomeExpensesNet": -23441000,
    "incomeBeforeTax": 33893000,
    "incomeBeforeTaxRatio": 0.2487012034,
    "incomeTaxExpense": 0,
    "netIncome": 34757000,
    "netIncomeRatio": 0.2550410919,
    "eps": 0.55,
    "epsdiluted": 0.55,
    "weightedAverageShsOut": 62214000,
    "weightedAverageShsOutDil": 62391000,
    "link": "https://www.sec.gov/Archives/edgar/data/34903/000119312511208376/0001193125-11-208376-index.htm",
    "finalLink": "https://www.sec.gov/Archives/edgar/data/34903/000119312511208376/d10q.htm"
  },
  {
    "date": "2011-03-31",
    "symbol": "FRT",
    "reportedCurrency": "USD",
    "cik": "0000034903",
    "fillingDate": "2011-05-05",
    "acceptedDate": "2011-05-05 16:39:32",
    "calendarYear": "2011",
    "period": "Q1",
    "revenue": 137649000,
    "costOfRevenue": 29402000,
    "grossProfit": 108247000,
    "grossProfitRatio": 0.7863987388,
    "researchAndDevelopmentExpenses": 0,
    "generalAndAdministrativeExpenses": 6051000,
    "sellingAndMarketingExpenses": 0,
    "sellingGeneralAndAdministrativeExpenses": 6051000,
    "otherExpenses": 45823000,
    "operatingExpenses": 51874000,
    "costAndExpenses": 81276000,
    "interestIncome": 15000,
    "interestExpense": 25044000,
    "depreciationAndAmortization": 30569000,
    "ebitda": 87576000,
    "ebitdaratio": 0.636226925,
    "operatingIncome": 56373000,
    "operatingIncomeRatio": 0.4095416603,
    "totalOtherIncomeExpensesNet": -24410000,
    "incomeBeforeTax": 31963000,
    "incomeBeforeTaxRatio": 0.2322065544,
    "incomeTaxExpense": 0,
    "netIncome": 31186000,
    "netIncomeRatio": 0.2265617622,
    "eps": 0.5,
    "epsdiluted": 0.5,
    "weightedAverageShsOut": 61471000,
    "weightedAverageShsOutDil": 61629000,
    "link": "https://www.sec.gov/Archives/edgar/data/34903/000119312511128591/0001193125-11-128591-index.htm",
    "finalLink": "https://www.sec.gov/Archives/edgar/data/34903/000119312511128591/d10q.htm"
  },
  {
    "date": "2010-12-31",
    "symbol": "FRT",
    "reportedCurrency": "USD",
    "cik": "0000034903",
    "fillingDate": "2011-02-15",
    "acceptedDate": "2011-02-15 16:37:36",
    "calendarYear": "2010",
    "period": "Q4",
    "revenue": 138305000,
    "costOfRevenue": 42146000,
    "grossProfit": 96159000,
    "grossProfitRatio": 0.6952677054,
    "researchAndDevelopmentExpenses": 0,
    "generalAndAdministrativeExpenses": 7127000,
    "sellingAndMarketingExpenses": 0,
    "sellingGeneralAndAdministrativeExpenses": 7127000,
    "otherExpenses": 29821000,
    "operatingExpenses": 36948000,
    "costAndExpenses": 79094000,
    "interestIncome": 1392000,
    "interestExpense": 25203000,
    "depreciationAndAmortization": 30116000,
    "ebitda": 89310000,
    "ebitdaratio": 0.6457467192,
    "operatingIncome": 59211000,
    "operatingIncomeRatio": 0.4281190123,
    "totalOtherIncomeExpensesNet": -26395000,
    "incomeBeforeTax": 0,
    "incomeBeforeTaxRatio": 0,
    "incomeTaxExpense": 0,
    "netIncome": 32816000,
    "netIncomeRatio": 0.2372726944,
    "eps": 0,
    "epsdiluted": 0,
    "weightedAverageShsOut": 61254000,
    "weightedAverageShsOutDil": 61471000,
    "link": "https://www.sec.gov/Archives/edgar/data/34903/000119312511036800/0001193125-11-036800-index.htm",
    "finalLink": "https://www.sec.gov/Archives/edgar/data/34903/000119312511036800/d10k.htm"
  },
  {
    "date": "2010-09-30",
    "symbol": "FRT",
    "reportedCurrency": "USD",
    "cik": "0000034903",
    "fillingDate": "2010-11-03",
    "acceptedDate": "2010-11-03 16:36:51",
    "calendarYear": "2010",
    "period": "Q3",
    "revenue": 133446000,
    "costOfRevenue": 27030000,
    "grossProfit": 106416000,
    "grossProfitRatio": 0.797446158,
    "researchAndDevelopmentExpenses": 0,
    "generalAndAdministrativeExpenses": 5844000,
    "sellingAndMarketingExpenses": 0,
    "sellingGeneralAndAdministrativeExpenses": 5904000,
    "otherExpenses": 44616000,
    "operatingExpenses": 50520000,
    "costAndExpenses": 77550000,
    "interestIncome": 1113000,
    "interestExpense": 25299000,
    "depreciationAndAmortization": 29591000,
    "ebitda": 85630000,
    "ebitdaratio": 0.6416827781,
    "operatingIncome": 55896000,
    "operatingIncomeRatio": 0.4188660582,
    "totalOtherIncomeExpensesNet": -25426000,
    "incomeBeforeTax": 30740000,
    "incomeBeforeTaxRatio": 0.2303553497,
    "incomeTaxExpense": 0,
    "netIncome": 29640000,
    "netIncomeRatio": 0.2221123151,
    "eps": 0.48,
    "epsdiluted": 0.48,
    "weightedAverageShsOut": 61215000,
    "weightedAverageShsOutDil": 61359000,
    "link": "https://www.sec.gov/Archives/edgar/data/34903/000119312510246216/0001193125-10-246216-index.htm",
    "finalLink": "https://www.sec.gov/Archives/edgar/data/34903/000119312510246216/d10q.htm"
  },
  {
    "date": "2010-06-30",
    "symbol": "FRT",
    "reportedCurrency": "USD",
    "cik": "0000034903",
    "fillingDate": "2010-08-04",
    "acceptedDate": "2010-08-04 16:36:50",
    "calendarYear": "2010",
    "period": "Q2",
    "revenue": 133216000,
    "costOfRevenue": 25511000,
    "grossProfit": 107705000,
    "grossProfitRatio": 0.8084989791,
    "researchAndDevelopmentExpenses": 0,
    "generalAndAdministrativeExpenses": 5843000,
    "sellingAndMarketingExpenses": 0,
    "sellingGeneralAndAdministrativeExpenses": 6016000,
    "otherExpenses": 45848000,
    "operatingExpenses": 51864000,
    "costAndExpenses": 77375000,
    "interestIncome": 1104000,
    "interestExpense": 25418000,
    "depreciationAndAmortization": 31178000,
    "ebitda": 87240000,
    "ebitdaratio": 0.6548762911,
    "operatingIncome": 55841000,
    "operatingIncomeRatio": 0.4191763752,
    "totalOtherIncomeExpensesNet": -25511000,
    "incomeBeforeTax": 30644000,
    "incomeBeforeTaxRatio": 0.2300324285,
    "incomeTaxExpense": 0,
    "netIncome": 31114000,
    "netIncomeRatio": 0.2335605333,
    "eps": 0.5,
    "epsdiluted": 0.5,
    "weightedAverageShsOut": 61169000,
    "weightedAverageShsOutDil": 61311000,
    "link": "https://www.sec.gov/Archives/edgar/data/34903/000119312510177292/0001193125-10-177292-index.htm",
    "finalLink": "https://www.sec.gov/Archives/edgar/data/34903/000119312510177292/d10q.htm"
  },
  {
    "date": "2010-03-31",
    "symbol": "FRT",
    "reportedCurrency": "USD",
    "cik": "0000034903",
    "fillingDate": "2010-05-04",
    "acceptedDate": "2010-05-04 16:38:26",
    "calendarYear": "2010",
    "period": "Q1",
    "revenue": 138324000,
    "costOfRevenue": 29904000,
    "grossProfit": 108420000,
    "grossProfitRatio": 0.7838119198,
    "researchAndDevelopmentExpenses": 0,
    "generalAndAdministrativeExpenses": 5375000,
    "sellingAndMarketingExpenses": 0,
    "sellingGeneralAndAdministrativeExpenses": 5489000,
    "otherExpenses": 43949000,
    "operatingExpenses": 49438000,
    "costAndExpenses": 79342000,
    "interestIncome": 1248000,
    "interestExpense": 25962000,
    "depreciationAndAmortization": 28932000,
    "ebitda": 85488000,
    "ebitdaratio": 0.6180272404,
    "operatingIncome": 58982000,
    "operatingIncomeRatio": 0.4264046731,
    "totalOtherIncomeExpensesNet": -28348000,
    "incomeBeforeTax": 30594000,
    "incomeBeforeTaxRatio": 0.2211763685,
    "incomeTaxExpense": 0,
    "netIncome": 29220000,
    "netIncomeRatio": 0.2112431682,
    "eps": 0.47,
    "epsdiluted": 0.47,
    "weightedAverageShsOut": 61089000,
    "weightedAverageShsOutDil": 61220000,
    "link": "https://www.sec.gov/Archives/edgar/data/34903/000119312510106620/0001193125-10-106620-index.htm",
    "finalLink": "https://www.sec.gov/Archives/edgar/data/34903/000119312510106620/d10q.htm"
  },
  {
    "date": "2009-12-31",
    "symbol": "FRT",
    "reportedCurrency": "USD",
    "cik": "0000034903",
    "fillingDate": "2010-02-17",
    "acceptedDate": "2010-02-17 17:09:39",
    "calendarYear": "2009",
    "period": "Q4",
    "revenue": 138613000,
    "costOfRevenue": 45697000,
    "grossProfit": 92916000,
    "grossProfitRatio": 0.670326737,
    "researchAndDevelopmentExpenses": 0,
    "generalAndAdministrativeExpenses": 5862000,
    "sellingAndMarketingExpenses": 0,
    "sellingGeneralAndAdministrativeExpenses": 5862000,
    "otherExpenses": 23726000,
    "operatingExpenses": 29588000,
    "costAndExpenses": 75285000,
    "interestIncome": 1880000,
    "interestExpense": 29159000,
    "depreciationAndAmortization": 28458000,
    "ebitda": 87054000,
    "ebitdaratio": 0.6280363314,
    "operatingIncome": 63328000,
    "operatingIncomeRatio": 0.4568691248,
    "totalOtherIncomeExpensesNet": -31358000,
    "incomeBeforeTax": 0,
    "incomeBeforeTaxRatio": 0,
    "incomeTaxExpense": 0,
    "netIncome": 31970000,
    "netIncomeRatio": 0.2306421476,
    "eps": 0,
    "epsdiluted": 0,
    "weightedAverageShsOut": 61024000,
    "weightedAverageShsOutDil": 61089000,
    "link": "https://www.sec.gov/Archives/edgar/data/34903/000119312510033308/0001193125-10-033308-index.htm",
    "finalLink": "https://www.sec.gov/Archives/edgar/data/34903/000119312510033308/d10k.htm"
  },
  {
    "date": "2009-09-30",
    "symbol": "FRT",
    "reportedCurrency": "USD",
    "cik": "0000034903",
    "fillingDate": "2009-11-04",
    "acceptedDate": "2009-11-04 17:04:40",
    "calendarYear": "2009",
    "period": "Q3",
    "revenue": 130992000,
    "costOfRevenue": 38852000,
    "grossProfit": 92140000,
    "grossProfitRatio": 0.7034017345,
    "researchAndDevelopmentExpenses": 0,
    "generalAndAdministrativeExpenses": 5749000,
    "sellingAndMarketingExpenses": 0,
    "sellingGeneralAndAdministrativeExpenses": 5749000,
    "otherExpenses": 28740000,
    "operatingExpenses": 34489000,
    "costAndExpenses": 73341000,
    "interestIncome": 2033000,
    "interestExpense": 30209000,
    "depreciationAndAmortization": 28410000,
    "ebitda": 86391000,
    "ebitdaratio": 0.6595135581,
    "operatingIncome": 57651000,
    "operatingIncomeRatio": 0.4401108465,
    "totalOtherIncomeExpensesNet": -30218000,
    "incomeBeforeTax": 0,
    "incomeBeforeTaxRatio": 0,
    "incomeTaxExpense": 0,
    "netIncome": 27433000,
    "netIncomeRatio": 0.2094250031,
    "eps": 0.45,
    "epsdiluted": 0.45,
    "weightedAverageShsOut": 60016000,
    "weightedAverageShsOutDil": 60140000,
    "link": "https://www.sec.gov/Archives/edgar/data/34903/000119312509223941/0001193125-09-223941-index.htm",
    "finalLink": "https://www.sec.gov/Archives/edgar/data/34903/000119312509223941/d10q.htm"
  },
  {
    "date": "2009-06-30",
    "symbol": "FRT",
    "reportedCurrency": "USD",
    "cik": "0000034903",
    "fillingDate": "2009-08-04",
    "acceptedDate": "2009-08-04 17:06:33",
    "calendarYear": "2009",
    "period": "Q2",
    "revenue": 130338000,
    "costOfRevenue": 39901000,
    "grossProfit": 90437000,
    "grossProfitRatio": 0.6938651813,
    "researchAndDevelopmentExpenses": 0,
    "generalAndAdministrativeExpenses": 5276000,
    "sellingAndMarketingExpenses": 0,
    "sellingGeneralAndAdministrativeExpenses": 5276000,
    "otherExpenses": 29758000,
    "operatingExpenses": 35034000,
    "costAndExpenses": 74935000,
    "interestIncome": 1567000,
    "interestExpense": 25830000,
    "depreciationAndAmortization": 29633000,
    "ebitda": 85161000,
    "ebitdaratio": 0.6533858123,
    "operatingIncome": 55403000,
    "operatingIncomeRatio": 0.4250717366,
    "totalOtherIncomeExpensesNet": -26986000,
    "incomeBeforeTax": 0,
    "incomeBeforeTaxRatio": 0,
    "incomeTaxExpense": 0,
    "netIncome": 28417000,
    "netIncomeRatio": 0.2180254415,
    "eps": 0.48,
    "epsdiluted": 0.48,
    "weightedAverageShsOut": 58917000,
    "weightedAverageShsOutDil": 59042000,
    "link": "https://www.sec.gov/Archives/edgar/data/34903/000119312509163879/0001193125-09-163879-index.htm",
    "finalLink": "https://www.sec.gov/Archives/edgar/data/34903/000119312509163879/d10q.htm"
  },
  {
    "date": "2009-03-31",
    "symbol": "FRT",
    "reportedCurrency": "USD",
    "cik": "0000034903",
    "fillingDate": "2009-05-06",
    "acceptedDate": "2009-05-06 17:06:44",
    "calendarYear": "2009",
    "period": "Q1",
    "revenue": 131076000,
    "costOfRevenue": 42529000,
    "grossProfit": 88547000,
    "grossProfitRatio": 0.6755393817,
    "researchAndDevelopmentExpenses": 0,
    "generalAndAdministrativeExpenses": 5145000,
    "sellingAndMarketingExpenses": 0,
    "sellingGeneralAndAdministrativeExpenses": 5145000,
    "otherExpenses": 49224000,
    "operatingExpenses": 54369000,
    "costAndExpenses": 96898000,
    "interestIncome": 1357000,
    "interestExpense": 23569000,
    "depreciationAndAmortization": 28592000,
    "ebitda": 83402000,
    "ebitdaratio": 0.6362873447,
    "operatingIncome": 34178000,
    "operatingIncomeRatio": 0.2607494888,
    "totalOtherIncomeExpensesNet": -78120000,
    "incomeBeforeTax": 0,
    "incomeBeforeTaxRatio": 0,
    "incomeTaxExpense": 0,
    "netIncome": 10484000,
    "netIncomeRatio": 0.0799841313,
    "eps": 0.17,
    "epsdiluted": 0.17,
    "weightedAverageShsOut": 58841000,
    "weightedAverageShsOutDil": 58960000,
    "link": "https://www.sec.gov/Archives/edgar/data/34903/000119312509101689/0001193125-09-101689-index.htm",
    "finalLink": "https://www.sec.gov/Archives/edgar/data/34903/000119312509101689/d10q.htm"
  },
  {
    "date": "2008-12-31",
    "symbol": "FRT",
    "reportedCurrency": "USD",
    "cik": "0000034903",
    "fillingDate": "2009-02-26",
    "acceptedDate": "2009-02-26 12:53:04",
    "calendarYear": "2008",
    "period": "Q4",
    "revenue": 133376000,
    "costOfRevenue": 43090000,
    "grossProfit": 90286000,
    "grossProfitRatio": 0.6769283829,
    "researchAndDevelopmentExpenses": 0,
    "generalAndAdministrativeExpenses": 7281000,
    "sellingAndMarketingExpenses": 0,
    "sellingGeneralAndAdministrativeExpenses": 7281000,
    "otherExpenses": 29185000,
    "operatingExpenses": 36466000,
    "costAndExpenses": 79556000,
    "interestIncome": 1460000,
    "interestExpense": 24997000,
    "depreciationAndAmortization": 29231000,
    "ebitda": 83051000,
    "ebitdaratio": 0.6226832414,
    "operatingIncome": 53820000,
    "operatingIncomeRatio": 0.4035208733,
    "totalOtherIncomeExpensesNet": -20095000,
    "incomeBeforeTax": 0,
    "incomeBeforeTaxRatio": 0,
    "incomeTaxExpense": 0,
    "netIncome": 33725000,
    "netIncomeRatio": 0.2528565859,
    "eps": 0,
    "epsdiluted": 0,
    "weightedAverageShsOut": 58788000,
    "weightedAverageShsOutDil": 58841000,
    "link": "https://www.sec.gov/Archives/edgar/data/34903/000119312509038641/0001193125-09-038641-index.htm",
    "finalLink": "https://www.sec.gov/Archives/edgar/data/34903/000119312509038641/d10k.htm"
  },
  {
    "date": "2008-09-30",
    "symbol": "FRT",
    "reportedCurrency": "USD",
    "cik": "0000034903",
    "fillingDate": "2008-10-29",
    "acceptedDate": "2008-10-29 17:09:12",
    "calendarYear": "2008",
    "period": "Q3",
    "revenue": 131707000,
    "costOfRevenue": 42239000,
    "grossProfit": 89468000,
    "grossProfitRatio": 0.6792957094,
    "researchAndDevelopmentExpenses": 0,
    "generalAndAdministrativeExpenses": 5391000,
    "sellingAndMarketingExpenses": 0,
    "sellingGeneralAndAdministrativeExpenses": 5391000,
    "otherExpenses": 28631000,
    "operatingExpenses": 34022000,
    "costAndExpenses": 76261000,
    "interestIncome": 1223000,
    "interestExpense": 1134000,
    "depreciationAndAmortization": 28643000,
    "ebitda": 84089000,
    "ebitdaratio": 0.6384550555,
    "operatingIncome": 55446000,
    "operatingIncomeRatio": 0.4209799024,
    "totalOtherIncomeExpensesNet": -18310000,
    "incomeBeforeTax": 0,
    "incomeBeforeTaxRatio": 0,
    "incomeTaxExpense": 0,
    "netIncome": 37102000,
    "netIncomeRatio": 0.2817010485,
    "eps": 0.0207,
    "epsdiluted": 0.0207,
    "weightedAverageShsOut": 58570000,
    "weightedAverageShsOutDil": 58872000,
    "link": "https://www.sec.gov/Archives/edgar/data/34903/000119312508219125/0001193125-08-219125-index.htm",
    "finalLink": "https://www.sec.gov/Archives/edgar/data/34903/000119312508219125/d10q.htm"
  },
  {
    "date": "2008-06-30",
    "symbol": "FRT",
    "reportedCurrency": "USD",
    "cik": "0000034903",
    "fillingDate": "2008-07-30",
    "acceptedDate": "2008-07-30 17:08:32",
    "calendarYear": "2008",
    "period": "Q2",
    "revenue": 128712000,
    "costOfRevenue": 40295000,
    "grossProfit": 88417000,
    "grossProfitRatio": 0.686936727,
    "researchAndDevelopmentExpenses": 0,
    "generalAndAdministrativeExpenses": 7039000,
    "sellingAndMarketingExpenses": 0,
    "sellingGeneralAndAdministrativeExpenses": 7118000,
    "otherExpenses": 27784000,
    "operatingExpenses": 34902000,
    "costAndExpenses": 75197000,
    "interestIncome": 1327000,
    "interestExpense": 24476000,
    "depreciationAndAmortization": 27795000,
    "ebitda": 81310000,
    "ebitdaratio": 0.6317204301,
    "operatingIncome": 53515000,
    "operatingIncomeRatio": 0.4157731991,
    "totalOtherIncomeExpensesNet": -25234000,
    "incomeBeforeTax": 0,
    "incomeBeforeTaxRatio": 0,
    "incomeTaxExpense": 0,
    "netIncome": 28974000,
    "netIncomeRatio": 0.2251072161,
    "eps": 0.49,
    "epsdiluted": 0.49,
    "weightedAverageShsOut": 58636000,
    "weightedAverageShsOutDil": 58906000,
    "link": "https://www.sec.gov/Archives/edgar/data/34903/000119312508161478/0001193125-08-161478-index.htm",
    "finalLink": "https://www.sec.gov/Archives/edgar/data/34903/000119312508161478/d10q.htm"
  },
  {
    "date": "2008-03-31",
    "symbol": "FRT",
    "reportedCurrency": "USD",
    "cik": "0000034903",
    "fillingDate": "2008-05-07",
    "acceptedDate": "2008-05-07 17:00:24",
    "calendarYear": "2008",
    "period": "Q1",
    "revenue": 126369000,
    "costOfRevenue": 39651000,
    "grossProfit": 86718000,
    "grossProfitRatio": 0.6862284263,
    "researchAndDevelopmentExpenses": 0,
    "generalAndAdministrativeExpenses": 6934000,
    "sellingAndMarketingExpenses": 8000,
    "sellingGeneralAndAdministrativeExpenses": 6942000,
    "otherExpenses": 25389000,
    "operatingExpenses": 32331000,
    "costAndExpenses": 71982000,
    "interestIncome": 1455000,
    "interestExpense": 29986000,
    "depreciationAndAmortization": 25400000,
    "ebitda": 79787000,
    "ebitdaratio": 0.631381114,
    "operatingIncome": 54387000,
    "operatingIncomeRatio": 0.4303824514,
    "totalOtherIncomeExpensesNet": -25013000,
    "incomeBeforeTax": 0,
    "incomeBeforeTaxRatio": 0,
    "incomeTaxExpense": 0,
    "netIncome": 29986000,
    "netIncomeRatio": 0.2372892086,
    "eps": 0.51,
    "epsdiluted": 0.51,
    "weightedAverageShsOut": 58503000,
    "weightedAverageShsOutDil": 58780000,
    "link": "https://www.sec.gov/Archives/edgar/data/34903/000119312508106020/0001193125-08-106020-index.htm",
    "finalLink": "https://www.sec.gov/Archives/edgar/data/34903/000119312508106020/d10q.htm"
  },
  {
    "date": "2007-12-31",
    "symbol": "FRT",
    "reportedCurrency": "USD",
    "cik": "0000034903",
    "fillingDate": "2008-02-27",
    "acceptedDate": "2008-02-27 14:26:08",
    "calendarYear": "2007",
    "period": "Q4",
    "revenue": 112206000,
    "costOfRevenue": 0,
    "grossProfit": 112206000,
    "grossProfitRatio": 1,
    "researchAndDevelopmentExpenses": 0,
    "generalAndAdministrativeExpenses": 7304000,
    "sellingAndMarketingExpenses": 0,
    "sellingGeneralAndAdministrativeExpenses": 7304000,
    "otherExpenses": 58433000,
    "operatingExpenses": 65737000,
    "costAndExpenses": 65737000,
    "interestIncome": 0,
    "interestExpense": 122168000,
    "depreciationAndAmortization": 26509000,
    "ebitda": 72978000,
    "ebitdaratio": 0.6503930271,
    "operatingIncome": 46469000,
    "operatingIncomeRatio": 0.4141400638,
    "totalOtherIncomeExpensesNet": -46469000,
    "incomeBeforeTax": 0,
    "incomeBeforeTaxRatio": 0,
    "incomeTaxExpense": 0,
    "netIncome": 122168000,
    "netIncomeRatio": 1.088783131,
    "eps": 0,
    "epsdiluted": 0,
    "weightedAverageShsOut": 56531000,
    "weightedAverageShsOutDil": 58531373,
    "link": "https://www.sec.gov/Archives/edgar/data/34903/000119312508039905/0001193125-08-039905-index.htm",
    "finalLink": "https://www.sec.gov/Archives/edgar/data/34903/000119312508039905/d10k.htm"
  },
  {
    "date": "2007-09-30",
    "symbol": "FRT",
    "reportedCurrency": "USD",
    "cik": "0000034903",
    "fillingDate": "2007-10-31",
    "acceptedDate": "2007-10-31 14:33:24",
    "calendarYear": "2007",
    "period": "Q3",
    "revenue": 123564000,
    "costOfRevenue": 37255000,
    "grossProfit": 86309000,
    "grossProfitRatio": 0.6984963258,
    "researchAndDevelopmentExpenses": 0,
    "generalAndAdministrativeExpenses": 6631000,
    "sellingAndMarketingExpenses": 541000,
    "sellingGeneralAndAdministrativeExpenses": 7172000,
    "otherExpenses": 25045000,
    "operatingExpenses": 32217000,
    "costAndExpenses": 69472000,
    "interestIncome": 1321000,
    "interestExpense": 23515000,
    "depreciationAndAmortization": 26072000,
    "ebitda": 80164000,
    "ebitdaratio": 0.6487650125,
    "operatingIncome": 54092000,
    "operatingIncomeRatio": 0.4377650448,
    "totalOtherIncomeExpensesNet": -33634000,
    "incomeBeforeTax": 0,
    "incomeBeforeTaxRatio": 0,
    "incomeTaxExpense": 0,
    "netIncome": 23515000,
    "netIncomeRatio": 0.1903062381,
    "eps": 0.42,
    "epsdiluted": 0.41,
    "weightedAverageShsOut": 56302000,
    "weightedAverageShsOutDil": 56690000,
    "link": "https://www.sec.gov/Archives/edgar/data/34903/000119312507230920/0001193125-07-230920-index.htm",
    "finalLink": "https://www.sec.gov/Archives/edgar/data/34903/000119312507230920/d10q.htm"
  },
  {
    "date": "2007-06-30",
    "symbol": "FRT",
    "reportedCurrency": "USD",
    "cik": "0000034903",
    "fillingDate": "2007-08-01",
    "acceptedDate": "2007-08-01 17:29:11",
    "calendarYear": "2007",
    "period": "Q2",
    "revenue": 118954000,
    "costOfRevenue": 34716000,
    "grossProfit": 84238000,
    "grossProfitRatio": 0.708156094,
    "researchAndDevelopmentExpenses": 0,
    "generalAndAdministrativeExpenses": 6036000,
    "sellingAndMarketingExpenses": 78000,
    "sellingGeneralAndAdministrativeExpenses": 6114000,
    "otherExpenses": 25493000,
    "operatingExpenses": 31607000,
    "costAndExpenses": 66323000,
    "interestIncome": 1334000,
    "interestExpense": 26718000,
    "depreciationAndAmortization": 26901000,
    "ebitda": 79532000,
    "ebitdaratio": 0.6685945828,
    "operatingIncome": 52631000,
    "operatingIncomeRatio": 0.4424483414,
    "totalOtherIncomeExpensesNet": -27963000,
    "incomeBeforeTax": 0,
    "incomeBeforeTaxRatio": 0,
    "incomeTaxExpense": 0,
    "netIncome": 26718000,
    "netIncomeRatio": 0.2246078316,
    "eps": 0.47,
    "epsdiluted": 0.47,
    "weightedAverageShsOut": 56168000,
    "weightedAverageShsOutDil": 56591000,
    "link": "https://www.sec.gov/Archives/edgar/data/34903/000119312507168241/0001193125-07-168241-index.htm",
    "finalLink": "https://www.sec.gov/Archives/edgar/data/34903/000119312507168241/d10q.htm"
  },
  {
    "date": "2007-03-31",
    "symbol": "FRT",
    "reportedCurrency": "USD",
    "cik": "0000034903",
    "fillingDate": "2007-05-02",
    "acceptedDate": "2007-05-02 09:41:21",
    "calendarYear": "2007",
    "period": "Q1",
    "revenue": 115263000,
    "costOfRevenue": 0,
    "grossProfit": 115263000,
    "grossProfitRatio": 1,
    "researchAndDevelopmentExpenses": 0,
    "generalAndAdministrativeExpenses": 5604000,
    "sellingAndMarketingExpenses": 4000,
    "sellingGeneralAndAdministrativeExpenses": 5608000,
    "otherExpenses": 59778000,
    "operatingExpenses": 65386000,
    "costAndExpenses": 65386000,
    "interestIncome": 0,
    "interestExpense": 23136000,
    "depreciationAndAmortization": 26484000,
    "ebitda": 76361000,
    "ebitdaratio": 0.6624936016,
    "operatingIncome": 49877000,
    "operatingIncomeRatio": 0.4327234238,
    "totalOtherIncomeExpensesNet": -30091000,
    "incomeBeforeTax": 0,
    "incomeBeforeTaxRatio": 0,
    "incomeTaxExpense": 0,
    "netIncome": 23136000,
    "netIncomeRatio": 0.2007235626,
    "eps": 0.42,
    "epsdiluted": 0.41,
    "weightedAverageShsOut": 55000000,
    "weightedAverageShsOutDil": 56341463,
    "link": "https://www.sec.gov/Archives/edgar/data/34903/000119312507098841/0001193125-07-098841-index.htm",
    "finalLink": "https://www.sec.gov/Archives/edgar/data/34903/000119312507098841/d10q.htm"
  },
  {
    "date": "2006-12-31",
    "symbol": "FRT",
    "reportedCurrency": "USD",
    "cik": "0000034903",
    "fillingDate": "2007-03-01",
    "acceptedDate": "2007-03-01 10:17:57",
    "calendarYear": "2006",
    "period": "Q4",
    "revenue": 120492000,
    "costOfRevenue": 0,
    "grossProfit": 120492000,
    "grossProfitRatio": 1,
    "researchAndDevelopmentExpenses": 0,
    "generalAndAdministrativeExpenses": 5593000,
    "sellingAndMarketingExpenses": 0,
    "sellingGeneralAndAdministrativeExpenses": 5593000,
    "otherExpenses": 62649000,
    "operatingExpenses": 68242000,
    "costAndExpenses": 68242000,
    "interestIncome": 0,
    "interestExpense": 24441000,
    "depreciationAndAmortization": 25561000,
    "ebitda": 77812000,
    "ebitdaratio": 0.6457856123,
    "operatingIncome": 52250000,
    "operatingIncomeRatio": 0.4336387478,
    "totalOtherIncomeExpensesNet": -27809000,
    "incomeBeforeTax": 0,
    "incomeBeforeTaxRatio": 0,
    "incomeTaxExpense": 0,
    "netIncome": 24441000,
    "netIncomeRatio": 0.2028433423,
    "eps": 0,
    "epsdiluted": 0,
    "weightedAverageShsOut": 55000000,
    "weightedAverageShsOutDil": 55000000,
    "link": "https://www.sec.gov/Archives/edgar/data/34903/000119312507043678/0001193125-07-043678-index.htm",
    "finalLink": "https://www.sec.gov/Archives/edgar/data/34903/000119312507043678/d10k.htm"
  },
  {
    "date": "2006-09-30",
    "symbol": "FRT",
    "reportedCurrency": "USD",
    "cik": "0000034903",
    "fillingDate": "2006-11-06",
    "acceptedDate": "2006-11-06 06:56:18",
    "calendarYear": "2006",
    "period": "Q3",
    "revenue": 112265000,
    "costOfRevenue": 0,
    "grossProfit": 112265000,
    "grossProfitRatio": 1,
    "researchAndDevelopmentExpenses": 0,
    "generalAndAdministrativeExpenses": 6265000,
    "sellingAndMarketingExpenses": 0,
    "sellingGeneralAndAdministrativeExpenses": 6265000,
    "otherExpenses": 56092000,
    "operatingExpenses": 62357000,
    "costAndExpenses": 62357000,
    "interestIncome": 0,
    "interestExpense": 24984000,
    "depreciationAndAmortization": 23979000,
    "ebitda": 73887000,
    "ebitdaratio": 0.6581481317,
    "operatingIncome": 49908000,
    "operatingIncomeRatio": 0.4445552933,
    "totalOtherIncomeExpensesNet": -25642000,
    "incomeBeforeTax": 0,
    "incomeBeforeTaxRatio": 0,
    "incomeTaxExpense": 0,
    "netIncome": 24984000,
    "netIncomeRatio": 0.2225448715,
    "eps": 0.42,
    "epsdiluted": 0.41,
    "weightedAverageShsOut": 52654762,
    "weightedAverageShsOutDil": 53939024,
    "link": "https://www.sec.gov/Archives/edgar/data/34903/000119312506224365/0001193125-06-224365-index.htm",
    "finalLink": "https://www.sec.gov/Archives/edgar/data/34903/000119312506224365/d10q.htm"
  },
  {
    "date": "2006-06-30",
    "symbol": "FRT",
    "reportedCurrency": "USD",
    "cik": "0000034903",
    "fillingDate": "2006-08-02",
    "acceptedDate": "2006-08-02 17:07:12",
    "calendarYear": "2006",
    "period": "Q2",
    "revenue": 108544000,
    "costOfRevenue": 0,
    "grossProfit": 108544000,
    "grossProfitRatio": 1,
    "researchAndDevelopmentExpenses": 0,
    "generalAndAdministrativeExpenses": 4981000,
    "sellingAndMarketingExpenses": 0,
    "sellingGeneralAndAdministrativeExpenses": 4981000,
    "otherExpenses": 54984000,
    "operatingExpenses": 59965000,
    "costAndExpenses": 59965000,
    "interestIncome": 0,
    "interestExpense": 38256000,
    "depreciationAndAmortization": 24302000,
    "ebitda": 72881000,
    "ebitdaratio": 0.6714419959,
    "operatingIncome": 48579000,
    "operatingIncomeRatio": 0.4475512235,
    "totalOtherIncomeExpensesNet": -48579000,
    "incomeBeforeTax": 0,
    "incomeBeforeTaxRatio": 0,
    "incomeTaxExpense": 0,
    "netIncome": 38256000,
    "netIncomeRatio": 0.352446934,
    "eps": 0.67,
    "epsdiluted": 0.66,
    "weightedAverageShsOut": 52816418,
    "weightedAverageShsOutDil": 53616667,
    "link": "https://www.sec.gov/Archives/edgar/data/34903/000119312506159441/0001193125-06-159441-index.htm",
    "finalLink": "https://www.sec.gov/Archives/edgar/data/34903/000119312506159441/d10q.htm"
  },
  {
    "date": "2006-03-31",
    "symbol": "FRT",
    "reportedCurrency": "USD",
    "cik": "0000034903",
    "fillingDate": "2006-05-03",
    "acceptedDate": "2006-05-03 09:38:32",
    "calendarYear": "2006",
    "period": "Q1",
    "revenue": 108380000,
    "costOfRevenue": 0,
    "grossProfit": 108380000,
    "grossProfitRatio": 1,
    "researchAndDevelopmentExpenses": 0,
    "generalAndAdministrativeExpenses": 4501000,
    "sellingAndMarketingExpenses": 0,
    "sellingGeneralAndAdministrativeExpenses": 4501000,
    "otherExpenses": 56522000,
    "operatingExpenses": 61023000,
    "costAndExpenses": 61023000,
    "interestIncome": 0,
    "interestExpense": 31031000,
    "depreciationAndAmortization": 24037000,
    "ebitda": 71394000,
    "ebitdaratio": 0.6587377745,
    "operatingIncome": 47357000,
    "operatingIncomeRatio": 0.4369533124,
    "totalOtherIncomeExpensesNet": -47357000,
    "incomeBeforeTax": 0,
    "incomeBeforeTaxRatio": 0,
    "incomeTaxExpense": 0,
    "netIncome": 31031000,
    "netIncomeRatio": 0.2863166636,
    "eps": 0.53,
    "epsdiluted": 0.53,
    "weightedAverageShsOut": 53135849,
    "weightedAverageShsOutDil": 53135849,
    "link": "https://www.sec.gov/Archives/edgar/data/34903/000119312506097649/0001193125-06-097649-index.htm",
    "finalLink": "https://www.sec.gov/Archives/edgar/data/34903/000119312506097649/d10q.htm"
  },
  {
    "date": "2005-12-31",
    "symbol": "FRT",
    "reportedCurrency": "USD",
    "cik": "0000034903",
    "fillingDate": "2006-03-03",
    "acceptedDate": "2006-03-03 09:40:12",
    "calendarYear": "2005",
    "period": "Q4",
    "revenue": 105302000,
    "costOfRevenue": 0,
    "grossProfit": 105302000,
    "grossProfitRatio": 1,
    "researchAndDevelopmentExpenses": 0,
    "generalAndAdministrativeExpenses": 5468000,
    "sellingAndMarketingExpenses": 0,
    "sellingGeneralAndAdministrativeExpenses": 5468000,
    "otherExpenses": 53399000,
    "operatingExpenses": 58867000,
    "costAndExpenses": 58867000,
    "interestIncome": 0,
    "interestExpense": 35128000,
    "depreciationAndAmortization": 23192000,
    "ebitda": 69627000,
    "ebitdaratio": 0.6612125126,
    "operatingIncome": 46435000,
    "operatingIncomeRatio": 0.4409697822,
    "totalOtherIncomeExpensesNet": -11307000,
    "incomeBeforeTax": 0,
    "incomeBeforeTaxRatio": 0,
    "incomeTaxExpense": 0,
    "netIncome": 35128000,
    "netIncomeRatio": 0.3335929042,
    "eps": 0,
    "epsdiluted": 0,
    "weightedAverageShsOut": 52627556,
    "weightedAverageShsOutDil": 53135849,
    "link": "https://www.sec.gov/Archives/edgar/data/34903/000119312506044561/0001193125-06-044561-index.htm",
    "finalLink": "https://www.sec.gov/Archives/edgar/data/34903/000119312506044561/d10k.htm"
  },
  {
    "date": "2005-09-30",
    "symbol": "FRT",
    "reportedCurrency": "USD",
    "cik": "0000034903",
    "fillingDate": "2005-10-31",
    "acceptedDate": "2005-10-31 09:39:11",
    "calendarYear": "2005",
    "period": "Q3",
    "revenue": 100519000,
    "costOfRevenue": 0,
    "grossProfit": 100519000,
    "grossProfitRatio": 1,
    "researchAndDevelopmentExpenses": 0,
    "generalAndAdministrativeExpenses": 4957000,
    "sellingAndMarketingExpenses": 0,
    "sellingGeneralAndAdministrativeExpenses": 4957000,
    "otherExpenses": 51807000,
    "operatingExpenses": 56764000,
    "costAndExpenses": 56764000,
    "interestIncome": 0,
    "interestExpense": 30680000,
    "depreciationAndAmortization": 22724000,
    "ebitda": 66479000,
    "ebitdaratio": 0.6613575543,
    "operatingIncome": 43755000,
    "operatingIncomeRatio": 0.4352908405,
    "totalOtherIncomeExpensesNet": -43755000,
    "incomeBeforeTax": 0,
    "incomeBeforeTaxRatio": 0,
    "incomeTaxExpense": 0,
    "netIncome": 30680000,
    "netIncomeRatio": 0.3052159293,
    "eps": 0.53,
    "epsdiluted": 0.52,
    "weightedAverageShsOut": 52473585,
    "weightedAverageShsOutDil": 53482692,
    "link": "https://www.sec.gov/Archives/edgar/data/34903/000119312505211663/0001193125-05-211663-index.htm",
    "finalLink": "https://www.sec.gov/Archives/edgar/data/34903/000119312505211663/d10q.htm"
  },
  {
    "date": "2005-06-30",
    "symbol": "FRT",
    "reportedCurrency": "USD",
    "cik": "0000034903",
    "fillingDate": "2005-07-28",
    "acceptedDate": "2005-07-28 17:13:05",
    "calendarYear": "2005",
    "period": "Q2",
    "revenue": 99253000,
    "costOfRevenue": 0,
    "grossProfit": 99253000,
    "grossProfitRatio": 1,
    "researchAndDevelopmentExpenses": 0,
    "generalAndAdministrativeExpenses": 4981000,
    "sellingAndMarketingExpenses": 1000,
    "sellingGeneralAndAdministrativeExpenses": 4982000,
    "otherExpenses": 50348000,
    "operatingExpenses": 55330000,
    "costAndExpenses": 55330000,
    "interestIncome": 0,
    "interestExpense": 24807000,
    "depreciationAndAmortization": 22992000,
    "ebitda": 66915000,
    "ebitdaratio": 0.6741861707,
    "operatingIncome": 43923000,
    "operatingIncomeRatio": 0.442535742,
    "totalOtherIncomeExpensesNet": -19116000,
    "incomeBeforeTax": 0,
    "incomeBeforeTaxRatio": 0,
    "incomeTaxExpense": 0,
    "netIncome": 24807000,
    "netIncomeRatio": 0.2499370296,
    "eps": 0.42,
    "epsdiluted": 0.41,
    "weightedAverageShsOut": 52233333,
    "weightedAverageShsOutDil": 53507317,
    "link": "https://www.sec.gov/Archives/edgar/data/34903/000119312505151516/0001193125-05-151516-index.htm",
    "finalLink": "https://www.sec.gov/Archives/edgar/data/34903/000119312505151516/d10q.htm"
  },
  {
    "date": "2005-03-31",
    "symbol": "FRT",
    "reportedCurrency": "USD",
    "cik": "0000034903",
    "fillingDate": "2005-05-05",
    "acceptedDate": "2005-05-04 18:06:29",
    "calendarYear": "2005",
    "period": "Q1",
    "revenue": 101518000,
    "costOfRevenue": 0,
    "grossProfit": 101518000,
    "grossProfitRatio": 1,
    "researchAndDevelopmentExpenses": 0,
    "generalAndAdministrativeExpenses": 4503000,
    "sellingAndMarketingExpenses": 0,
    "sellingGeneralAndAdministrativeExpenses": 4502000,
    "otherExpenses": 54723000,
    "operatingExpenses": 59225000,
    "costAndExpenses": 59225000,
    "interestIncome": 0,
    "interestExpense": 23997000,
    "depreciationAndAmortization": 22595000,
    "ebitda": 64888000,
    "ebitdaratio": 0.6391772888,
    "operatingIncome": 42293000,
    "operatingIncomeRatio": 0.4166059221,
    "totalOtherIncomeExpensesNet": -19179000,
    "incomeBeforeTax": 0,
    "incomeBeforeTaxRatio": 0,
    "incomeTaxExpense": 0,
    "netIncome": 23997000,
    "netIncomeRatio": 0.2363817254,
    "eps": 0.4,
    "epsdiluted": 0.4,
    "weightedAverageShsOut": 52820000,
    "weightedAverageShsOutDil": 52820000,
    "link": "https://www.sec.gov/Archives/edgar/data/34903/000119312505095999/0001193125-05-095999-index.htm",
    "finalLink": "https://www.sec.gov/Archives/edgar/data/34903/000119312505095999/d10q.htm"
  },
  {
    "date": "2004-12-31",
    "symbol": "FRT",
    "reportedCurrency": "USD",
    "cik": "0000034903",
    "fillingDate": "2005-03-07",
    "acceptedDate": "2005-03-07 17:14:41",
    "calendarYear": "2004",
    "period": "Q4",
    "revenue": 99884000,
    "costOfRevenue": 0,
    "grossProfit": 99884000,
    "grossProfitRatio": 1,
    "researchAndDevelopmentExpenses": 0,
    "generalAndAdministrativeExpenses": 4721000,
    "sellingAndMarketingExpenses": 0,
    "sellingGeneralAndAdministrativeExpenses": 4721000,
    "otherExpenses": 56649000,
    "operatingExpenses": 61370000,
    "costAndExpenses": 61370000,
    "interestIncome": 0,
    "interestExpense": 21918000,
    "depreciationAndAmortization": 22913000,
    "ebitda": 61427000,
    "ebitdaratio": 0.6149833807,
    "operatingIncome": 38514000,
    "operatingIncomeRatio": 0.3855872812,
    "totalOtherIncomeExpensesNet": -16596000,
    "incomeBeforeTax": 0,
    "incomeBeforeTaxRatio": 0,
    "incomeTaxExpense": 0,
    "netIncome": 21918000,
    "netIncomeRatio": 0.2194345441,
    "eps": 0,
    "epsdiluted": 0,
    "weightedAverageShsOut": 51866000,
    "weightedAverageShsOutDil": 52190000,
    "link": "https://www.sec.gov/Archives/edgar/data/34903/000119312505043736/0001193125-05-043736-index.htm",
    "finalLink": "https://www.sec.gov/Archives/edgar/data/34903/000119312505043736/d10k.htm"
  },
  {
    "date": "2004-09-30",
    "symbol": "FRT",
    "reportedCurrency": "USD",
    "cik": "0000034903",
    "fillingDate": "2004-11-04",
    "acceptedDate": "2004-11-04 07:27:33",
    "calendarYear": "2004",
    "period": "Q3",
    "revenue": 98834000,
    "costOfRevenue": 0,
    "grossProfit": 98834000,
    "grossProfitRatio": 1,
    "researchAndDevelopmentExpenses": 0,
    "generalAndAdministrativeExpenses": 4673000,
    "sellingAndMarketingExpenses": 0,
    "sellingGeneralAndAdministrativeExpenses": 4673000,
    "otherExpenses": 55417000,
    "operatingExpenses": 60090000,
    "costAndExpenses": 60090000,
    "interestIncome": 548000,
    "interestExpense": 18660000,
    "depreciationAndAmortization": 23667000,
    "ebitda": 62411000,
    "ebitdaratio": 0.6314729749,
    "operatingIncome": 38744000,
    "operatingIncomeRatio": 0.3920108465,
    "totalOtherIncomeExpensesNet": -20084000,
    "incomeBeforeTax": 0,
    "incomeBeforeTaxRatio": 0,
    "incomeTaxExpense": 0,
    "netIncome": 18660000,
    "netIncomeRatio": 0.1888014246,
    "eps": 0.3,
    "epsdiluted": 0.3,
    "weightedAverageShsOut": 51640000,
    "weightedAverageShsOutDil": 52934000,
    "link": "https://www.sec.gov/Archives/edgar/data/34903/000119312504185521/0001193125-04-185521-index.htm",
    "finalLink": "https://www.sec.gov/Archives/edgar/data/34903/000119312504185521/d10q.htm"
  },
  {
    "date": "2004-06-30",
    "symbol": "FRT",
    "reportedCurrency": "USD",
    "cik": "0000034903",
    "fillingDate": "2004-07-28",
    "acceptedDate": "2004-07-28 17:25:29",
    "calendarYear": "2004",
    "period": "Q2",
    "revenue": 98509000,
    "costOfRevenue": 0,
    "grossProfit": 98509000,
    "grossProfitRatio": 1,
    "researchAndDevelopmentExpenses": 0,
    "generalAndAdministrativeExpenses": 4588000,
    "sellingAndMarketingExpenses": 0,
    "sellingGeneralAndAdministrativeExpenses": 4588000,
    "otherExpenses": 54290000,
    "operatingExpenses": 58878000,
    "costAndExpenses": 58878000,
    "interestIncome": 389000,
    "interestExpense": 26332000,
    "depreciationAndAmortization": 23196000,
    "ebitda": 62827000,
    "ebitdaratio": 0.6377792892,
    "operatingIncome": 39631000,
    "operatingIncomeRatio": 0.4023084185,
    "totalOtherIncomeExpensesNet": -39631000,
    "incomeBeforeTax": 0,
    "incomeBeforeTaxRatio": 0,
    "incomeTaxExpense": 0,
    "netIncome": 26332000,
    "netIncomeRatio": 0.2673055254,
    "eps": 0.46,
    "epsdiluted": 0.45,
    "weightedAverageShsOut": 51359000,
    "weightedAverageShsOutDil": 52681000,
    "link": "https://www.sec.gov/Archives/edgar/data/34903/000119312504126394/0001193125-04-126394-index.htm",
    "finalLink": "https://www.sec.gov/Archives/edgar/data/34903/000119312504126394/d10q.htm"
  },
  {
    "date": "2004-03-31",
    "symbol": "FRT",
    "reportedCurrency": "USD",
    "cik": "0000034903",
    "fillingDate": "2004-05-05",
    "acceptedDate": "2004-05-05 11:20:29",
    "calendarYear": "2004",
    "period": "Q1",
    "revenue": 94232000,
    "costOfRevenue": 0,
    "grossProfit": 94232000,
    "grossProfitRatio": 1,
    "researchAndDevelopmentExpenses": 0,
    "generalAndAdministrativeExpenses": 4182000,
    "sellingAndMarketingExpenses": 0,
    "sellingGeneralAndAdministrativeExpenses": 4182000,
    "otherExpenses": 51281000,
    "operatingExpenses": 55463000,
    "costAndExpenses": 55463000,
    "interestIncome": 0,
    "interestExpense": 17246000,
    "depreciationAndAmortization": 20662000,
    "ebitda": 59431000,
    "ebitdaratio": 0.630688089,
    "operatingIncome": 38769000,
    "operatingIncomeRatio": 0.4114207488,
    "totalOtherIncomeExpensesNet": -22499000,
    "incomeBeforeTax": 0,
    "incomeBeforeTaxRatio": 0,
    "incomeTaxExpense": 0,
    "netIncome": 17246000,
    "netIncomeRatio": 0.1830163851,
    "eps": 0.29,
    "epsdiluted": 0.28,
    "weightedAverageShsOut": 49163000,
    "weightedAverageShsOutDil": 50613000,
    "link": "https://www.sec.gov/Archives/edgar/data/34903/000095013304001777/0000950133-04-001777-index.htm",
    "finalLink": "https://www.sec.gov/Archives/edgar/data/34903/000095013304001777/w96899e10vq.htm"
  },
  {
    "date": "2003-12-31",
    "symbol": "FRT",
    "reportedCurrency": "USD",
    "cik": "0000034903",
    "fillingDate": "2004-03-15",
    "acceptedDate": "2004-03-12 20:45:30",
    "calendarYear": "2003",
    "period": "Q4",
    "revenue": 99398000,
    "costOfRevenue": 0,
    "grossProfit": 99398000,
    "grossProfitRatio": 1,
    "researchAndDevelopmentExpenses": 0,
    "generalAndAdministrativeExpenses": 2178000,
    "sellingAndMarketingExpenses": 0,
    "sellingGeneralAndAdministrativeExpenses": 2178000,
    "otherExpenses": 53168000,
    "operatingExpenses": 55346000,
    "costAndExpenses": 55346000,
    "interestIncome": 0,
    "interestExpense": 35400000,
    "depreciationAndAmortization": 20299000,
    "ebitda": 64918000,
    "ebitdaratio": 0.6531117326,
    "operatingIncome": 44052000,
    "operatingIncomeRatio": 0.4431879917,
    "totalOtherIncomeExpensesNet": -8652000,
    "incomeBeforeTax": 0,
    "incomeBeforeTaxRatio": 0,
    "incomeTaxExpense": 0,
    "netIncome": 35400000,
    "netIncomeRatio": 0.3561439868,
    "eps": 0,
    "epsdiluted": 0,
    "weightedAverageShsOut": 49086000,
    "weightedAverageShsOutDil": 49163000,
    "link": "https://www.sec.gov/Archives/edgar/data/34903/000095013304000888/0000950133-04-000888-index.htm",
    "finalLink": "https://www.sec.gov/Archives/edgar/data/34903/000095013304000888/w94595e10vk.htm"
  },
  {
    "date": "2003-09-30",
    "symbol": "FRT",
    "reportedCurrency": "USD",
    "cik": "0000034903",
    "fillingDate": "2003-11-03",
    "acceptedDate": "2003-11-03 16:59:54",
    "calendarYear": "2003",
    "period": "Q3",
    "revenue": 85936000,
    "costOfRevenue": 0,
    "grossProfit": 85936000,
    "grossProfitRatio": 1,
    "researchAndDevelopmentExpenses": 0,
    "generalAndAdministrativeExpenses": 3221000,
    "sellingAndMarketingExpenses": 0,
    "sellingGeneralAndAdministrativeExpenses": 3221000,
    "otherExpenses": 46425000,
    "operatingExpenses": 49646000,
    "costAndExpenses": 49646000,
    "interestIncome": 0,
    "interestExpense": 24595000,
    "depreciationAndAmortization": 18742000,
    "ebitda": 55032000,
    "ebitdaratio": 0.6403835412,
    "operatingIncome": 36290000,
    "operatingIncomeRatio": 0.4222910073,
    "totalOtherIncomeExpensesNet": -12579000,
    "incomeBeforeTax": 0,
    "incomeBeforeTaxRatio": 0,
    "incomeTaxExpense": 0,
    "netIncome": 24595000,
    "netIncomeRatio": 0.2862013592,
    "eps": 0.44,
    "epsdiluted": 0.44,
    "weightedAverageShsOut": 48935000,
    "weightedAverageShsOutDil": 50216000,
    "link": "https://www.sec.gov/Archives/edgar/data/34903/000119312503071736/0001193125-03-071736-index.htm",
    "finalLink": "https://www.sec.gov/Archives/edgar/data/34903/000119312503071736/d10q.htm"
  },
  {
    "date": "2003-06-30",
    "symbol": "FRT",
    "reportedCurrency": "USD",
    "cik": "0000034903",
    "fillingDate": "2003-07-30",
    "acceptedDate": "2003-07-30 14:44:28",
    "calendarYear": "2003",
    "period": "Q2",
    "revenue": 84514000,
    "costOfRevenue": 0,
    "grossProfit": 84514000,
    "grossProfitRatio": 1,
    "researchAndDevelopmentExpenses": 0,
    "generalAndAdministrativeExpenses": 3147000,
    "sellingAndMarketingExpenses": 0,
    "sellingGeneralAndAdministrativeExpenses": 3147000,
    "otherExpenses": 45868000,
    "operatingExpenses": 49015000,
    "costAndExpenses": 49015000,
    "interestIncome": 0,
    "interestExpense": 18126000,
    "depreciationAndAmortization": 18126000,
    "ebitda": 53625000,
    "ebitdaratio": 0.6345102587,
    "operatingIncome": 35499000,
    "operatingIncomeRatio": 0.420036917,
    "totalOtherIncomeExpensesNet": -17373000,
    "incomeBeforeTax": 0,
    "incomeBeforeTaxRatio": 0,
    "incomeTaxExpense": 0,
    "netIncome": 18126000,
    "netIncomeRatio": 0.2144733417,
    "eps": 0.22,
    "epsdiluted": 0.22,
    "weightedAverageShsOut": 47161000,
    "weightedAverageShsOutDil": 48376000,
    "link": "https://www.sec.gov/Archives/edgar/data/34903/000119312503026299/0001193125-03-026299-index.htm",
    "finalLink": "https://www.sec.gov/Archives/edgar/data/34903/000119312503026299/d10q.htm"
  },
  {
    "date": "2003-03-31",
    "symbol": "FRT",
    "reportedCurrency": "USD",
    "cik": "0000034903",
    "fillingDate": "2003-05-07",
    "acceptedDate": "2003-05-07 13:55:38",
    "calendarYear": "2003",
    "period": "Q1",
    "revenue": 84545000,
    "costOfRevenue": 0,
    "grossProfit": 84545000,
    "grossProfitRatio": 1,
    "researchAndDevelopmentExpenses": 0,
    "generalAndAdministrativeExpenses": 3274000,
    "sellingAndMarketingExpenses": 0,
    "sellingGeneralAndAdministrativeExpenses": 3274000,
    "otherExpenses": 46596000,
    "operatingExpenses": 49870000,
    "costAndExpenses": 49870000,
    "interestIncome": 0,
    "interestExpense": 16376000,
    "depreciationAndAmortization": 17449000,
    "ebitda": 52124000,
    "ebitdaratio": 0.6165237448,
    "operatingIncome": 34675000,
    "operatingIncomeRatio": 0.4101366136,
    "totalOtherIncomeExpensesNet": 16509000,
    "incomeBeforeTax": 0,
    "incomeBeforeTaxRatio": 0,
    "incomeTaxExpense": 0,
    "netIncome": 16376000,
    "netIncomeRatio": 0.193695665,
    "eps": 0.26,
    "epsdiluted": 0.26,
    "weightedAverageShsOut": 44271000,
    "weightedAverageShsOutDil": 45354000,
    "link": "https://www.sec.gov/Archives/edgar/data/34903/000092838503001484/0000928385-03-001484-index.htm",
    "finalLink": "https://www.sec.gov/Archives/edgar/data/34903/000092838503001484/d10q.txt"
  },
  {
    "date": "2002-12-31",
    "symbol": "FRT",
    "reportedCurrency": "USD",
    "cik": "0000034903",
    "fillingDate": "2003-03-26",
    "acceptedDate": "2003-03-26 17:10:41",
    "calendarYear": "2002",
    "period": "Q4",
    "revenue": 89437000,
    "costOfRevenue": 0,
    "grossProfit": 89437000,
    "grossProfitRatio": 1,
    "researchAndDevelopmentExpenses": 0,
    "generalAndAdministrativeExpenses": 3581000,
    "sellingAndMarketingExpenses": 0,
    "sellingGeneralAndAdministrativeExpenses": 3581000,
    "otherExpenses": 192724000,
    "operatingExpenses": 196305000,
    "costAndExpenses": 196305000,
    "interestIncome": 0,
    "interestExpense": 2779000,
    "depreciationAndAmortization": 16425000,
    "ebitda": -76663000,
    "ebitdaratio": -0.8571732057,
    "operatingIncome": -106868000,
    "operatingIncomeRatio": -1.1948969666,
    "totalOtherIncomeExpensesNet": 106868000,
    "incomeBeforeTax": 0,
    "incomeBeforeTaxRatio": 0,
    "incomeTaxExpense": 0,
    "netIncome": 2779000,
    "netIncomeRatio": 0.0310721513,
    "eps": 0,
    "epsdiluted": 0,
    "weightedAverageShsOut": 43031000,
    "weightedAverageShsOutDil": 44271000,
    "link": "https://www.sec.gov/Archives/edgar/data/34903/000092838503000860/0000928385-03-000860-index.htm",
    "finalLink": "https://www.sec.gov/Archives/edgar/data/34903/000092838503000860/d10k.txt"
  },
  {
    "date": "2002-09-30",
    "symbol": "FRT",
    "reportedCurrency": "USD",
    "cik": "0000034903",
    "fillingDate": "2002-10-30",
    "acceptedDate": "2002-10-30 15:00:10",
    "calendarYear": "2002",
    "period": "Q3",
    "revenue": 78333000,
    "costOfRevenue": 0,
    "grossProfit": 78333000,
    "grossProfitRatio": 1,
    "researchAndDevelopmentExpenses": 0,
    "generalAndAdministrativeExpenses": 3713000,
    "sellingAndMarketingExpenses": 0,
    "sellingGeneralAndAdministrativeExpenses": 3713000,
    "otherExpenses": 41436000,
    "operatingExpenses": 45149000,
    "costAndExpenses": 45149000,
    "interestIncome": 0,
    "interestExpense": 18504000,
    "depreciationAndAmortization": 16074000,
    "ebitda": 49258000,
    "ebitdaratio": 0.6288282078,
    "operatingIncome": 33184000,
    "operatingIncomeRatio": 0.4236273346,
    "totalOtherIncomeExpensesNet": -14680000,
    "incomeBeforeTax": 0,
    "incomeBeforeTaxRatio": 0,
    "incomeTaxExpense": 0,
    "netIncome": 18504000,
    "netIncomeRatio": 0.2362222818,
    "eps": 0.32,
    "epsdiluted": 0.31,
    "weightedAverageShsOut": 42802000,
    "weightedAverageShsOutDil": 44036000,
    "link": "https://www.sec.gov/Archives/edgar/data/34903/000092838502003423/0000928385-02-003423-index.htm",
    "finalLink": "https://www.sec.gov/Archives/edgar/data/34903/000092838502003423/d10q.txt"
  },
  {
    "date": "2002-06-30",
    "symbol": "FRT",
    "reportedCurrency": "USD",
    "cik": "0000034903",
    "fillingDate": "2002-08-12",
    "acceptedDate": "2002-08-12 14:11:33",
    "calendarYear": "2002",
    "period": "Q2",
    "revenue": 75828000,
    "costOfRevenue": 0,
    "grossProfit": 75828000,
    "grossProfitRatio": 1,
    "researchAndDevelopmentExpenses": 0,
    "generalAndAdministrativeExpenses": 3497000,
    "sellingAndMarketingExpenses": 0,
    "sellingGeneralAndAdministrativeExpenses": 3497000,
    "otherExpenses": 70086000,
    "operatingExpenses": 73583000,
    "costAndExpenses": 73583000,
    "interestIncome": 0,
    "interestExpense": 35335000,
    "depreciationAndAmortization": 16009000,
    "ebitda": 18254000,
    "ebitdaratio": 0.2407290183,
    "operatingIncome": 2245000,
    "operatingIncomeRatio": 0.0296064778,
    "totalOtherIncomeExpensesNet": -2245000,
    "incomeBeforeTax": 0,
    "incomeBeforeTaxRatio": 0,
    "incomeTaxExpense": 0,
    "netIncome": 35335000,
    "netIncomeRatio": 0.4659888168,
    "eps": 0.75,
    "epsdiluted": 0.74,
    "weightedAverageShsOut": 40798000,
    "weightedAverageShsOutDil": 42136000,
    "link": "https://www.sec.gov/Archives/edgar/data/34903/000092838502002729/0000928385-02-002729-index.htm",
    "finalLink": "https://www.sec.gov/Archives/edgar/data/34903/000092838502002729/d10q.txt"
  },
  {
    "date": "2002-03-31",
    "symbol": "FRT",
    "reportedCurrency": "USD",
    "cik": "0000034903",
    "fillingDate": "2002-05-02",
    "acceptedDate": "2002-05-02 17:12:32",
    "calendarYear": "2002",
    "period": "Q1",
    "revenue": 75236000,
    "costOfRevenue": 0,
    "grossProfit": 75236000,
    "grossProfitRatio": 1,
    "researchAndDevelopmentExpenses": 0,
    "generalAndAdministrativeExpenses": 2999000,
    "sellingAndMarketingExpenses": 0,
    "sellingGeneralAndAdministrativeExpenses": 2999000,
    "otherExpenses": 46847000,
    "operatingExpenses": 49846000,
    "costAndExpenses": 49846000,
    "interestIncome": 0,
    "interestExpense": 0,
    "depreciationAndAmortization": 16021000,
    "ebitda": 130890000,
    "ebitdaratio": 1.7397256632,
    "operatingIncome": 25390000,
    "operatingIncomeRatio": 0.3374714233,
    "totalOtherIncomeExpensesNet": -26721000,
    "incomeBeforeTax": 0,
    "incomeBeforeTaxRatio": 0,
    "incomeTaxExpense": 0,
    "netIncome": -1331000,
    "netIncomeRatio": -0.017690999,
    "eps": -0.15,
    "epsdiluted": -0.15,
    "weightedAverageShsOut": 39702000,
    "weightedAverageShsOutDil": 40942000,
    "link": "https://www.sec.gov/Archives/edgar/data/34903/000092838502001784/0000928385-02-001784-index.htm",
    "finalLink": "https://www.sec.gov/Archives/edgar/data/34903/000092838502001784/d10q.txt"
  },
  {
    "date": "2001-12-31",
    "symbol": "FRT",
    "reportedCurrency": "USD",
    "cik": "0000034903",
    "fillingDate": "2002-03-22",
    "acceptedDate": "2002-03-22 00:00:00",
    "calendarYear": "2001",
    "period": "Q4",
    "revenue": 79877000,
    "costOfRevenue": 0,
    "grossProfit": 79877000,
    "grossProfitRatio": 1,
    "researchAndDevelopmentExpenses": 0,
    "generalAndAdministrativeExpenses": 4310000,
    "sellingAndMarketingExpenses": 0,
    "sellingGeneralAndAdministrativeExpenses": 4310000,
    "otherExpenses": 41548000,
    "operatingExpenses": 45858000,
    "costAndExpenses": 45858000,
    "interestIncome": 0,
    "interestExpense": 17174000,
    "depreciationAndAmortization": 15804000,
    "ebitda": 49823000,
    "ebitdaratio": 0.6237465103,
    "operatingIncome": 34019000,
    "operatingIncomeRatio": 0.4258923094,
    "totalOtherIncomeExpensesNet": -34019000,
    "incomeBeforeTax": 0,
    "incomeBeforeTaxRatio": 0,
    "incomeTaxExpense": 0,
    "netIncome": 17174000,
    "netIncomeRatio": 0.2150055711,
    "eps": 0,
    "epsdiluted": 0,
    "weightedAverageShsOut": 39473000,
    "weightedAverageShsOutDil": 39702000,
    "link": "https://www.sec.gov/Archives/edgar/data/34903/000092838502000915/0000928385-02-000915-index.htm",
    "finalLink": "https://www.sec.gov/Archives/edgar/data/34903/000092838502000915/d10k405.txt"
  },
  {
    "date": "2001-09-30",
    "symbol": "FRT",
    "reportedCurrency": "USD",
    "cik": "0000034903",
    "fillingDate": "2001-11-02",
    "acceptedDate": "2001-11-02 00:00:00",
    "calendarYear": "2001",
    "period": "Q3",
    "revenue": 75524000,
    "costOfRevenue": 0,
    "grossProfit": 75524000,
    "grossProfitRatio": 1,
    "researchAndDevelopmentExpenses": 0,
    "generalAndAdministrativeExpenses": 3516000,
    "sellingAndMarketingExpenses": 0,
    "sellingGeneralAndAdministrativeExpenses": 3516000,
    "otherExpenses": 37961000,
    "operatingExpenses": 41477000,
    "costAndExpenses": 41477000,
    "interestIncome": 0,
    "interestExpense": 15182000,
    "depreciationAndAmortization": 15153000,
    "ebitda": 49200000,
    "ebitdaratio": 0.6514485462,
    "operatingIncome": 34047000,
    "operatingIncomeRatio": 0.4508103384,
    "totalOtherIncomeExpensesNet": 4303000,
    "incomeBeforeTax": 0,
    "incomeBeforeTaxRatio": 0,
    "incomeTaxExpense": 0,
    "netIncome": 15182000,
    "netIncomeRatio": 0.2010221916,
    "eps": 0.34,
    "epsdiluted": 0.33,
    "weightedAverageShsOut": 39347000,
    "weightedAverageShsOutDil": 40492000,
    "link": "https://www.sec.gov/Archives/edgar/data/34903/000092838501502240/0000928385-01-502240-index.htm",
    "finalLink": "https://www.sec.gov/Archives/edgar/data/34903/000092838501502240/d10q.txt"
  },
  {
    "date": "2001-06-30",
    "symbol": "FRT",
    "reportedCurrency": "USD",
    "cik": "0000034903",
    "fillingDate": "2001-08-10",
    "acceptedDate": "2001-08-10 00:00:00",
    "calendarYear": "2001",
    "period": "Q2",
    "revenue": 73398000,
    "costOfRevenue": 0,
    "grossProfit": 73398000,
    "grossProfitRatio": 1,
    "researchAndDevelopmentExpenses": 0,
    "generalAndAdministrativeExpenses": 3322000,
    "sellingAndMarketingExpenses": 0,
    "sellingGeneralAndAdministrativeExpenses": 3322000,
    "otherExpenses": 71909000,
    "operatingExpenses": 75231000,
    "costAndExpenses": 75231000,
    "interestIncome": 0,
    "interestExpense": 22167000,
    "depreciationAndAmortization": 14813000,
    "ebitda": 12980000,
    "ebitdaratio": 0.1768440557,
    "operatingIncome": -1833000,
    "operatingIncomeRatio": -0.0249734325,
    "totalOtherIncomeExpensesNet": 1833000,
    "incomeBeforeTax": 0,
    "incomeBeforeTaxRatio": 0,
    "incomeTaxExpense": 0,
    "netIncome": 22167000,
    "netIncomeRatio": 0.302010954,
    "eps": 0.51,
    "epsdiluted": 0.51,
    "weightedAverageShsOut": 38984000,
    "weightedAverageShsOutDil": 40027000,
    "link": "https://www.sec.gov/Archives/edgar/data/34903/000092838501501436/0000928385-01-501436-index.htm",
    "finalLink": "https://www.sec.gov/Archives/edgar/data/34903/000092838501501436/d10q.txt"
  },
  {
    "date": "2001-03-31",
    "symbol": "FRT",
    "reportedCurrency": "USD",
    "cik": "0000034903",
    "fillingDate": "2001-05-08",
    "acceptedDate": "2001-05-08 00:00:00",
    "calendarYear": "2001",
    "period": "Q1",
    "revenue": 71391000,
    "costOfRevenue": 0,
    "grossProfit": 71391000,
    "grossProfitRatio": 1,
    "researchAndDevelopmentExpenses": 0,
    "generalAndAdministrativeExpenses": 3133000,
    "sellingAndMarketingExpenses": 0,
    "sellingGeneralAndAdministrativeExpenses": 3133000,
    "otherExpenses": 35497000,
    "operatingExpenses": 38630000,
    "costAndExpenses": 38630000,
    "interestIncome": 0,
    "interestExpense": 14233000,
    "depreciationAndAmortization": 14144000,
    "ebitda": 122652000,
    "ebitdaratio": 1.7180316847,
    "operatingIncome": 32761000,
    "operatingIncomeRatio": 0.458895379,
    "totalOtherIncomeExpensesNet": -18528000,
    "incomeBeforeTax": 0,
    "incomeBeforeTaxRatio": 0,
    "incomeTaxExpense": 0,
    "netIncome": 14233000,
    "netIncomeRatio": 0.199366867,
    "eps": 0.32,
    "epsdiluted": 0.32,
    "weightedAverageShsOut": 38822000,
    "weightedAverageShsOutDil": 39856000,
    "link": "https://www.sec.gov/Archives/edgar/data/34903/000092838501500727/0000928385-01-500727-index.htm",
    "finalLink": "https://www.sec.gov/Archives/edgar/data/34903/000092838501500727/d10q.txt"
  },
  {
    "date": "2000-12-31",
    "symbol": "FRT",
    "reportedCurrency": "USD",
    "cik": "0000034903",
    "fillingDate": "2001-03-15",
    "acceptedDate": "2001-03-15 00:00:00",
    "calendarYear": "2000",
    "period": "Q4",
    "revenue": 72790000,
    "costOfRevenue": 0,
    "grossProfit": 72790000,
    "grossProfitRatio": 1,
    "researchAndDevelopmentExpenses": 0,
    "generalAndAdministrativeExpenses": 4283000,
    "sellingAndMarketingExpenses": 0,
    "sellingGeneralAndAdministrativeExpenses": 4283000,
    "otherExpenses": 35949000,
    "operatingExpenses": 40232000,
    "costAndExpenses": 40232000,
    "interestIncome": 0,
    "interestExpense": 13889000,
    "depreciationAndAmortization": 13826000,
    "ebitda": 46384000,
    "ebitdaratio": 0.6372303888,
    "operatingIncome": 32558000,
    "operatingIncomeRatio": 0.4472867152,
    "totalOtherIncomeExpensesNet": -18669000,
    "incomeBeforeTax": 0,
    "incomeBeforeTaxRatio": 0,
    "incomeTaxExpense": 0,
    "netIncome": 13889000,
    "netIncomeRatio": 0.1908091771,
    "eps": 0,
    "epsdiluted": 0,
    "weightedAverageShsOut": 38748000,
    "weightedAverageShsOutDil": 38822000,
    "link": "https://www.sec.gov/Archives/edgar/data/34903/000092838501500026/0000928385-01-500026-index.htm",
    "finalLink": "https://www.sec.gov/Archives/edgar/data/34903/000092838501500026/d10k405.txt"
  },
  {
    "date": "2000-09-30",
    "symbol": "FRT",
    "reportedCurrency": "USD",
    "cik": "0000034903",
    "fillingDate": "2000-11-03",
    "acceptedDate": "2000-11-03 00:00:00",
    "calendarYear": "2000",
    "period": "Q3",
    "revenue": 68581000,
    "costOfRevenue": 0,
    "grossProfit": 68581000,
    "grossProfitRatio": 1,
    "researchAndDevelopmentExpenses": 0,
    "generalAndAdministrativeExpenses": 3245000,
    "sellingAndMarketingExpenses": 0,
    "sellingGeneralAndAdministrativeExpenses": 3245000,
    "otherExpenses": 33196000,
    "operatingExpenses": 36441000,
    "costAndExpenses": 36441000,
    "interestIncome": 0,
    "interestExpense": 14421000,
    "depreciationAndAmortization": 13440000,
    "ebitda": 45580000,
    "ebitdaratio": 0.6646155641,
    "operatingIncome": 32140000,
    "operatingIncomeRatio": 0.4686429186,
    "totalOtherIncomeExpensesNet": -32140000,
    "incomeBeforeTax": 0,
    "incomeBeforeTaxRatio": 0,
    "incomeTaxExpense": 0,
    "netIncome": 14421000,
    "netIncomeRatio": 0.2102768988,
    "eps": 0.32,
    "epsdiluted": 0.32,
    "weightedAverageShsOut": 38695000,
    "weightedAverageShsOutDil": 39774000,
    "link": "https://www.sec.gov/Archives/edgar/data/34903/000092838500002936/0000928385-00-002936-index.htm",
    "finalLink": "https://www.sec.gov/Archives/edgar/data/34903/000092838500002936/0000928385-00-002936-0001.txt"
  },
  {
    "date": "2000-06-30",
    "symbol": "FRT",
    "reportedCurrency": "USD",
    "cik": "0000034903",
    "fillingDate": "2000-07-26",
    "acceptedDate": "2000-07-26 00:00:00",
    "calendarYear": "2000",
    "period": "Q2",
    "revenue": 68806000,
    "costOfRevenue": 0,
    "grossProfit": 68806000,
    "grossProfitRatio": 1,
    "researchAndDevelopmentExpenses": 0,
    "generalAndAdministrativeExpenses": 2868000,
    "sellingAndMarketingExpenses": 0,
    "sellingGeneralAndAdministrativeExpenses": 2868000,
    "otherExpenses": 33282000,
    "operatingExpenses": 36150000,
    "costAndExpenses": 36150000,
    "interestIncome": 0,
    "interestExpense": 18074000,
    "depreciationAndAmortization": 13338000,
    "ebitda": 45994000,
    "ebitdaratio": 0.668459146,
    "operatingIncome": 32656000,
    "operatingIncomeRatio": 0.4746097724,
    "totalOtherIncomeExpensesNet": -32656000,
    "incomeBeforeTax": 0,
    "incomeBeforeTaxRatio": 0,
    "incomeTaxExpense": 0,
    "netIncome": 18074000,
    "netIncomeRatio": 0.2626805802,
    "eps": 0.42,
    "epsdiluted": 0.41,
    "weightedAverageShsOut": 38601000,
    "weightedAverageShsOutDil": 39782000,
    "link": "https://www.sec.gov/Archives/edgar/data/34903/000092838500002011/0000928385-00-002011-index.htm",
    "finalLink": "https://www.sec.gov/Archives/edgar/data/34903/000092838500002011/0000928385-00-002011-0001.txt"
  },
  {
    "date": "2000-03-31",
    "symbol": "FRT",
    "reportedCurrency": "USD",
    "cik": "0000034903",
    "fillingDate": "2000-05-04",
    "acceptedDate": "2000-05-04 00:00:00",
    "calendarYear": "2000",
    "period": "Q1",
    "revenue": 69104000,
    "costOfRevenue": 0,
    "grossProfit": 69104000,
    "grossProfitRatio": 1,
    "researchAndDevelopmentExpenses": 0,
    "generalAndAdministrativeExpenses": 2922000,
    "sellingAndMarketingExpenses": 0,
    "sellingGeneralAndAdministrativeExpenses": 2922000,
    "otherExpenses": 33732000,
    "operatingExpenses": 36654000,
    "costAndExpenses": 36654000,
    "interestIncome": 0,
    "interestExpense": 14139000,
    "depreciationAndAmortization": 12655000,
    "ebitda": 45105000,
    "ebitdaratio": 0.6527118546,
    "operatingIncome": 32450000,
    "operatingIncomeRatio": 0.4695820792,
    "totalOtherIncomeExpensesNet": -32450000,
    "incomeBeforeTax": 0,
    "incomeBeforeTaxRatio": 0,
    "incomeTaxExpense": 0,
    "netIncome": 14139000,
    "netIncomeRatio": 0.2046046539,
    "eps": 0.31,
    "epsdiluted": 0.31,
    "weightedAverageShsOut": 39444000,
    "weightedAverageShsOutDil": 40595000,
    "link": "https://www.sec.gov/Archives/edgar/data/34903/000092838500001407/0000928385-00-001407-index.html",
    "finalLink": "https://www.sec.gov/Archives/edgar/data/34903/000092838500001407/"
  },
  {
    "date": "1999-12-31",
    "symbol": "FRT",
    "reportedCurrency": "USD",
    "cik": "0000034903",
    "fillingDate": "2000-03-21",
    "acceptedDate": "2000-03-21 00:00:00",
    "calendarYear": "1999",
    "period": "Q4",
    "revenue": 69613000,
    "costOfRevenue": 0,
    "grossProfit": 69613000,
    "grossProfitRatio": 1,
    "researchAndDevelopmentExpenses": 0,
    "generalAndAdministrativeExpenses": 4220000,
    "sellingAndMarketingExpenses": 0,
    "sellingGeneralAndAdministrativeExpenses": 4220000,
    "otherExpenses": 243709000,
    "operatingExpenses": 247929000,
    "costAndExpenses": 247929000,
    "interestIncome": 0,
    "interestExpense": 20943000,
    "depreciationAndAmortization": 12711000,
    "ebitda": -165605000,
    "ebitdaratio": -2.3789378421,
    "operatingIncome": -178316000,
    "operatingIncomeRatio": -2.561533047,
    "totalOtherIncomeExpensesNet": 0,
    "incomeBeforeTax": 0,
    "incomeBeforeTaxRatio": 0,
    "incomeTaxExpense": 0,
    "netIncome": 20943000,
    "netIncomeRatio": 0.3008489794,
    "eps": 0,
    "epsdiluted": 0,
    "weightedAverageShsOut": 39444000,
    "weightedAverageShsOutDil": 39444000,
    "link": "https://www.sec.gov/Archives/edgar/data/34903/000095010900001048/0000950109-00-001048-index.html",
    "finalLink": "https://www.sec.gov/Archives/edgar/data/34903/000095010900001048/"
  },
  {
    "date": "1999-09-30",
    "symbol": "FRT",
    "reportedCurrency": "USD",
    "cik": "0000034903",
    "fillingDate": "1999-11-03",
    "acceptedDate": "1999-11-03 00:00:00",
    "calendarYear": "1999",
    "period": "Q3",
    "revenue": 67200000,
    "costOfRevenue": 0,
    "grossProfit": 67200000,
    "grossProfitRatio": 1,
    "researchAndDevelopmentExpenses": 0,
    "generalAndAdministrativeExpenses": 5400000,
    "sellingAndMarketingExpenses": 0,
    "sellingGeneralAndAdministrativeExpenses": 5400000,
    "otherExpenses": -38100000,
    "operatingExpenses": -32700000,
    "costAndExpenses": -32700000,
    "interestIncome": 0,
    "interestExpense": 14200000,
    "depreciationAndAmortization": 12368000,
    "ebitda": 112268000,
    "ebitdaratio": 1.6706547619,
    "operatingIncome": 99900000,
    "operatingIncomeRatio": 1.4866071429,
    "totalOtherIncomeExpensesNet": 0,
    "incomeBeforeTax": 0,
    "incomeBeforeTaxRatio": 0,
    "incomeTaxExpense": 0,
    "netIncome": 14200000,
    "netIncomeRatio": 0.2113095238,
    "eps": 0.31,
    "epsdiluted": 0.3,
    "weightedAverageShsOut": 39354839,
    "weightedAverageShsOutDil": 40666667,
    "link": "https://www.sec.gov/Archives/edgar/data/34903/000092838599003233/0000928385-99-003233-index.html",
    "finalLink": "https://www.sec.gov/Archives/edgar/data/34903/000092838599003233/"
  },
  {
    "date": "1999-06-10",
    "symbol": "FRT",
    "reportedCurrency": "USD",
    "cik": "0000034903",
    "fillingDate": "1999-07-29",
    "acceptedDate": "1999-07-29 00:00:00",
    "calendarYear": "1999",
    "period": "Q2",
    "revenue": 57145000,
    "costOfRevenue": 0,
    "grossProfit": 57145000,
    "grossProfitRatio": 1,
    "researchAndDevelopmentExpenses": 0,
    "generalAndAdministrativeExpenses": 3200000,
    "sellingAndMarketingExpenses": 0,
    "sellingGeneralAndAdministrativeExpenses": 3160000,
    "otherExpenses": -34945000,
    "operatingExpenses": -31785000,
    "costAndExpenses": -31785000,
    "interestIncome": 0,
    "interestExpense": 6800000,
    "depreciationAndAmortization": 12632000,
    "ebitda": 101562000,
    "ebitdaratio": 1.7772683524,
    "operatingIncome": 88930000,
    "operatingIncomeRatio": 1.5562166419,
    "totalOtherIncomeExpensesNet": -7050000,
    "incomeBeforeTax": 0,
    "incomeBeforeTaxRatio": 0,
    "incomeTaxExpense": 0,
    "netIncome": 6815000,
    "netIncomeRatio": 0.1192580278,
    "eps": 0.12,
    "epsdiluted": 0.12,
    "weightedAverageShsOut": 40682000,
    "weightedAverageShsOutDil": 40682000,
    "link": "https://www.sec.gov/Archives/edgar/data/34903/000092838599002395/0000928385-99-002395-index.html",
    "finalLink": "https://www.sec.gov/Archives/edgar/data/34903/000092838599002395/"
  },
  {
    "date": "1999-03-31",
    "symbol": "FRT",
    "reportedCurrency": "USD",
    "cik": "0000034903",
    "fillingDate": "1999-04-28",
    "acceptedDate": "1999-04-28 00:00:00",
    "calendarYear": "1999",
    "period": "Q1",
    "revenue": 62878000,
    "costOfRevenue": 0,
    "grossProfit": 62878000,
    "grossProfitRatio": 1,
    "researchAndDevelopmentExpenses": 0,
    "generalAndAdministrativeExpenses": 2300000,
    "sellingAndMarketingExpenses": 0,
    "sellingGeneralAndAdministrativeExpenses": 2300000,
    "otherExpenses": -34200000,
    "operatingExpenses": -31900000,
    "costAndExpenses": -31900000,
    "interestIncome": 0,
    "interestExpense": 13600000,
    "depreciationAndAmortization": 12300000,
    "ebitda": 107078000,
    "ebitdaratio": 1.7029485671,
    "operatingIncome": 94778000,
    "operatingIncomeRatio": 1.5073316581,
    "totalOtherIncomeExpensesNet": 0,
    "incomeBeforeTax": 0,
    "incomeBeforeTaxRatio": 0,
    "incomeTaxExpense": 0,
    "netIncome": 13600000,
    "netIncomeRatio": 0.2162918668,
    "eps": 0.29,
    "epsdiluted": 0.29,
    "weightedAverageShsOut": 40000000,
    "weightedAverageShsOutDil": 40000000,
    "link": "https://www.sec.gov/Archives/edgar/data/34903/000092838599001432/0000928385-99-001432-index.html",
    "finalLink": "https://www.sec.gov/Archives/edgar/data/34903/"
  },
  {
    "date": "1998-12-31",
    "symbol": "FRT",
    "reportedCurrency": "USD",
    "cik": "0000034903",
    "fillingDate": "1999-03-19",
    "acceptedDate": "1999-03-19 00:00:00",
    "calendarYear": "1998",
    "period": "Q4",
    "revenue": 64978000,
    "costOfRevenue": 0,
    "grossProfit": 64978000,
    "grossProfitRatio": 1,
    "researchAndDevelopmentExpenses": 0,
    "generalAndAdministrativeExpenses": 3096000,
    "sellingAndMarketingExpenses": 0,
    "sellingGeneralAndAdministrativeExpenses": 3096000,
    "otherExpenses": 220508000,
    "operatingExpenses": 223604000,
    "costAndExpenses": 223604000,
    "interestIncome": 0,
    "interestExpense": 12760000,
    "depreciationAndAmortization": 10747000,
    "ebitda": -147879000,
    "ebitdaratio": -2.27583182,
    "operatingIncome": -158626000,
    "operatingIncomeRatio": -2.4412262612,
    "totalOtherIncomeExpensesNet": 0,
    "incomeBeforeTax": 0,
    "incomeBeforeTaxRatio": 0,
    "incomeTaxExpense": 0,
    "netIncome": 12760000,
    "netIncomeRatio": 0.1963741574,
    "eps": 0,
    "epsdiluted": 0,
    "weightedAverageShsOut": 39382567,
    "weightedAverageShsOutDil": 40000000,
    "link": "https://www.sec.gov/Archives/edgar/data/34903/000092838599000847/0000928385-99-000847-index.html",
    "finalLink": "https://www.sec.gov/Archives/edgar/data/34903/"
  },
  {
    "date": "1998-09-30",
    "symbol": "FRT",
    "reportedCurrency": "USD",
    "cik": "0000034903",
    "fillingDate": "1998-11-10",
    "acceptedDate": "1998-11-10 00:00:00",
    "calendarYear": "1998",
    "period": "Q3",
    "revenue": 59000000,
    "costOfRevenue": 0,
    "grossProfit": 59000000,
    "grossProfitRatio": 1,
    "researchAndDevelopmentExpenses": 0,
    "generalAndAdministrativeExpenses": 2900000,
    "sellingAndMarketingExpenses": 0,
    "sellingGeneralAndAdministrativeExpenses": 2900000,
    "otherExpenses": -37800000,
    "operatingExpenses": -34900000,
    "costAndExpenses": -34900000,
    "interestIncome": 0,
    "interestExpense": 7500000,
    "depreciationAndAmortization": 15300000,
    "ebitda": 109200000,
    "ebitdaratio": 1.8508474576,
    "operatingIncome": 93900000,
    "operatingIncomeRatio": 1.5915254237,
    "totalOtherIncomeExpensesNet": 0,
    "incomeBeforeTax": 0,
    "incomeBeforeTaxRatio": 0,
    "incomeTaxExpense": 0,
    "netIncome": 7500000,
    "netIncomeRatio": 0.1271186441,
    "eps": 0.14,
    "epsdiluted": 0.14,
    "weightedAverageShsOut": 39285714,
    "weightedAverageShsOutDil": 39285714,
    "link": "https://www.sec.gov/Archives/edgar/data/34903/000092838598002246/0000928385-98-002246-index.html",
    "finalLink": "https://www.sec.gov/Archives/edgar/data/34903/"
  },
  {
    "date": "1998-06-30",
    "symbol": "FRT",
    "reportedCurrency": "USD",
    "cik": "0000034903",
    "fillingDate": "1998-08-12",
    "acceptedDate": "1998-08-12 00:00:00",
    "calendarYear": "1998",
    "period": "Q2",
    "revenue": 58300000,
    "costOfRevenue": 0,
    "grossProfit": 58300000,
    "grossProfitRatio": 1,
    "researchAndDevelopmentExpenses": 0,
    "generalAndAdministrativeExpenses": 4000000,
    "sellingAndMarketingExpenses": 0,
    "sellingGeneralAndAdministrativeExpenses": 4000000,
    "otherExpenses": -32300000,
    "operatingExpenses": -28300000,
    "costAndExpenses": -28300000,
    "interestIncome": 0,
    "interestExpense": 12000000,
    "depreciationAndAmortization": 8700000,
    "ebitda": 95300000,
    "ebitdaratio": 1.6346483705,
    "operatingIncome": 86600000,
    "operatingIncomeRatio": 1.4854202401,
    "totalOtherIncomeExpensesNet": 0,
    "incomeBeforeTax": 0,
    "incomeBeforeTaxRatio": 0,
    "incomeTaxExpense": 0,
    "netIncome": 12000000,
    "netIncomeRatio": 0.2058319039,
    "eps": 0.26,
    "epsdiluted": 0.25,
    "weightedAverageShsOut": 38461538,
    "weightedAverageShsOutDil": 40000000,
    "link": "https://www.sec.gov/Archives/edgar/data/34903/000092838598001652/0000928385-98-001652-index.html",
    "finalLink": "https://www.sec.gov/Archives/edgar/data/34903/"
  },
  {
    "date": "1998-03-31",
    "symbol": "FRT",
    "reportedCurrency": "USD",
    "cik": "0000034903",
    "fillingDate": "1998-05-11",
    "acceptedDate": "1998-05-11 00:00:00",
    "calendarYear": "1998",
    "period": "Q1",
    "revenue": 55400000,
    "costOfRevenue": 0,
    "grossProfit": 55400000,
    "grossProfitRatio": 1,
    "researchAndDevelopmentExpenses": 0,
    "generalAndAdministrativeExpenses": 1800000,
    "sellingAndMarketingExpenses": 0,
    "sellingGeneralAndAdministrativeExpenses": 1800000,
    "otherExpenses": -30000000,
    "operatingExpenses": -28200000,
    "costAndExpenses": -28200000,
    "interestIncome": 0,
    "interestExpense": 12700000,
    "depreciationAndAmortization": 11300000,
    "ebitda": 94900000,
    "ebitdaratio": 1.7129963899,
    "operatingIncome": 83600000,
    "operatingIncomeRatio": 1.5090252708,
    "totalOtherIncomeExpensesNet": 0,
    "incomeBeforeTax": 0,
    "incomeBeforeTaxRatio": 0,
    "incomeTaxExpense": 0,
    "netIncome": 12700000,
    "netIncomeRatio": 0.2292418773,
    "eps": 0.27,
    "epsdiluted": 0.27,
    "weightedAverageShsOut": 39629630,
    "weightedAverageShsOutDil": 39629630,
    "link": "https://www.sec.gov/Archives/edgar/data/34903/000092838598000980/0000928385-98-000980-index.html",
    "finalLink": "https://www.sec.gov/Archives/edgar/data/34903/"
  },
  {
    "date": "1997-12-31",
    "symbol": "FRT",
    "reportedCurrency": "USD",
    "cik": "0000034903",
    "fillingDate": "1998-03-11",
    "acceptedDate": "1998-03-11 00:00:00",
    "calendarYear": "1997",
    "period": "Q4",
    "revenue": 48571000,
    "costOfRevenue": 0,
    "grossProfit": 48571000,
    "grossProfitRatio": 1,
    "researchAndDevelopmentExpenses": 0,
    "generalAndAdministrativeExpenses": 3193000,
    "sellingAndMarketingExpenses": 0,
    "sellingGeneralAndAdministrativeExpenses": 3193000,
    "otherExpenses": 189619000,
    "operatingExpenses": 192812000,
    "costAndExpenses": 192812000,
    "interestIncome": 0,
    "interestExpense": 10704000,
    "depreciationAndAmortization": 9699000,
    "ebitda": -134542000,
    "ebitdaratio": -2.7700067942,
    "operatingIncome": -144241000,
    "operatingIncomeRatio": -2.9696938502,
    "totalOtherIncomeExpensesNet": 0,
    "incomeBeforeTax": 0,
    "incomeBeforeTaxRatio": 0,
    "incomeTaxExpense": 0,
    "netIncome": 10704000,
    "netIncomeRatio": 0.2203784151,
    "eps": 0,
    "epsdiluted": 0,
    "weightedAverageShsOut": 38309232,
    "weightedAverageShsOutDil": 39629630,
    "link": "https://www.sec.gov/Archives/edgar/data/34903/000092838598000440/0000928385-98-000440-index.html",
    "finalLink": "https://www.sec.gov/Archives/edgar/data/34903/"
  },
  {
    "date": "1997-09-30",
    "symbol": "FRT",
    "reportedCurrency": "USD",
    "cik": "0000034903",
    "fillingDate": "1997-10-29",
    "acceptedDate": "1997-10-29 00:00:00",
    "calendarYear": "1997",
    "period": "Q3",
    "revenue": 49800000,
    "costOfRevenue": 0,
    "grossProfit": 49800000,
    "grossProfitRatio": 1,
    "researchAndDevelopmentExpenses": 0,
    "generalAndAdministrativeExpenses": 2000000,
    "sellingAndMarketingExpenses": 0,
    "sellingGeneralAndAdministrativeExpenses": 2000000,
    "otherExpenses": -28400000,
    "operatingExpenses": -26400000,
    "costAndExpenses": -26400000,
    "interestIncome": 0,
    "interestExpense": 9500000,
    "depreciationAndAmortization": 10800000,
    "ebitda": 87000000,
    "ebitdaratio": 1.7469879518,
    "operatingIncome": 76200000,
    "operatingIncomeRatio": 1.5301204819,
    "totalOtherIncomeExpensesNet": 0,
    "incomeBeforeTax": 0,
    "incomeBeforeTaxRatio": 0,
    "incomeTaxExpense": 0,
    "netIncome": 9500000,
    "netIncomeRatio": 0.1907630522,
    "eps": 0.24,
    "epsdiluted": 0.24,
    "weightedAverageShsOut": 39583333,
    "weightedAverageShsOutDil": 39583333,
    "link": "https://www.sec.gov/Archives/edgar/data/34903/000092838597001724/0000928385-97-001724-index.html",
    "finalLink": "https://www.sec.gov/Archives/edgar/data/34903/"
  },
  {
    "date": "1997-06-30",
    "symbol": "FRT",
    "reportedCurrency": "USD",
    "cik": "0000034903",
    "fillingDate": "1997-07-30",
    "acceptedDate": "1997-07-30 00:00:00",
    "calendarYear": "1997",
    "period": "Q2",
    "revenue": 57800000,
    "costOfRevenue": 0,
    "grossProfit": 57800000,
    "grossProfitRatio": 1,
    "researchAndDevelopmentExpenses": 0,
    "generalAndAdministrativeExpenses": 2500000,
    "sellingAndMarketingExpenses": 0,
    "sellingGeneralAndAdministrativeExpenses": 2500000,
    "otherExpenses": -28800000,
    "operatingExpenses": -26300000,
    "costAndExpenses": -26300000,
    "interestIncome": 0,
    "interestExpense": 17000000,
    "depreciationAndAmortization": 10600000,
    "ebitda": 94700000,
    "ebitdaratio": 1.6384083045,
    "operatingIncome": 84100000,
    "operatingIncomeRatio": 1.455017301,
    "totalOtherIncomeExpensesNet": 0,
    "incomeBeforeTax": 0,
    "incomeBeforeTaxRatio": 0,
    "incomeTaxExpense": 0,
    "netIncome": 17000000,
    "netIncomeRatio": 0.2941176471,
    "eps": 0.44,
    "epsdiluted": 0.44,
    "weightedAverageShsOut": 38636364,
    "weightedAverageShsOutDil": 38636364,
    "link": "https://www.sec.gov/Archives/edgar/data/34903/000092838597001215/0000928385-97-001215-index.html",
    "finalLink": "https://www.sec.gov/Archives/edgar/data/34903/"
  },
  {
    "date": "1997-03-31",
    "symbol": "FRT",
    "reportedCurrency": "USD",
    "cik": "0000034903",
    "fillingDate": "1997-05-07",
    "acceptedDate": "1997-05-07 00:00:00",
    "calendarYear": "1997",
    "period": "Q1",
    "revenue": 48600000,
    "costOfRevenue": 0,
    "grossProfit": 48600000,
    "grossProfitRatio": 1,
    "researchAndDevelopmentExpenses": 0,
    "generalAndAdministrativeExpenses": 2100000,
    "sellingAndMarketingExpenses": 0,
    "sellingGeneralAndAdministrativeExpenses": 2100000,
    "otherExpenses": -27300000,
    "operatingExpenses": -25200000,
    "costAndExpenses": -25200000,
    "interestIncome": 0,
    "interestExpense": 9300000,
    "depreciationAndAmortization": 10300000,
    "ebitda": 84100000,
    "ebitdaratio": 1.7304526749,
    "operatingIncome": 73800000,
    "operatingIncomeRatio": 1.5185185185,
    "totalOtherIncomeExpensesNet": 0,
    "incomeBeforeTax": 0,
    "incomeBeforeTaxRatio": 0,
    "incomeTaxExpense": 0,
    "netIncome": 9300000,
    "netIncomeRatio": 0.1913580247,
    "eps": 0.25,
    "epsdiluted": 0.24,
    "weightedAverageShsOut": 37200000,
    "weightedAverageShsOutDil": 38750000,
    "link": "https://www.sec.gov/Archives/edgar/data/34903/000095010997003730/0000950109-97-003730-index.html",
    "finalLink": "https://www.sec.gov/Archives/edgar/data/34903/"
  },
  {
    "date": "1996-12-31",
    "symbol": "FRT",
    "reportedCurrency": "USD",
    "cik": "0000034903",
    "fillingDate": "1997-02-18",
    "acceptedDate": "1997-02-18 00:00:00",
    "calendarYear": "1996",
    "period": "Q4",
    "revenue": 47455000,
    "costOfRevenue": 0,
    "grossProfit": 47455000,
    "grossProfitRatio": 1,
    "researchAndDevelopmentExpenses": 0,
    "generalAndAdministrativeExpenses": 3000000,
    "sellingAndMarketingExpenses": 0,
    "sellingGeneralAndAdministrativeExpenses": 3000000,
    "otherExpenses": 172352000,
    "operatingExpenses": 175352000,
    "costAndExpenses": 175352000,
    "interestIncome": 0,
    "interestExpense": 7742000,
    "depreciationAndAmortization": 9153000,
    "ebitda": -118744000,
    "ebitdaratio": -2.5022442314,
    "operatingIncome": -127897000,
    "operatingIncomeRatio": -2.6951216942,
    "totalOtherIncomeExpensesNet": 127897000,
    "incomeBeforeTax": 0,
    "incomeBeforeTaxRatio": 0,
    "incomeTaxExpense": 0,
    "netIncome": 7742000,
    "netIncomeRatio": 0.1631440312,
    "eps": 0,
    "epsdiluted": 0,
    "weightedAverageShsOut": 37200000,
    "weightedAverageShsOutDil": 37200000,
    "link": "https://www.sec.gov/Archives/edgar/data/34903/000092838597000296/0000928385-97-000296-index.html",
    "finalLink": "https://www.sec.gov/Archives/edgar/data/34903/"
  },
  {
    "date": "1996-09-30",
    "symbol": "FRT",
    "reportedCurrency": "USD",
    "cik": "0000034903",
    "fillingDate": "1996-11-06",
    "acceptedDate": "1996-11-06 00:00:00",
    "calendarYear": "1996",
    "period": "Q3",
    "revenue": 44300000,
    "costOfRevenue": 0,
    "grossProfit": 44300000,
    "grossProfitRatio": 1,
    "researchAndDevelopmentExpenses": 0,
    "generalAndAdministrativeExpenses": 2300000,
    "sellingAndMarketingExpenses": 0,
    "sellingGeneralAndAdministrativeExpenses": 2300000,
    "otherExpenses": -24900000,
    "operatingExpenses": -22600000,
    "costAndExpenses": -22600000,
    "interestIncome": 0,
    "interestExpense": 8100000,
    "depreciationAndAmortization": 9700000,
    "ebitda": 76600000,
    "ebitdaratio": 1.7291196388,
    "operatingIncome": 66900000,
    "operatingIncomeRatio": 1.5101580135,
    "totalOtherIncomeExpensesNet": 0,
    "incomeBeforeTax": 0,
    "incomeBeforeTaxRatio": 0,
    "incomeTaxExpense": 0,
    "netIncome": 8100000,
    "netIncomeRatio": 0.1828442438,
    "eps": 0.24,
    "epsdiluted": 0.24,
    "weightedAverageShsOut": 33750000,
    "weightedAverageShsOutDil": 33750000,
    "link": "https://www.sec.gov/Archives/edgar/data/34903/000092838596001431/0000928385-96-001431-index.html",
    "finalLink": "https://www.sec.gov/Archives/edgar/data/34903/"
  },
  {
    "date": "1996-06-30",
    "symbol": "FRT",
    "reportedCurrency": "USD",
    "cik": "0000034903",
    "fillingDate": "1996-08-12",
    "acceptedDate": "1996-08-12 00:00:00",
    "calendarYear": "1996",
    "period": "Q2",
    "revenue": 43500000,
    "costOfRevenue": 0,
    "grossProfit": 43500000,
    "grossProfitRatio": 1,
    "researchAndDevelopmentExpenses": 0,
    "generalAndAdministrativeExpenses": 2100000,
    "sellingAndMarketingExpenses": 0,
    "sellingGeneralAndAdministrativeExpenses": 2100000,
    "otherExpenses": -25400000,
    "operatingExpenses": -23300000,
    "costAndExpenses": -23300000,
    "interestIncome": 0,
    "interestExpense": 6900000,
    "depreciationAndAmortization": 9300000,
    "ebitda": 76100000,
    "ebitdaratio": 1.7494252874,
    "operatingIncome": 66800000,
    "operatingIncomeRatio": 1.5356321839,
    "totalOtherIncomeExpensesNet": 0,
    "incomeBeforeTax": 0,
    "incomeBeforeTaxRatio": 0,
    "incomeTaxExpense": 0,
    "netIncome": 6900000,
    "netIncomeRatio": 0.1586206897,
    "eps": 0.21,
    "epsdiluted": 0.21,
    "weightedAverageShsOut": 32857143,
    "weightedAverageShsOutDil": 32857143,
    "link": "https://www.sec.gov/Archives/edgar/data/34903/000092838596001048/0000928385-96-001048-index.html",
    "finalLink": "https://www.sec.gov/Archives/edgar/data/34903/"
  },
  {
    "date": "1996-03-31",
    "symbol": "FRT",
    "reportedCurrency": "USD",
    "cik": "0000034903",
    "fillingDate": "1996-05-14",
    "acceptedDate": "1996-05-14 00:00:00",
    "calendarYear": "1996",
    "period": "Q1",
    "revenue": 43900000,
    "costOfRevenue": 0,
    "grossProfit": 43900000,
    "grossProfitRatio": 1,
    "researchAndDevelopmentExpenses": 0,
    "generalAndAdministrativeExpenses": 1700000,
    "sellingAndMarketingExpenses": 0,
    "sellingGeneralAndAdministrativeExpenses": 1700000,
    "otherExpenses": -26700000,
    "operatingExpenses": -25000000,
    "costAndExpenses": -25000000,
    "interestIncome": 0,
    "interestExpense": 6000000,
    "depreciationAndAmortization": 9600000,
    "ebitda": 78500000,
    "ebitdaratio": 1.7881548975,
    "operatingIncome": 68900000,
    "operatingIncomeRatio": 1.569476082,
    "totalOtherIncomeExpensesNet": 0,
    "incomeBeforeTax": 0,
    "incomeBeforeTaxRatio": 0,
    "incomeTaxExpense": 0,
    "netIncome": 6000000,
    "netIncomeRatio": 0.1366742597,
    "eps": 0.19,
    "epsdiluted": 0.19,
    "weightedAverageShsOut": 31578947,
    "weightedAverageShsOutDil": 31578947,
    "link": "https://www.sec.gov/Archives/edgar/data/34903/000092838596000524/0000928385-96-000524-index.html",
    "finalLink": "https://www.sec.gov/Archives/edgar/data/34903/"
  },
  {
    "date": "1995-12-31",
    "symbol": "FRT",
    "reportedCurrency": "USD",
    "cik": "0000034903",
    "fillingDate": "1996-03-15",
    "acceptedDate": "1996-03-15 00:00:00",
    "calendarYear": "1995",
    "period": "Q4",
    "revenue": 41489000,
    "costOfRevenue": 0,
    "grossProfit": 41489000,
    "grossProfitRatio": 1,
    "researchAndDevelopmentExpenses": 0,
    "generalAndAdministrativeExpenses": 2805000,
    "sellingAndMarketingExpenses": 0,
    "sellingGeneralAndAdministrativeExpenses": 2805000,
    "otherExpenses": 150765000,
    "operatingExpenses": 153570000,
    "costAndExpenses": 153570000,
    "interestIncome": 0,
    "interestExpense": 5410000,
    "depreciationAndAmortization": 8700000,
    "ebitda": -103381000,
    "ebitdaratio": -2.4917689026,
    "operatingIncome": -112081000,
    "operatingIncomeRatio": -2.7014630384,
    "totalOtherIncomeExpensesNet": 112081000,
    "incomeBeforeTax": 0,
    "incomeBeforeTaxRatio": 0,
    "incomeTaxExpense": 0,
    "netIncome": 5410000,
    "netIncomeRatio": 0.1303960086,
    "eps": 0,
    "epsdiluted": 0,
    "weightedAverageShsOut": 31578947,
    "weightedAverageShsOutDil": 31578947,
    "link": "https://www.sec.gov/Archives/edgar/data/34903/000092838596000186/0000928385-96-000186-index.html",
    "finalLink": "https://www.sec.gov/Archives/edgar/data/34903/"
  },
  {
    "date": "1995-09-30",
    "symbol": "FRT",
    "reportedCurrency": "USD",
    "cik": "0000034903",
    "fillingDate": "1995-11-13",
    "acceptedDate": "1995-11-13 00:00:00",
    "calendarYear": "1995",
    "period": "Q3",
    "revenue": 39000000,
    "costOfRevenue": 0,
    "grossProfit": 39000000,
    "grossProfitRatio": 1,
    "researchAndDevelopmentExpenses": 0,
    "generalAndAdministrativeExpenses": 1700000,
    "sellingAndMarketingExpenses": 0,
    "sellingGeneralAndAdministrativeExpenses": 1700000,
    "otherExpenses": -23000000,
    "operatingExpenses": -21300000,
    "costAndExpenses": -21300000,
    "interestIncome": 0,
    "interestExpense": 5900000,
    "depreciationAndAmortization": 8600000,
    "ebitda": 68900000,
    "ebitdaratio": 1.7666666667,
    "operatingIncome": 60300000,
    "operatingIncomeRatio": 1.5461538462,
    "totalOtherIncomeExpensesNet": 0,
    "incomeBeforeTax": 0,
    "incomeBeforeTaxRatio": 0,
    "incomeTaxExpense": 0,
    "netIncome": 5900000,
    "netIncomeRatio": 0.1512820513,
    "eps": 0.19,
    "epsdiluted": 0.19,
    "weightedAverageShsOut": 31052632,
    "weightedAverageShsOutDil": 31052632,
    "link": "https://www.sec.gov/Archives/edgar/data/34903/000092838595000534/0000928385-95-000534-index.html",
    "finalLink": "https://www.sec.gov/Archives/edgar/data/34903/"
  }
]