[
  {
    "date": "2025-06-27",
    "symbol": "FTV",
    "reportedCurrency": "USD",
    "cik": "0001659166",
    "fillingDate": "2025-07-30",
    "acceptedDate": "2025-07-30 07:39:28",
    "calendarYear": "2025",
    "period": "Q2",
    "revenue": 1518800000,
    "costOfRevenue": 623100000,
    "grossProfit": 895700000,
    "grossProfitRatio": 0.5897419015,
    "researchAndDevelopmentExpenses": 109200000,
    "generalAndAdministrativeExpenses": 0,
    "sellingAndMarketingExpenses": 0,
    "sellingGeneralAndAdministrativeExpenses": 523299999,
    "otherExpenses": 0,
    "operatingExpenses": 632500000,
    "costAndExpenses": 1255600000,
    "interestIncome": 0,
    "interestExpense": 32100000,
    "depreciationAndAmortization": 137500000,
    "ebitda": 361600000,
    "ebitdaratio": 0.2380826969,
    "operatingIncome": 263200000,
    "operatingIncomeRatio": 0.1732947063,
    "totalOtherIncomeExpensesNet": -71200000,
    "incomeBeforeTax": 192000000,
    "incomeBeforeTaxRatio": 0.1264155913,
    "incomeTaxExpense": 25400000,
    "netIncome": 166600000,
    "netIncomeRatio": 0.109691862,
    "eps": 0.49,
    "epsdiluted": 0.49,
    "weightedAverageShsOut": 339600000,
    "weightedAverageShsOutDil": 341700000,
    "link": "https://www.sec.gov/Archives/edgar/data/1659166/000165916625000120/0001659166-25-000120-index.htm",
    "finalLink": "https://www.sec.gov/Archives/edgar/data/1659166/000165916625000120/ftv-20250627.htm"
  },
  {
    "date": "2025-03-28",
    "symbol": "FTV",
    "reportedCurrency": "USD",
    "cik": "0001659166",
    "fillingDate": "2025-05-01",
    "acceptedDate": "2025-05-01 07:35:45",
    "calendarYear": "2025",
    "period": "Q1",
    "revenue": 1474200000,
    "costOfRevenue": 593300000,
    "grossProfit": 880900000,
    "grossProfitRatio": 0.5975444309,
    "researchAndDevelopmentExpenses": 105100000,
    "generalAndAdministrativeExpenses": 0,
    "sellingAndMarketingExpenses": 0,
    "sellingGeneralAndAdministrativeExpenses": 515200000,
    "otherExpenses": 0,
    "operatingExpenses": 620300000,
    "costAndExpenses": 1213600000,
    "interestIncome": 0,
    "interestExpense": 32000000,
    "depreciationAndAmortization": 134900000,
    "ebitda": 368300000,
    "ebitdaratio": 0.2498304165,
    "operatingIncome": 260600000,
    "operatingIncomeRatio": 0.1767738434,
    "totalOtherIncomeExpensesNet": -59200000,
    "incomeBeforeTax": 201400000,
    "incomeBeforeTaxRatio": 0.1366164699,
    "incomeTaxExpense": 29500000,
    "netIncome": 171900000,
    "netIncomeRatio": 0.1166056166,
    "eps": 0.5,
    "epsdiluted": 0.5,
    "weightedAverageShsOut": 341100000,
    "weightedAverageShsOutDil": 344600000,
    "link": "https://www.sec.gov/Archives/edgar/data/1659166/000165916625000080/0001659166-25-000080-index.htm",
    "finalLink": "https://www.sec.gov/Archives/edgar/data/1659166/000165916625000080/ftv-20250328.htm"
  },
  {
    "date": "2024-12-31",
    "symbol": "FTV",
    "reportedCurrency": "USD",
    "cik": "0001659166",
    "fillingDate": "2025-02-25",
    "acceptedDate": "2025-02-25 16:16:41",
    "calendarYear": "2024",
    "period": "Q4",
    "revenue": 1620300000,
    "costOfRevenue": 643100000,
    "grossProfit": 977200000,
    "grossProfitRatio": 0.6030981917,
    "researchAndDevelopmentExpenses": 107100000,
    "generalAndAdministrativeExpenses": 0,
    "sellingAndMarketingExpenses": 0,
    "sellingGeneralAndAdministrativeExpenses": 559100000,
    "otherExpenses": 0,
    "operatingExpenses": 666200000,
    "costAndExpenses": 1309300000,
    "interestIncome": 0,
    "interestExpense": 33100000,
    "depreciationAndAmortization": 134800000,
    "ebitda": 442600000,
    "ebitdaratio": 0.2731592915,
    "operatingIncome": 311000000,
    "operatingIncomeRatio": 0.1919397642,
    "totalOtherIncomeExpensesNet": -36300000,
    "incomeBeforeTax": 274700000,
    "incomeBeforeTaxRatio": 0.1695365056,
    "incomeTaxExpense": 65900000,
    "netIncome": 208800000,
    "netIncomeRatio": 0.128865025,
    "eps": 0.61,
    "epsdiluted": 0.6,
    "weightedAverageShsOut": 344500000,
    "weightedAverageShsOutDil": 348000000,
    "link": "https://www.sec.gov/Archives/edgar/data/1659166/000165916625000024/0001659166-25-000024-index.htm",
    "finalLink": "https://www.sec.gov/Archives/edgar/data/1659166/000165916625000024/ftv-20241231.htm"
  },
  {
    "date": "2024-09-27",
    "symbol": "FTV",
    "reportedCurrency": "USD",
    "cik": "0001659166",
    "fillingDate": "2024-10-30",
    "acceptedDate": "2024-10-30 07:36:29",
    "calendarYear": "2024",
    "period": "Q3",
    "revenue": 1534600000,
    "costOfRevenue": 613300000,
    "grossProfit": 921300000,
    "grossProfitRatio": 0.6003518832,
    "researchAndDevelopmentExpenses": 101700000,
    "generalAndAdministrativeExpenses": 0,
    "sellingAndMarketingExpenses": 0,
    "sellingGeneralAndAdministrativeExpenses": 522200000,
    "otherExpenses": 0,
    "operatingExpenses": 623900000,
    "costAndExpenses": 1237200000,
    "interestIncome": 0,
    "interestExpense": 37000000,
    "depreciationAndAmortization": 135800000,
    "ebitda": 405000000,
    "ebitdaratio": 0.2639124202,
    "operatingIncome": 297400000,
    "operatingIncomeRatio": 0.193796429,
    "totalOtherIncomeExpensesNet": -65200000,
    "incomeBeforeTax": 232200000,
    "incomeBeforeTaxRatio": 0.1513097876,
    "incomeTaxExpense": 10600000,
    "netIncome": 221600000,
    "netIncomeRatio": 0.1444024501,
    "eps": 0.63,
    "epsdiluted": 0.63,
    "weightedAverageShsOut": 349200000,
    "weightedAverageShsOutDil": 352300000,
    "link": "https://www.sec.gov/Archives/edgar/data/1659166/000165916624000162/0001659166-24-000162-index.htm",
    "finalLink": "https://www.sec.gov/Archives/edgar/data/1659166/000165916624000162/ftv-20240927.htm"
  },
  {
    "date": "2024-06-28",
    "symbol": "FTV",
    "reportedCurrency": "USD",
    "cik": "0001659166",
    "fillingDate": "2024-07-24",
    "acceptedDate": "2024-07-24 07:46:34",
    "calendarYear": "2024",
    "period": "Q2",
    "revenue": 1552400000,
    "costOfRevenue": 624100000,
    "grossProfit": 928300000,
    "grossProfitRatio": 0.5979773254,
    "researchAndDevelopmentExpenses": 101100000,
    "generalAndAdministrativeExpenses": 0,
    "sellingAndMarketingExpenses": 0,
    "sellingGeneralAndAdministrativeExpenses": 525400000,
    "otherExpenses": 0,
    "operatingExpenses": 626500000,
    "costAndExpenses": 1250600000,
    "interestIncome": 0,
    "interestExpense": 38700000,
    "depreciationAndAmortization": 136500000,
    "ebitda": 403900000,
    "ebitdaratio": 0.2601777892,
    "operatingIncome": 301800000,
    "operatingIncomeRatio": 0.1944086576,
    "totalOtherIncomeExpensesNet": -73100000,
    "incomeBeforeTax": 228700000,
    "incomeBeforeTaxRatio": 0.1473202783,
    "incomeTaxExpense": 33600000,
    "netIncome": 195100000,
    "netIncomeRatio": 0.1256763721,
    "eps": 0.56,
    "epsdiluted": 0.55,
    "weightedAverageShsOut": 351300000,
    "weightedAverageShsOutDil": 354800000,
    "link": "https://www.sec.gov/Archives/edgar/data/1659166/000165916624000148/0001659166-24-000148-index.htm",
    "finalLink": "https://www.sec.gov/Archives/edgar/data/1659166/000165916624000148/ftv-20240628.htm"
  },
  {
    "date": "2024-03-29",
    "symbol": "FTV",
    "reportedCurrency": "USD",
    "cik": "0001659166",
    "fillingDate": "2024-04-24",
    "acceptedDate": "2024-04-24 07:42:12",
    "calendarYear": "2024",
    "period": "Q1",
    "revenue": 1524500000,
    "costOfRevenue": 620300000,
    "grossProfit": 904200000,
    "grossProfitRatio": 0.5931124959,
    "researchAndDevelopmentExpenses": 104100000,
    "generalAndAdministrativeExpenses": 0,
    "sellingAndMarketingExpenses": 0,
    "sellingGeneralAndAdministrativeExpenses": 561000000,
    "otherExpenses": 0,
    "operatingExpenses": 665100000,
    "costAndExpenses": 1285400000,
    "interestIncome": 0,
    "interestExpense": 44000000,
    "depreciationAndAmortization": 136800000,
    "ebitda": 414800000,
    "ebitdaratio": 0.2720892096,
    "operatingIncome": 239100000,
    "operatingIncomeRatio": 0.1568383076,
    "totalOtherIncomeExpensesNet": -5100000,
    "incomeBeforeTax": 234000000,
    "incomeBeforeTaxRatio": 0.1534929485,
    "incomeTaxExpense": 26600000,
    "netIncome": 207400000,
    "netIncomeRatio": 0.1360446048,
    "eps": 0.59,
    "epsdiluted": 0.58,
    "weightedAverageShsOut": 351700000,
    "weightedAverageShsOutDil": 356000000,
    "link": "https://www.sec.gov/Archives/edgar/data/1659166/000165916624000108/0001659166-24-000108-index.htm",
    "finalLink": "https://www.sec.gov/Archives/edgar/data/1659166/000165916624000108/ftv-20240329.htm"
  },
  {
    "date": "2023-12-31",
    "symbol": "FTV",
    "reportedCurrency": "USD",
    "cik": "0001659166",
    "fillingDate": "2024-02-27",
    "acceptedDate": "2024-02-27 16:48:02",
    "calendarYear": "2023",
    "period": "Q4",
    "revenue": 1583700000,
    "costOfRevenue": 636200000,
    "grossProfit": 947500000,
    "grossProfitRatio": 0.598282503,
    "researchAndDevelopmentExpenses": 99200000,
    "generalAndAdministrativeExpenses": 0,
    "sellingAndMarketingExpenses": 0,
    "sellingGeneralAndAdministrativeExpenses": 537400000,
    "otherExpenses": 0,
    "operatingExpenses": 636600000,
    "costAndExpenses": 1272800000,
    "interestIncome": 0,
    "interestExpense": 28500000,
    "depreciationAndAmortization": 115700000,
    "ebitda": 421700000,
    "ebitdaratio": 0.2662751784,
    "operatingIncome": 310900000,
    "operatingIncomeRatio": 0.1963124329,
    "totalOtherIncomeExpensesNet": -33400000,
    "incomeBeforeTax": 277500000,
    "incomeBeforeTaxRatio": 0.17522258,
    "incomeTaxExpense": 12300000,
    "netIncome": 265200000,
    "netIncomeRatio": 0.1674559576,
    "eps": 0.75,
    "epsdiluted": 0.75,
    "weightedAverageShsOut": 351300000,
    "weightedAverageShsOutDil": 354500000,
    "link": "https://www.sec.gov/Archives/edgar/data/1659166/000165916624000046/0001659166-24-000046-index.htm",
    "finalLink": "https://www.sec.gov/Archives/edgar/data/1659166/000165916624000046/ftv-20231231.htm"
  },
  {
    "date": "2023-09-29",
    "symbol": "FTV",
    "reportedCurrency": "USD",
    "cik": "0001659166",
    "fillingDate": "2023-10-25",
    "acceptedDate": "2023-10-25 07:53:07",
    "calendarYear": "2023",
    "period": "Q3",
    "revenue": 1494500000,
    "costOfRevenue": 601500000,
    "grossProfit": 893000000,
    "grossProfitRatio": 0.5975242556,
    "researchAndDevelopmentExpenses": 98400000,
    "generalAndAdministrativeExpenses": 0,
    "sellingAndMarketingExpenses": 0,
    "sellingGeneralAndAdministrativeExpenses": 503500000,
    "otherExpenses": 0,
    "operatingExpenses": 601900000,
    "costAndExpenses": 1203400000,
    "interestIncome": 0,
    "interestExpense": 29800000,
    "depreciationAndAmortization": 114800000,
    "ebitda": 401700000,
    "ebitdaratio": 0.268785547,
    "operatingIncome": 291100000,
    "operatingIncomeRatio": 0.1947808632,
    "totalOtherIncomeExpensesNet": -33999999,
    "incomeBeforeTax": 257100000,
    "incomeBeforeTaxRatio": 0.1720307795,
    "incomeTaxExpense": 39100000,
    "netIncome": 218000000,
    "netIncomeRatio": 0.1458681833,
    "eps": 0.62,
    "epsdiluted": 0.61,
    "weightedAverageShsOut": 352100000,
    "weightedAverageShsOutDil": 356100000,
    "link": "https://www.sec.gov/Archives/edgar/data/1659166/000165916623000232/0001659166-23-000232-index.htm",
    "finalLink": "https://www.sec.gov/Archives/edgar/data/1659166/000165916623000232/ftv-20230929.htm"
  },
  {
    "date": "2023-06-30",
    "symbol": "FTV",
    "reportedCurrency": "USD",
    "cik": "0001659166",
    "fillingDate": "2023-07-26",
    "acceptedDate": "2023-07-26 07:46:12",
    "calendarYear": "2023",
    "period": "Q2",
    "revenue": 1526400000,
    "costOfRevenue": 621000000,
    "grossProfit": 905400000,
    "grossProfitRatio": 0.5931603774,
    "researchAndDevelopmentExpenses": 100100000,
    "generalAndAdministrativeExpenses": 0,
    "sellingAndMarketingExpenses": 0,
    "sellingGeneralAndAdministrativeExpenses": 514000000,
    "otherExpenses": 0,
    "operatingExpenses": 614100000,
    "costAndExpenses": 1235100000,
    "interestIncome": 0,
    "interestExpense": 33100000,
    "depreciationAndAmortization": 113500000,
    "ebitda": 397000000,
    "ebitdaratio": 0.2600890985,
    "operatingIncome": 291300000,
    "operatingIncomeRatio": 0.190841195,
    "totalOtherIncomeExpensesNet": -40900000,
    "incomeBeforeTax": 250400000,
    "incomeBeforeTaxRatio": 0.1640461216,
    "incomeTaxExpense": 41400000,
    "netIncome": 209000000,
    "netIncomeRatio": 0.1369234801,
    "eps": 0.59,
    "epsdiluted": 0.59,
    "weightedAverageShsOut": 353000000,
    "weightedAverageShsOutDil": 355500000,
    "link": "https://www.sec.gov/Archives/edgar/data/1659166/000165916623000195/0001659166-23-000195-index.htm",
    "finalLink": "https://www.sec.gov/Archives/edgar/data/1659166/000165916623000195/ftv-20230630.htm"
  },
  {
    "date": "2023-03-31",
    "symbol": "FTV",
    "reportedCurrency": "USD",
    "cik": "0001659166",
    "fillingDate": "2023-04-26",
    "acceptedDate": "2023-04-26 07:42:55",
    "calendarYear": "2023",
    "period": "Q1",
    "revenue": 1460700000,
    "costOfRevenue": 612500000,
    "grossProfit": 848200000,
    "grossProfitRatio": 0.5806804957,
    "researchAndDevelopmentExpenses": 100100000,
    "generalAndAdministrativeExpenses": 0,
    "sellingAndMarketingExpenses": 0,
    "sellingGeneralAndAdministrativeExpenses": 490100000,
    "otherExpenses": 0,
    "operatingExpenses": 590200000,
    "costAndExpenses": 1202700000,
    "interestIncome": 0,
    "interestExpense": 32100000,
    "depreciationAndAmortization": 112800000,
    "ebitda": 350700000,
    "ebitdaratio": 0.2400903676,
    "operatingIncome": 258000000,
    "operatingIncomeRatio": 0.1766276443,
    "totalOtherIncomeExpensesNet": -52200000,
    "incomeBeforeTax": 205800000,
    "incomeBeforeTaxRatio": 0.1408913535,
    "incomeTaxExpense": 32200000,
    "netIncome": 173600000,
    "netIncomeRatio": 0.1188471281,
    "eps": 0.49,
    "epsdiluted": 0.49,
    "weightedAverageShsOut": 354285714,
    "weightedAverageShsOutDil": 356500000,
    "link": "https://www.sec.gov/Archives/edgar/data/1659166/000165916623000148/0001659166-23-000148-index.htm",
    "finalLink": "https://www.sec.gov/Archives/edgar/data/1659166/000165916623000148/ftv-20230331.htm"
  },
  {
    "date": "2022-12-31",
    "symbol": "FTV",
    "reportedCurrency": "USD",
    "cik": "0001659166",
    "fillingDate": "2023-02-28",
    "acceptedDate": "2023-02-28 16:13:58",
    "calendarYear": "2022",
    "period": "Q4",
    "revenue": 1529900000,
    "costOfRevenue": 637400000,
    "grossProfit": 892500000,
    "grossProfitRatio": 0.5833714622,
    "researchAndDevelopmentExpenses": 101200000,
    "generalAndAdministrativeExpenses": 0,
    "sellingAndMarketingExpenses": 0,
    "sellingGeneralAndAdministrativeExpenses": 499800000,
    "otherExpenses": 0,
    "operatingExpenses": 601000000,
    "costAndExpenses": 1238400000,
    "interestIncome": 0,
    "interestExpense": 32100000,
    "depreciationAndAmortization": 116600000,
    "ebitda": 405700000,
    "ebitdaratio": 0.2651807308,
    "operatingIncome": 291500000,
    "operatingIncomeRatio": 0.1905353291,
    "totalOtherIncomeExpensesNet": -34500000,
    "incomeBeforeTax": 257000000,
    "incomeBeforeTaxRatio": 0.1679848356,
    "incomeTaxExpense": 29800000,
    "netIncome": 227200000,
    "netIncomeRatio": 0.1485064383,
    "eps": 0.64,
    "epsdiluted": 0.64,
    "weightedAverageShsOut": 353800000,
    "weightedAverageShsOutDil": 356700000,
    "link": "https://www.sec.gov/Archives/edgar/data/1659166/000165916623000080/0001659166-23-000080-index.htm",
    "finalLink": "https://www.sec.gov/Archives/edgar/data/1659166/000165916623000080/ftv-20221231.htm"
  },
  {
    "date": "2022-09-30",
    "symbol": "FTV",
    "reportedCurrency": "USD",
    "cik": "0001659166",
    "fillingDate": "2022-10-26",
    "acceptedDate": "2022-10-26 07:37:54",
    "calendarYear": "2022",
    "period": "Q3",
    "revenue": 1456000000,
    "costOfRevenue": 610600000,
    "grossProfit": 845400000,
    "grossProfitRatio": 0.5806318681,
    "researchAndDevelopmentExpenses": 101100000,
    "generalAndAdministrativeExpenses": 0,
    "sellingAndMarketingExpenses": 0,
    "sellingGeneralAndAdministrativeExpenses": 491300000,
    "otherExpenses": 0,
    "operatingExpenses": 592400000,
    "costAndExpenses": 1203000000,
    "interestIncome": 0,
    "interestExpense": 26400000,
    "depreciationAndAmortization": 115000000,
    "ebitda": 358900000,
    "ebitdaratio": 0.2464972527,
    "operatingIncome": 253000000,
    "operatingIncomeRatio": 0.1737637363,
    "totalOtherIncomeExpensesNet": -35500000,
    "incomeBeforeTax": 217500000,
    "incomeBeforeTaxRatio": 0.1493818681,
    "incomeTaxExpense": 27600000,
    "netIncome": 189900000,
    "netIncomeRatio": 0.1304258242,
    "eps": 0.53,
    "epsdiluted": 0.53,
    "weightedAverageShsOut": 355200000,
    "weightedAverageShsOutDil": 357900000,
    "link": "https://www.sec.gov/Archives/edgar/data/1659166/000165916622000190/0001659166-22-000190-index.htm",
    "finalLink": "https://www.sec.gov/Archives/edgar/data/1659166/000165916622000190/ftv-20220930.htm"
  },
  {
    "date": "2022-07-01",
    "symbol": "FTV",
    "reportedCurrency": "USD",
    "cik": "0001659166",
    "fillingDate": "2022-07-28",
    "acceptedDate": "2022-07-28 07:38:39",
    "calendarYear": "2022",
    "period": "Q2",
    "revenue": 1463300000,
    "costOfRevenue": 629800000,
    "grossProfit": 833500000,
    "grossProfitRatio": 0.5696029522,
    "researchAndDevelopmentExpenses": 100100000,
    "generalAndAdministrativeExpenses": 0,
    "sellingAndMarketingExpenses": 0,
    "sellingGeneralAndAdministrativeExpenses": 484900000,
    "otherExpenses": 0,
    "operatingExpenses": 585000000,
    "costAndExpenses": 1214800000,
    "interestIncome": 0,
    "interestExpense": 21000000,
    "depreciationAndAmortization": 116200000,
    "ebitda": 345400000,
    "ebitdaratio": 0.2360418233,
    "operatingIncome": 248500000,
    "operatingIncomeRatio": 0.169821636,
    "totalOtherIncomeExpensesNet": -40300000,
    "incomeBeforeTax": 208200000,
    "incomeBeforeTaxRatio": 0.1422811454,
    "incomeTaxExpense": 35200000,
    "netIncome": 173000000,
    "netIncomeRatio": 0.1182259277,
    "eps": 0.48,
    "epsdiluted": 0.48,
    "weightedAverageShsOut": 357400000,
    "weightedAverageShsOutDil": 359800000,
    "link": "https://www.sec.gov/Archives/edgar/data/1659166/000165916622000155/0001659166-22-000155-index.htm",
    "finalLink": "https://www.sec.gov/Archives/edgar/data/1659166/000165916622000155/ftv-20220701.htm"
  },
  {
    "date": "2022-04-01",
    "symbol": "FTV",
    "reportedCurrency": "USD",
    "cik": "0001659166",
    "fillingDate": "2022-04-28",
    "acceptedDate": "2022-04-28 07:46:25",
    "calendarYear": "2022",
    "period": "Q1",
    "revenue": 1376500000,
    "costOfRevenue": 584500000,
    "grossProfit": 792000000,
    "grossProfitRatio": 0.5753723211,
    "researchAndDevelopmentExpenses": 99100000,
    "generalAndAdministrativeExpenses": 0,
    "sellingAndMarketingExpenses": 0,
    "sellingGeneralAndAdministrativeExpenses": 480600000,
    "otherExpenses": 0,
    "operatingExpenses": 579700000,
    "costAndExpenses": 1164200000,
    "interestIncome": 0,
    "interestExpense": 18800000,
    "depreciationAndAmortization": 117800000,
    "ebitda": 327400000,
    "ebitdaratio": 0.2378496186,
    "operatingIncome": 212300000,
    "operatingIncomeRatio": 0.1542317472,
    "totalOtherIncomeExpensesNet": -21500000,
    "incomeBeforeTax": 190800000,
    "incomeBeforeTaxRatio": 0.1386124228,
    "incomeTaxExpense": 25700000,
    "netIncome": 165100000,
    "netIncomeRatio": 0.1199418816,
    "eps": 0.46,
    "epsdiluted": 0.45,
    "weightedAverageShsOut": 359300000,
    "weightedAverageShsOutDil": 368400000,
    "link": "https://www.sec.gov/Archives/edgar/data/1659166/000165916622000102/0001659166-22-000102-index.htm",
    "finalLink": "https://www.sec.gov/Archives/edgar/data/1659166/000165916622000102/ftv-20220401.htm"
  },
  {
    "date": "2021-12-31",
    "symbol": "FTV",
    "reportedCurrency": "USD",
    "cik": "0001659166",
    "fillingDate": "2022-03-01",
    "acceptedDate": "2022-02-28 20:47:40",
    "calendarYear": "2021",
    "period": "Q4",
    "revenue": 1374800000,
    "costOfRevenue": 580800000,
    "grossProfit": 794000000,
    "grossProfitRatio": 0.5775385511,
    "researchAndDevelopmentExpenses": 93000000,
    "generalAndAdministrativeExpenses": 0,
    "sellingAndMarketingExpenses": 0,
    "sellingGeneralAndAdministrativeExpenses": 499400000,
    "otherExpenses": 0,
    "operatingExpenses": 592400000,
    "costAndExpenses": 1173200000,
    "interestIncome": 0,
    "interestExpense": 25200000,
    "depreciationAndAmortization": 104000000,
    "ebitda": 304900000,
    "ebitdaratio": 0.2217777131,
    "operatingIncome": 201600000,
    "operatingIncomeRatio": 0.1466395112,
    "totalOtherIncomeExpensesNet": -25900000,
    "incomeBeforeTax": 175700000,
    "incomeBeforeTaxRatio": 0.1278004073,
    "incomeTaxExpense": 7800000,
    "netIncome": 165000000,
    "netIncomeRatio": 0.1200174571,
    "eps": 0.46,
    "epsdiluted": 0.45,
    "weightedAverageShsOut": 359300000,
    "weightedAverageShsOutDil": 362900000,
    "link": "https://www.sec.gov/Archives/edgar/data/1659166/000165916622000054/0001659166-22-000054-index.htm",
    "finalLink": "https://www.sec.gov/Archives/edgar/data/1659166/000165916622000054/ftv-20211231.htm"
  },
  {
    "date": "2021-10-01",
    "symbol": "FTV",
    "reportedCurrency": "USD",
    "cik": "0001659166",
    "fillingDate": "2021-10-28",
    "acceptedDate": "2021-10-28 16:21:17",
    "calendarYear": "2021",
    "period": "Q3",
    "revenue": 1301000000,
    "costOfRevenue": 555300000,
    "grossProfit": 745700000,
    "grossProfitRatio": 0.5731744812,
    "researchAndDevelopmentExpenses": 87800000,
    "generalAndAdministrativeExpenses": 0,
    "sellingAndMarketingExpenses": 0,
    "sellingGeneralAndAdministrativeExpenses": 455600000,
    "otherExpenses": 0,
    "operatingExpenses": 543400000,
    "costAndExpenses": 1098700000,
    "interestIncome": 0,
    "interestExpense": 25100000,
    "depreciationAndAmortization": 98800000,
    "ebitda": 299500000,
    "ebitdaratio": 0.2302075327,
    "operatingIncome": 202300000,
    "operatingIncomeRatio": 0.1554957725,
    "totalOtherIncomeExpensesNet": -26700000,
    "incomeBeforeTax": 175600000,
    "incomeBeforeTaxRatio": 0.1349730976,
    "incomeTaxExpense": 23000000,
    "netIncome": 152300000,
    "netIncomeRatio": 0.1170637971,
    "eps": 0.42,
    "epsdiluted": 0.42,
    "weightedAverageShsOut": 358900000,
    "weightedAverageShsOutDil": 362200000,
    "link": "https://www.sec.gov/Archives/edgar/data/1659166/000165916621000235/0001659166-21-000235-index.htm",
    "finalLink": "https://www.sec.gov/Archives/edgar/data/1659166/000165916621000235/ftv-20211001.htm"
  },
  {
    "date": "2021-07-02",
    "symbol": "FTV",
    "reportedCurrency": "USD",
    "cik": "0001659166",
    "fillingDate": "2021-07-29",
    "acceptedDate": "2021-07-29 16:18:17",
    "calendarYear": "2021",
    "period": "Q2",
    "revenue": 1319700000,
    "costOfRevenue": 564200000,
    "grossProfit": 755500000,
    "grossProfitRatio": 0.5724785936,
    "researchAndDevelopmentExpenses": 87800000,
    "generalAndAdministrativeExpenses": 0,
    "sellingAndMarketingExpenses": 0,
    "sellingGeneralAndAdministrativeExpenses": 456400000,
    "otherExpenses": 0,
    "operatingExpenses": 544200000,
    "costAndExpenses": 1108400000,
    "interestIncome": 0,
    "interestExpense": 25200000,
    "depreciationAndAmortization": 95700000,
    "ebitda": 328400000,
    "ebitdaratio": 0.2488444343,
    "operatingIncome": 211300000,
    "operatingIncomeRatio": 0.1601121467,
    "totalOtherIncomeExpensesNet": -3800000,
    "incomeBeforeTax": 207500000,
    "incomeBeforeTaxRatio": 0.1572327044,
    "incomeTaxExpense": 25500000,
    "netIncome": 180900000,
    "netIncomeRatio": 0.1370766083,
    "eps": 0.48,
    "epsdiluted": 0.48,
    "weightedAverageShsOut": 339400000,
    "weightedAverageShsOutDil": 342400000,
    "link": "https://www.sec.gov/Archives/edgar/data/1659166/000165916621000199/0001659166-21-000199-index.htm",
    "finalLink": "https://www.sec.gov/Archives/edgar/data/1659166/000165916621000199/ftv-20210702.htm"
  },
  {
    "date": "2021-04-02",
    "symbol": "FTV",
    "reportedCurrency": "USD",
    "cik": "0001659166",
    "fillingDate": "2021-04-29",
    "acceptedDate": "2021-04-29 16:20:22",
    "calendarYear": "2021",
    "period": "Q1",
    "revenue": 1259200000,
    "costOfRevenue": 547300000,
    "grossProfit": 711900000,
    "grossProfitRatio": 0.5653589581,
    "researchAndDevelopmentExpenses": 86200000,
    "generalAndAdministrativeExpenses": 0,
    "sellingAndMarketingExpenses": 0,
    "sellingGeneralAndAdministrativeExpenses": 428100000,
    "otherExpenses": 0,
    "operatingExpenses": 514299999,
    "costAndExpenses": 1061599999,
    "interestIncome": 0,
    "interestExpense": 27700000,
    "depreciationAndAmortization": 97000000,
    "ebitda": 243400000,
    "ebitdaratio": 0.1932973316,
    "operatingIncome": 197600000,
    "operatingIncomeRatio": 0.1569250318,
    "totalOtherIncomeExpensesNet": -78900000,
    "incomeBeforeTax": 118700000,
    "incomeBeforeTaxRatio": 0.0942662008,
    "incomeTaxExpense": 7000000,
    "netIncome": 110200000,
    "netIncomeRatio": 0.0875158831,
    "eps": 0.27,
    "epsdiluted": 0.27,
    "weightedAverageShsOut": 338600000,
    "weightedAverageShsOutDil": 341700000,
    "link": "https://www.sec.gov/Archives/edgar/data/1659166/000165916621000150/0001659166-21-000150-index.htm",
    "finalLink": "https://www.sec.gov/Archives/edgar/data/1659166/000165916621000150/ftv-20210402.htm"
  },
  {
    "date": "2020-12-31",
    "symbol": "FTV",
    "reportedCurrency": "USD",
    "cik": "0001659166",
    "fillingDate": "2021-02-26",
    "acceptedDate": "2021-02-26 16:03:08",
    "calendarYear": "2020",
    "period": "Q4",
    "revenue": 1324900000,
    "costOfRevenue": 562800000,
    "grossProfit": 762100000,
    "grossProfitRatio": 0.5752132236,
    "researchAndDevelopmentExpenses": 83400000,
    "generalAndAdministrativeExpenses": 0,
    "sellingAndMarketingExpenses": 0,
    "sellingGeneralAndAdministrativeExpenses": 472800000,
    "otherExpenses": 0,
    "operatingExpenses": 556200000,
    "costAndExpenses": 1119000000,
    "interestIncome": 0,
    "interestExpense": 36800000,
    "depreciationAndAmortization": 31400000,
    "ebitda": 1332300000,
    "ebitdaratio": 1.0055853272,
    "operatingIncome": 205900000,
    "operatingIncomeRatio": 0.1554079553,
    "totalOtherIncomeExpensesNet": 1058200000,
    "incomeBeforeTax": 1264100000,
    "incomeBeforeTaxRatio": 0.9541097441,
    "incomeTaxExpense": 12500000,
    "netIncome": 1215600000,
    "netIncomeRatio": 0.9175032078,
    "eps": 3.55,
    "epsdiluted": 3.37,
    "weightedAverageShsOut": 338000000,
    "weightedAverageShsOutDil": 360700000,
    "link": "https://www.sec.gov/Archives/edgar/data/1659166/000165916621000062/0001659166-21-000062-index.htm",
    "finalLink": "https://www.sec.gov/Archives/edgar/data/1659166/000165916621000062/ftv-20201231.htm"
  },
  {
    "date": "2020-09-25",
    "symbol": "FTV",
    "reportedCurrency": "USD",
    "cik": "0001659166",
    "fillingDate": "2020-10-27",
    "acceptedDate": "2020-10-27 16:29:55",
    "calendarYear": "2020",
    "period": "Q3",
    "revenue": 1159800000,
    "costOfRevenue": 508200000,
    "grossProfit": 651600000,
    "grossProfitRatio": 0.5618210036,
    "researchAndDevelopmentExpenses": 79200000,
    "generalAndAdministrativeExpenses": 0,
    "sellingAndMarketingExpenses": 0,
    "sellingGeneralAndAdministrativeExpenses": 434800000,
    "otherExpenses": 0,
    "operatingExpenses": 514000000,
    "costAndExpenses": 1022200000,
    "interestIncome": 0,
    "interestExpense": 36900000,
    "depreciationAndAmortization": 95100000,
    "ebitda": 231300000,
    "ebitdaratio": 0.1994309364,
    "operatingIncome": 137600000,
    "operatingIncomeRatio": 0.118641145,
    "totalOtherIncomeExpensesNet": -38300000,
    "incomeBeforeTax": 99300000,
    "incomeBeforeTaxRatio": 0.08561821,
    "incomeTaxExpense": 13300000,
    "netIncome": 225800000,
    "netIncomeRatio": 0.1946887394,
    "eps": 0.61,
    "epsdiluted": 0.61,
    "weightedAverageShsOut": 337600000,
    "weightedAverageShsOutDil": 340800000,
    "link": "https://www.sec.gov/Archives/edgar/data/1659166/000165916620000185/0001659166-20-000185-index.htm",
    "finalLink": "https://www.sec.gov/Archives/edgar/data/1659166/000165916620000185/ftv-20200925.htm"
  },
  {
    "date": "2020-06-26",
    "symbol": "FTV",
    "reportedCurrency": "USD",
    "cik": "0001659166",
    "fillingDate": "2020-07-28",
    "acceptedDate": "2020-07-28 16:25:13",
    "calendarYear": "2020",
    "period": "Q2",
    "revenue": 1041599999,
    "costOfRevenue": 458800000,
    "grossProfit": 582800000,
    "grossProfitRatio": 0.5595238101,
    "researchAndDevelopmentExpenses": 77400000,
    "generalAndAdministrativeExpenses": 0,
    "sellingAndMarketingExpenses": 0,
    "sellingGeneralAndAdministrativeExpenses": 402800000,
    "otherExpenses": 0,
    "operatingExpenses": 480200000,
    "costAndExpenses": 939000000,
    "interestIncome": 0,
    "interestExpense": 36200000,
    "depreciationAndAmortization": 99500000,
    "ebitda": 207700000,
    "ebitdaratio": 0.1994047621,
    "operatingIncome": 102600000,
    "operatingIncomeRatio": 0.0985023042,
    "totalOtherIncomeExpensesNet": -30600000,
    "incomeBeforeTax": 72000000,
    "incomeBeforeTaxRatio": 0.069124424,
    "incomeTaxExpense": 12200000,
    "netIncome": 130000000,
    "netIncomeRatio": 0.1248079878,
    "eps": 0.33,
    "epsdiluted": 0.33,
    "weightedAverageShsOut": 337300000,
    "weightedAverageShsOutDil": 339700000,
    "link": "https://www.sec.gov/Archives/edgar/data/1659166/000165916620000136/0001659166-20-000136-index.htm",
    "finalLink": "https://www.sec.gov/Archives/edgar/data/1659166/000165916620000136/ftv-20200626.htm"
  },
  {
    "date": "2020-03-27",
    "symbol": "FTV",
    "reportedCurrency": "USD",
    "cik": "0001659166",
    "fillingDate": "2020-04-30",
    "acceptedDate": "2020-04-30 16:18:16",
    "calendarYear": "2020",
    "period": "Q1",
    "revenue": 1108100000,
    "costOfRevenue": 496100000,
    "grossProfit": 612000000,
    "grossProfitRatio": 0.5522967241,
    "researchAndDevelopmentExpenses": 80800000,
    "generalAndAdministrativeExpenses": 0,
    "sellingAndMarketingExpenses": 0,
    "sellingGeneralAndAdministrativeExpenses": 415800000,
    "otherExpenses": 0,
    "operatingExpenses": 496600000,
    "costAndExpenses": 992700000,
    "interestIncome": 0,
    "interestExpense": 38600000,
    "depreciationAndAmortization": 98400000,
    "ebitda": 209300000,
    "ebitdaratio": 0.1888818699,
    "operatingIncome": 115400000,
    "operatingIncomeRatio": 0.1041422254,
    "totalOtherIncomeExpensesNet": -43100000,
    "incomeBeforeTax": 72300000,
    "incomeBeforeTaxRatio": 0.0652468189,
    "incomeTaxExpense": 17500000,
    "netIncome": 41900000,
    "netIncomeRatio": 0.0378124718,
    "eps": 0.07,
    "epsdiluted": 0.07,
    "weightedAverageShsOut": 336800000,
    "weightedAverageShsOutDil": 340000000,
    "link": "https://www.sec.gov/Archives/edgar/data/1659166/000165916620000078/0001659166-20-000078-index.htm",
    "finalLink": "https://www.sec.gov/Archives/edgar/data/1659166/000165916620000078/ftv-20200327.htm"
  },
  {
    "date": "2019-12-31",
    "symbol": "FTV",
    "reportedCurrency": "USD",
    "cik": "0001659166",
    "fillingDate": "2020-02-27",
    "acceptedDate": "2020-02-27 17:09:00",
    "calendarYear": "2019",
    "period": "Q4",
    "revenue": 2002400000,
    "costOfRevenue": 966500000,
    "grossProfit": 1035900000,
    "grossProfitRatio": 0.517329205,
    "researchAndDevelopmentExpenses": 111200000,
    "generalAndAdministrativeExpenses": 0,
    "sellingAndMarketingExpenses": 0,
    "sellingGeneralAndAdministrativeExpenses": 601500000,
    "otherExpenses": 0,
    "operatingExpenses": 712700000,
    "costAndExpenses": 1679200000,
    "interestIncome": 0,
    "interestExpense": 47500000,
    "depreciationAndAmortization": 117100000,
    "ebitda": 407300000,
    "ebitdaratio": 0.2034059129,
    "operatingIncome": 323200000,
    "operatingIncomeRatio": 0.1614063124,
    "totalOtherIncomeExpensesNet": -80500000,
    "incomeBeforeTax": 242700000,
    "incomeBeforeTaxRatio": 0.1212045545,
    "incomeTaxExpense": 63900000,
    "netIncome": 192800000,
    "netIncomeRatio": 0.0962844586,
    "eps": 0.52,
    "epsdiluted": 0.52,
    "weightedAverageShsOut": 336400000,
    "weightedAverageShsOutDil": 340100000,
    "link": "https://www.sec.gov/Archives/edgar/data/1659166/000165916620000071/0001659166-20-000071-index.htm",
    "finalLink": "https://www.sec.gov/Archives/edgar/data/1659166/000165916620000071/a20191231-10k.htm"
  },
  {
    "date": "2019-09-27",
    "symbol": "FTV",
    "reportedCurrency": "USD",
    "cik": "0001659166",
    "fillingDate": "2019-10-25",
    "acceptedDate": "2019-10-24 19:01:38",
    "calendarYear": "2019",
    "period": "Q3",
    "revenue": 1860000000,
    "costOfRevenue": 932300000,
    "grossProfit": 927700000,
    "grossProfitRatio": 0.4987634409,
    "researchAndDevelopmentExpenses": 119100000,
    "generalAndAdministrativeExpenses": 0,
    "sellingAndMarketingExpenses": 0,
    "sellingGeneralAndAdministrativeExpenses": 545500000,
    "otherExpenses": 0,
    "operatingExpenses": 664600000,
    "costAndExpenses": 1596900000,
    "interestIncome": 0,
    "interestExpense": 47000000,
    "depreciationAndAmortization": 116800000,
    "ebitda": 398900000,
    "ebitdaratio": 0.2144623656,
    "operatingIncome": 263100000,
    "operatingIncomeRatio": 0.1414516129,
    "totalOtherIncomeExpensesNet": -28000000,
    "incomeBeforeTax": 235100000,
    "incomeBeforeTaxRatio": 0.1263978495,
    "incomeTaxExpense": 27800000,
    "netIncome": 207100000,
    "netIncomeRatio": 0.111344086,
    "eps": 0.56,
    "epsdiluted": 0.56,
    "weightedAverageShsOut": 336100000,
    "weightedAverageShsOutDil": 339900000,
    "link": "https://www.sec.gov/Archives/edgar/data/1659166/000165916619000227/0001659166-19-000227-index.htm",
    "finalLink": "https://www.sec.gov/Archives/edgar/data/1659166/000165916619000227/a20190927-10q.htm"
  },
  {
    "date": "2019-06-28",
    "symbol": "FTV",
    "reportedCurrency": "USD",
    "cik": "0001659166",
    "fillingDate": "2019-07-25",
    "acceptedDate": "2019-07-25 16:16:30",
    "calendarYear": "2019",
    "period": "Q2",
    "revenue": 1864700000,
    "costOfRevenue": 960700000,
    "grossProfit": 904000000,
    "grossProfitRatio": 0.484796482,
    "researchAndDevelopmentExpenses": 117400000,
    "generalAndAdministrativeExpenses": 0,
    "sellingAndMarketingExpenses": 0,
    "sellingGeneralAndAdministrativeExpenses": 509200000,
    "otherExpenses": 0,
    "operatingExpenses": 626600000,
    "costAndExpenses": 1587300000,
    "interestIncome": 0,
    "interestExpense": 44400000,
    "depreciationAndAmortization": 110400000,
    "ebitda": 359100000,
    "ebitdaratio": 0.1925778946,
    "operatingIncome": 277400000,
    "operatingIncomeRatio": 0.1487638762,
    "totalOtherIncomeExpensesNet": -73100000,
    "incomeBeforeTax": 204300000,
    "incomeBeforeTaxRatio": 0.1095618598,
    "incomeTaxExpense": 29000000,
    "netIncome": 174600000,
    "netIncomeRatio": 0.0936343648,
    "eps": 0.47,
    "epsdiluted": 0.47,
    "weightedAverageShsOut": 335600000,
    "weightedAverageShsOutDil": 339700000,
    "link": "https://www.sec.gov/Archives/edgar/data/1659166/000165916619000189/0001659166-19-000189-index.htm",
    "finalLink": "https://www.sec.gov/Archives/edgar/data/1659166/000165916619000189/a20190628-10q.htm"
  },
  {
    "date": "2019-03-29",
    "symbol": "FTV",
    "reportedCurrency": "USD",
    "cik": "0001659166",
    "fillingDate": "2019-04-25",
    "acceptedDate": "2019-04-25 16:12:13",
    "calendarYear": "2019",
    "period": "Q1",
    "revenue": 1592900000,
    "costOfRevenue": 780200000,
    "grossProfit": 812700000,
    "grossProfitRatio": 0.5102015192,
    "researchAndDevelopmentExpenses": 109000000,
    "generalAndAdministrativeExpenses": 0,
    "sellingAndMarketingExpenses": 0,
    "sellingGeneralAndAdministrativeExpenses": 460400000,
    "otherExpenses": 0,
    "operatingExpenses": 569400000,
    "costAndExpenses": 1349600000,
    "interestIncome": 0,
    "interestExpense": 25300000,
    "depreciationAndAmortization": 81900000,
    "ebitda": 299600000,
    "ebitdaratio": 0.1880846255,
    "operatingIncome": 243300000,
    "operatingIncomeRatio": 0.152740285,
    "totalOtherIncomeExpensesNet": -50900000,
    "incomeBeforeTax": 192400000,
    "incomeBeforeTaxRatio": 0.1207859878,
    "incomeTaxExpense": 28400000,
    "netIncome": 164400000,
    "netIncomeRatio": 0.1032079854,
    "eps": 0.44,
    "epsdiluted": 0.43,
    "weightedAverageShsOut": 335100000,
    "weightedAverageShsOutDil": 339500000,
    "link": "https://www.sec.gov/Archives/edgar/data/1659166/000165916619000117/0001659166-19-000117-index.htm",
    "finalLink": "https://www.sec.gov/Archives/edgar/data/1659166/000165916619000117/a20190329-10q.htm"
  },
  {
    "date": "2018-12-31",
    "symbol": "FTV",
    "reportedCurrency": "USD",
    "cik": "0001659166",
    "fillingDate": "2019-02-28",
    "acceptedDate": "2019-02-27 18:18:23",
    "calendarYear": "2018",
    "period": "Q4",
    "revenue": 1757500000,
    "costOfRevenue": 859200000,
    "grossProfit": 898300000,
    "grossProfitRatio": 0.5111237553,
    "researchAndDevelopmentExpenses": 108800000,
    "generalAndAdministrativeExpenses": 0,
    "sellingAndMarketingExpenses": 0,
    "sellingGeneralAndAdministrativeExpenses": 495000000,
    "otherExpenses": 0,
    "operatingExpenses": 603800000,
    "costAndExpenses": 1463000000,
    "interestIncome": 0,
    "interestExpense": 26700000,
    "depreciationAndAmortization": 76000000,
    "ebitda": 370100000,
    "ebitdaratio": 0.2105832148,
    "operatingIncome": 294500000,
    "operatingIncomeRatio": 0.1675675676,
    "totalOtherIncomeExpensesNet": -27100000,
    "incomeBeforeTax": 267399999,
    "incomeBeforeTaxRatio": 0.1521479368,
    "incomeTaxExpense": 27300000,
    "netIncome": 2112300000,
    "netIncomeRatio": 1.2018776671,
    "eps": 6.26,
    "epsdiluted": 6.17,
    "weightedAverageShsOut": 334600000,
    "weightedAverageShsOutDil": 339300000,
    "link": "https://www.sec.gov/Archives/edgar/data/1659166/000165916619000085/0001659166-19-000085-index.htm",
    "finalLink": "https://www.sec.gov/Archives/edgar/data/1659166/000165916619000085/a20181231-10k.htm"
  },
  {
    "date": "2018-09-28",
    "symbol": "FTV",
    "reportedCurrency": "USD",
    "cik": "0001659166",
    "fillingDate": "2018-10-25",
    "acceptedDate": "2018-10-25 16:16:36",
    "calendarYear": "2018",
    "period": "Q3",
    "revenue": 1601200000,
    "costOfRevenue": 775300000,
    "grossProfit": 825900000,
    "grossProfitRatio": 0.5158006495,
    "researchAndDevelopmentExpenses": 103700000,
    "generalAndAdministrativeExpenses": 0,
    "sellingAndMarketingExpenses": 0,
    "sellingGeneralAndAdministrativeExpenses": 440600000,
    "otherExpenses": 0,
    "operatingExpenses": 544300000,
    "costAndExpenses": 1319600000,
    "interestIncome": 0,
    "interestExpense": 23100000,
    "depreciationAndAmortization": 62400000,
    "ebitda": 343200000,
    "ebitdaratio": 0.2143392456,
    "operatingIncome": 281600000,
    "operatingIncomeRatio": 0.1758680989,
    "totalOtherIncomeExpensesNet": -23900000,
    "incomeBeforeTax": 257700000,
    "incomeBeforeTaxRatio": 0.1609417937,
    "incomeTaxExpense": 43700000,
    "netIncome": 245300000,
    "netIncomeRatio": 0.1531976018,
    "eps": 0.65,
    "epsdiluted": 0.64,
    "weightedAverageShsOut": 349900000,
    "weightedAverageShsOutDil": 355300000,
    "link": "https://www.sec.gov/Archives/edgar/data/1659166/000165916618000260/0001659166-18-000260-index.htm",
    "finalLink": "https://www.sec.gov/Archives/edgar/data/1659166/000165916618000260/a20180928-10q.htm"
  },
  {
    "date": "2018-06-29",
    "symbol": "FTV",
    "reportedCurrency": "USD",
    "cik": "0001659166",
    "fillingDate": "2018-07-26",
    "acceptedDate": "2018-07-26 16:15:32",
    "calendarYear": "2018",
    "period": "Q2",
    "revenue": 1601800000,
    "costOfRevenue": 771000000,
    "grossProfit": 830800000,
    "grossProfitRatio": 0.5186665002,
    "researchAndDevelopmentExpenses": 101900000,
    "generalAndAdministrativeExpenses": 0,
    "sellingAndMarketingExpenses": 0,
    "sellingGeneralAndAdministrativeExpenses": 404500000,
    "otherExpenses": 0,
    "operatingExpenses": 506400000,
    "costAndExpenses": 1277400000,
    "interestIncome": 0,
    "interestExpense": 23900000,
    "depreciationAndAmortization": 54200000,
    "ebitda": 377500000,
    "ebitdaratio": 0.2356723686,
    "operatingIncome": 324400000,
    "operatingIncomeRatio": 0.2025221626,
    "totalOtherIncomeExpensesNet": -25000000,
    "incomeBeforeTax": 299400000,
    "incomeBeforeTaxRatio": 0.1869147209,
    "incomeTaxExpense": 49200000,
    "netIncome": 295000000,
    "netIncomeRatio": 0.1841678112,
    "eps": 0.84,
    "epsdiluted": 0.83,
    "weightedAverageShsOut": 349200000,
    "weightedAverageShsOutDil": 355000000,
    "link": "https://www.sec.gov/Archives/edgar/data/1659166/000165916618000198/0001659166-18-000198-index.htm",
    "finalLink": "https://www.sec.gov/Archives/edgar/data/1659166/000165916618000198/a20180629-10q.htm"
  },
  {
    "date": "2018-03-30",
    "symbol": "FTV",
    "reportedCurrency": "USD",
    "cik": "0001659166",
    "fillingDate": "2018-04-26",
    "acceptedDate": "2018-04-26 16:22:38",
    "calendarYear": "2018",
    "period": "Q1",
    "revenue": 1492200000,
    "costOfRevenue": 725900000,
    "grossProfit": 766300000,
    "grossProfitRatio": 0.5135370594,
    "researchAndDevelopmentExpenses": 99900000,
    "generalAndAdministrativeExpenses": 0,
    "sellingAndMarketingExpenses": 0,
    "sellingGeneralAndAdministrativeExpenses": 388500000,
    "otherExpenses": 0,
    "operatingExpenses": 488400000,
    "costAndExpenses": 1214300000,
    "interestIncome": 0,
    "interestExpense": 23300000,
    "depreciationAndAmortization": 55900000,
    "ebitda": 333100000,
    "ebitdaratio": 0.2232274494,
    "operatingIncome": 277900000,
    "operatingIncomeRatio": 0.1862350891,
    "totalOtherIncomeExpensesNet": -24000000,
    "incomeBeforeTax": 253900000,
    "incomeBeforeTaxRatio": 0.1701514542,
    "incomeTaxExpense": 39900000,
    "netIncome": 261200000,
    "netIncomeRatio": 0.1750435598,
    "eps": 0.75,
    "epsdiluted": 0.74,
    "weightedAverageShsOut": 348600000,
    "weightedAverageShsOutDil": 354400000,
    "link": "https://www.sec.gov/Archives/edgar/data/1659166/000165916618000129/0001659166-18-000129-index.htm",
    "finalLink": "https://www.sec.gov/Archives/edgar/data/1659166/000165916618000129/a20180330-10q.htm"
  },
  {
    "date": "2017-12-31",
    "symbol": "FTV",
    "reportedCurrency": "USD",
    "cik": "0001659166",
    "fillingDate": "2018-02-28",
    "acceptedDate": "2018-02-27 20:44:26",
    "calendarYear": "2017",
    "period": "Q4",
    "revenue": 1577900000,
    "costOfRevenue": 764300000,
    "grossProfit": 813600000,
    "grossProfitRatio": 0.5156220293,
    "researchAndDevelopmentExpenses": 99600000,
    "generalAndAdministrativeExpenses": 0,
    "sellingAndMarketingExpenses": 0,
    "sellingGeneralAndAdministrativeExpenses": 409000000,
    "otherExpenses": 0,
    "operatingExpenses": 508600000,
    "costAndExpenses": 1272900000,
    "interestIncome": 0,
    "interestExpense": 24700000,
    "depreciationAndAmortization": 44600000,
    "ebitda": 355900000,
    "ebitdaratio": 0.2255529501,
    "operatingIncome": 305000000,
    "operatingIncomeRatio": 0.1932948856,
    "totalOtherIncomeExpensesNet": -18400000,
    "incomeBeforeTax": 286600000,
    "incomeBeforeTaxRatio": 0.1816338171,
    "incomeTaxExpense": -11100000,
    "netIncome": 336900000,
    "netIncomeRatio": 0.2135116294,
    "eps": 0.97,
    "epsdiluted": 0.95,
    "weightedAverageShsOut": 348100000,
    "weightedAverageShsOutDil": 353900000,
    "link": "https://www.sec.gov/Archives/edgar/data/1659166/000165916618000100/0001659166-18-000100-index.htm",
    "finalLink": "https://www.sec.gov/Archives/edgar/data/1659166/000165916618000100/a20171231-10k.htm"
  },
  {
    "date": "2017-09-29",
    "symbol": "FTV",
    "reportedCurrency": "USD",
    "cik": "0001659166",
    "fillingDate": "2017-10-26",
    "acceptedDate": "2017-10-26 16:19:26",
    "calendarYear": "2017",
    "period": "Q3",
    "revenue": 1685300000,
    "costOfRevenue": 845900000,
    "grossProfit": 839400000,
    "grossProfitRatio": 0.49807156,
    "researchAndDevelopmentExpenses": 102000000,
    "generalAndAdministrativeExpenses": 0,
    "sellingAndMarketingExpenses": 0,
    "sellingGeneralAndAdministrativeExpenses": 381500000,
    "otherExpenses": 0,
    "operatingExpenses": 483500000,
    "costAndExpenses": 1329400000,
    "interestIncome": 0,
    "interestExpense": 22900000,
    "depreciationAndAmortization": 39900000,
    "ebitda": 411100000,
    "ebitdaratio": 0.2439328309,
    "operatingIncome": 355900000,
    "operatingIncomeRatio": 0.2111790186,
    "totalOtherIncomeExpensesNet": -7600000,
    "incomeBeforeTax": 348300000,
    "incomeBeforeTaxRatio": 0.2066694357,
    "incomeTaxExpense": 80500000,
    "netIncome": 267800000,
    "netIncomeRatio": 0.1589034593,
    "eps": 0.77,
    "epsdiluted": 0.76,
    "weightedAverageShsOut": 347700000,
    "weightedAverageShsOutDil": 352900000,
    "link": "https://www.sec.gov/Archives/edgar/data/1659166/000165916617000246/0001659166-17-000246-index.htm",
    "finalLink": "https://www.sec.gov/Archives/edgar/data/1659166/000165916617000246/a20170929-10q.htm"
  },
  {
    "date": "2017-06-30",
    "symbol": "FTV",
    "reportedCurrency": "USD",
    "cik": "0001659166",
    "fillingDate": "2017-07-27",
    "acceptedDate": "2017-07-27 16:14:50",
    "calendarYear": "2017",
    "period": "Q2",
    "revenue": 1628800000,
    "costOfRevenue": 823700000,
    "grossProfit": 805100000,
    "grossProfitRatio": 0.494290275,
    "researchAndDevelopmentExpenses": 99100000,
    "generalAndAdministrativeExpenses": 0,
    "sellingAndMarketingExpenses": 0,
    "sellingGeneralAndAdministrativeExpenses": 357700000,
    "otherExpenses": 0,
    "operatingExpenses": 456800000,
    "costAndExpenses": 1280500000,
    "interestIncome": 0,
    "interestExpense": 22700000,
    "depreciationAndAmortization": 37100000,
    "ebitda": 385400000,
    "ebitdaratio": 0.2366159136,
    "operatingIncome": 348300000,
    "operatingIncomeRatio": 0.2138384086,
    "totalOtherIncomeExpensesNet": -22700000,
    "incomeBeforeTax": 325600000,
    "incomeBeforeTaxRatio": 0.1999017682,
    "incomeTaxExpense": 85500000,
    "netIncome": 240100000,
    "netIncomeRatio": 0.1474091356,
    "eps": 0.69,
    "epsdiluted": 0.68,
    "weightedAverageShsOut": 347200000,
    "weightedAverageShsOutDil": 352200000,
    "link": "https://www.sec.gov/Archives/edgar/data/1659166/000165916617000200/0001659166-17-000200-index.htm",
    "finalLink": "https://www.sec.gov/Archives/edgar/data/1659166/000165916617000200/a20170630-10q.htm"
  },
  {
    "date": "2017-03-31",
    "symbol": "FTV",
    "reportedCurrency": "USD",
    "cik": "0001659166",
    "fillingDate": "2017-04-27",
    "acceptedDate": "2017-04-27 16:17:45",
    "calendarYear": "2017",
    "period": "Q1",
    "revenue": 1535200000,
    "costOfRevenue": 791200000,
    "grossProfit": 744000000,
    "grossProfitRatio": 0.4846274101,
    "researchAndDevelopmentExpenses": 96200000,
    "generalAndAdministrativeExpenses": 0,
    "sellingAndMarketingExpenses": 0,
    "sellingGeneralAndAdministrativeExpenses": 352900000,
    "otherExpenses": 0,
    "operatingExpenses": 449100000,
    "costAndExpenses": 1240300000,
    "interestIncome": 0,
    "interestExpense": 22600000,
    "depreciationAndAmortization": 36700000,
    "ebitda": 331600000,
    "ebitdaratio": 0.2159979156,
    "operatingIncome": 294900000,
    "operatingIncomeRatio": 0.1920922355,
    "totalOtherIncomeExpensesNet": -22600000,
    "incomeBeforeTax": 272300000,
    "incomeBeforeTaxRatio": 0.1773710266,
    "incomeTaxExpense": 72600000,
    "netIncome": 199700000,
    "netIncomeRatio": 0.1300807712,
    "eps": 0.58,
    "epsdiluted": 0.57,
    "weightedAverageShsOut": 347000000,
    "weightedAverageShsOutDil": 351500000,
    "link": "https://www.sec.gov/Archives/edgar/data/1659166/000165916617000121/0001659166-17-000121-index.htm",
    "finalLink": "https://www.sec.gov/Archives/edgar/data/1659166/000165916617000121/a20170331-10q.htm"
  },
  {
    "date": "2016-12-31",
    "symbol": "FTV",
    "reportedCurrency": "USD",
    "cik": "0001659166",
    "fillingDate": "2017-02-28",
    "acceptedDate": "2017-02-27 20:25:43",
    "calendarYear": "2016",
    "period": "Q4",
    "revenue": 1627100000,
    "costOfRevenue": 830500000,
    "grossProfit": 796600000,
    "grossProfitRatio": 0.4895826931,
    "researchAndDevelopmentExpenses": 99200000,
    "generalAndAdministrativeExpenses": 0,
    "sellingAndMarketingExpenses": 0,
    "sellingGeneralAndAdministrativeExpenses": 359700000,
    "otherExpenses": 0,
    "operatingExpenses": 458900000,
    "costAndExpenses": 1289400000,
    "interestIncome": 0,
    "interestExpense": 22900000,
    "depreciationAndAmortization": 42500000,
    "ebitda": 380200000,
    "ebitdaratio": 0.2336672608,
    "operatingIncome": 337700000,
    "operatingIncomeRatio": 0.2075471698,
    "totalOtherIncomeExpensesNet": -22900000,
    "incomeBeforeTax": 314800000,
    "incomeBeforeTaxRatio": 0.1934730502,
    "incomeTaxExpense": 90300000,
    "netIncome": 224500000,
    "netIncomeRatio": 0.1379755393,
    "eps": 0.65,
    "epsdiluted": 0.64,
    "weightedAverageShsOut": 346200000,
    "weightedAverageShsOutDil": 349700000,
    "link": "https://www.sec.gov/Archives/edgar/data/1659166/000165916617000091/0001659166-17-000091-index.htm",
    "finalLink": "https://www.sec.gov/Archives/edgar/data/1659166/000165916617000091/a20161231-10k.htm"
  },
  {
    "date": "2016-09-30",
    "symbol": "FTV",
    "reportedCurrency": "USD",
    "cik": "0001659166",
    "fillingDate": "2016-10-27",
    "acceptedDate": "2016-10-27 16:17:33",
    "calendarYear": "2016",
    "period": "Q3",
    "revenue": 1567400000,
    "costOfRevenue": 794500000,
    "grossProfit": 772900000,
    "grossProfitRatio": 0.4931096083,
    "researchAndDevelopmentExpenses": 95200000,
    "generalAndAdministrativeExpenses": 0,
    "sellingAndMarketingExpenses": 0,
    "sellingGeneralAndAdministrativeExpenses": 354500000,
    "otherExpenses": 0,
    "operatingExpenses": 449700000,
    "costAndExpenses": 1244200000,
    "interestIncome": 0,
    "interestExpense": 23400000,
    "depreciationAndAmortization": 45100000,
    "ebitda": 368300000,
    "ebitdaratio": 0.234975118,
    "operatingIncome": 323200000,
    "operatingIncomeRatio": 0.2062013526,
    "totalOtherIncomeExpensesNet": -23400000,
    "incomeBeforeTax": 299800000,
    "incomeBeforeTaxRatio": 0.1912721705,
    "incomeTaxExpense": 72900000,
    "netIncome": 226900000,
    "netIncomeRatio": 0.1447620263,
    "eps": 0.66,
    "epsdiluted": 0.65,
    "weightedAverageShsOut": 346000000,
    "weightedAverageShsOutDil": 349200000,
    "link": "https://www.sec.gov/Archives/edgar/data/1659166/000165916616000046/0001659166-16-000046-index.htm",
    "finalLink": "https://www.sec.gov/Archives/edgar/data/1659166/000165916616000046/a2016930-10q.htm"
  },
  {
    "date": "2016-07-01",
    "symbol": "FTV",
    "reportedCurrency": "USD",
    "cik": "0001659166",
    "fillingDate": "2016-08-02",
    "acceptedDate": "2016-08-02 16:36:08",
    "calendarYear": "2016",
    "period": "Q2",
    "revenue": 1555100000,
    "costOfRevenue": 787000000,
    "grossProfit": 768100000,
    "grossProfitRatio": 0.4939232204,
    "researchAndDevelopmentExpenses": 96700000,
    "generalAndAdministrativeExpenses": 0,
    "sellingAndMarketingExpenses": 0,
    "sellingGeneralAndAdministrativeExpenses": 349300000,
    "otherExpenses": 0,
    "operatingExpenses": 446000000,
    "costAndExpenses": 1233000000,
    "interestIncome": 0,
    "interestExpense": 2700000,
    "depreciationAndAmortization": 44900000,
    "ebitda": 367000000,
    "ebitdaratio": 0.235997685,
    "operatingIncome": 322100000,
    "operatingIncomeRatio": 0.2071249437,
    "totalOtherIncomeExpensesNet": -2700000,
    "incomeBeforeTax": 319400000,
    "incomeBeforeTaxRatio": 0.205388721,
    "incomeTaxExpense": 80500000,
    "netIncome": 238900000,
    "netIncomeRatio": 0.1536235612,
    "eps": 0.69,
    "epsdiluted": 0.69,
    "weightedAverageShsOut": 345200000,
    "weightedAverageShsOutDil": 345200000,
    "link": "https://www.sec.gov/Archives/edgar/data/1659166/000165916616000036/0001659166-16-000036-index.htm",
    "finalLink": "https://www.sec.gov/Archives/edgar/data/1659166/000165916616000036/a7116-10q.htm"
  },
  {
    "date": "2016-04-01",
    "symbol": "FTV",
    "reportedCurrency": "USD",
    "cik": "0001659166",
    "fillingDate": "2016-04-01",
    "acceptedDate": "2016-03-31 20:00:00",
    "calendarYear": "2016",
    "period": "Q1",
    "revenue": 1474700000,
    "costOfRevenue": 779500000,
    "grossProfit": 695200000,
    "grossProfitRatio": 0.4714179155,
    "researchAndDevelopmentExpenses": 93700000,
    "generalAndAdministrativeExpenses": 0,
    "sellingAndMarketingExpenses": 0,
    "sellingGeneralAndAdministrativeExpenses": 338500000,
    "otherExpenses": 0,
    "operatingExpenses": 432200000,
    "costAndExpenses": 1211700000,
    "interestIncome": 0,
    "interestExpense": 0,
    "depreciationAndAmortization": 43900000,
    "ebitda": 306900000,
    "ebitdaratio": 0.2081101241,
    "operatingIncome": 263000000,
    "operatingIncomeRatio": 0.1783413576,
    "totalOtherIncomeExpensesNet": 0,
    "incomeBeforeTax": 263000000,
    "incomeBeforeTaxRatio": 0.1783413576,
    "incomeTaxExpense": 81000000,
    "netIncome": 182000000,
    "netIncomeRatio": 0.1234149319,
    "eps": 0.53,
    "epsdiluted": 0.53,
    "weightedAverageShsOut": 345200000,
    "weightedAverageShsOutDil": 345200000,
    "link": "",
    "finalLink": ""
  },
  {
    "date": "2015-12-31",
    "symbol": "FTV",
    "reportedCurrency": "USD",
    "cik": "0001659166",
    "fillingDate": "2015-12-31",
    "acceptedDate": "2015-12-30 19:00:00",
    "calendarYear": "2015",
    "period": "Q4",
    "revenue": 1561400000,
    "costOfRevenue": 823200000,
    "grossProfit": 738200000,
    "grossProfitRatio": 0.4727808377,
    "researchAndDevelopmentExpenses": 91000000,
    "generalAndAdministrativeExpenses": 0,
    "sellingAndMarketingExpenses": 0,
    "sellingGeneralAndAdministrativeExpenses": 309100000,
    "otherExpenses": 0,
    "operatingExpenses": 400100000,
    "costAndExpenses": 1223300000,
    "interestIncome": 0,
    "interestExpense": 0,
    "depreciationAndAmortization": 44700000,
    "ebitda": 382800000,
    "ebitdaratio": 0.2451645959,
    "operatingIncome": 338100000,
    "operatingIncomeRatio": 0.2165364417,
    "totalOtherIncomeExpensesNet": 0,
    "incomeBeforeTax": 338100000,
    "incomeBeforeTaxRatio": 0.2165364417,
    "incomeTaxExpense": 102000000,
    "netIncome": 236100000,
    "netIncomeRatio": 0.1512104522,
    "eps": 0.69,
    "epsdiluted": 0.69,
    "weightedAverageShsOut": 344000000,
    "weightedAverageShsOutDil": 344000000,
    "link": "",
    "finalLink": ""
  },
  {
    "date": "2015-09-30",
    "symbol": "FTV",
    "reportedCurrency": "USD",
    "cik": "0001659166",
    "fillingDate": "2015-09-30",
    "acceptedDate": "2015-09-29 20:00:00",
    "calendarYear": "2015",
    "period": "Q3",
    "revenue": 1524600000,
    "costOfRevenue": 777400000,
    "grossProfit": 747200000,
    "grossProfitRatio": 0.4900957628,
    "researchAndDevelopmentExpenses": 95700000,
    "generalAndAdministrativeExpenses": 0,
    "sellingAndMarketingExpenses": 0,
    "sellingGeneralAndAdministrativeExpenses": 349700000,
    "otherExpenses": 0,
    "operatingExpenses": 445400000,
    "costAndExpenses": 1222800000,
    "interestIncome": 0,
    "interestExpense": 0,
    "depreciationAndAmortization": 43600000,
    "ebitda": 345400000,
    "ebitdaratio": 0.2265512266,
    "operatingIncome": 301800000,
    "operatingIncomeRatio": 0.1979535616,
    "totalOtherIncomeExpensesNet": 0,
    "incomeBeforeTax": 301800000,
    "incomeBeforeTaxRatio": 0.1979535616,
    "incomeTaxExpense": 105200000,
    "netIncome": 196600000,
    "netIncomeRatio": 0.1289518562,
    "eps": 0.57,
    "epsdiluted": 0.57,
    "weightedAverageShsOut": 345200000,
    "weightedAverageShsOutDil": 345200000,
    "link": "",
    "finalLink": ""
  },
  {
    "date": "2015-06-30",
    "symbol": "FTV",
    "reportedCurrency": "USD",
    "cik": "0001659166",
    "fillingDate": "2015-06-30",
    "acceptedDate": "2015-06-29 20:00:00",
    "calendarYear": "2015",
    "period": "Q2",
    "revenue": 1564900000,
    "costOfRevenue": 800100000,
    "grossProfit": 764800000,
    "grossProfitRatio": 0.488721324,
    "researchAndDevelopmentExpenses": 95900000,
    "generalAndAdministrativeExpenses": 0,
    "sellingAndMarketingExpenses": 0,
    "sellingGeneralAndAdministrativeExpenses": 333200000,
    "otherExpenses": 0,
    "operatingExpenses": 429100000,
    "costAndExpenses": 1229200000,
    "interestIncome": 0,
    "interestExpense": 0,
    "depreciationAndAmortization": 44900000,
    "ebitda": 380600000,
    "ebitdaratio": 0.2432104288,
    "operatingIncome": 335700000,
    "operatingIncomeRatio": 0.2145184996,
    "totalOtherIncomeExpensesNet": 0,
    "incomeBeforeTax": 335700000,
    "incomeBeforeTaxRatio": 0.2145184996,
    "incomeTaxExpense": 108300000,
    "netIncome": 227400000,
    "netIncomeRatio": 0.1453127995,
    "eps": 0.66,
    "epsdiluted": 0.66,
    "weightedAverageShsOut": 345200000,
    "weightedAverageShsOutDil": 345200000,
    "link": "",
    "finalLink": ""
  },
  {
    "date": "2015-03-31",
    "symbol": "FTV",
    "reportedCurrency": "USD",
    "cik": "0001659166",
    "fillingDate": "2015-04-03",
    "acceptedDate": "2015-04-02 20:00:00",
    "calendarYear": "2015",
    "period": "Q1",
    "revenue": 1513500000,
    "costOfRevenue": 782800000,
    "grossProfit": 730700000,
    "grossProfitRatio": 0.4827882392,
    "researchAndDevelopmentExpenses": 95100000,
    "generalAndAdministrativeExpenses": 0,
    "sellingAndMarketingExpenses": 0,
    "sellingGeneralAndAdministrativeExpenses": 341500000,
    "otherExpenses": 0,
    "operatingExpenses": 436600000,
    "costAndExpenses": 1219400000,
    "interestIncome": 0,
    "interestExpense": 0,
    "depreciationAndAmortization": 43700000,
    "ebitda": 337800000,
    "ebitdaratio": 0.2231912785,
    "operatingIncome": 294100000,
    "operatingIncomeRatio": 0.1943178064,
    "totalOtherIncomeExpensesNet": 0,
    "incomeBeforeTax": 294100000,
    "incomeBeforeTaxRatio": 0.1943178064,
    "incomeTaxExpense": 90400000,
    "netIncome": 203700000,
    "netIncomeRatio": 0.1345887017,
    "eps": 0.59,
    "epsdiluted": 0.59,
    "weightedAverageShsOut": 345200000,
    "weightedAverageShsOutDil": 345200000,
    "link": null,
    "finalLink": null
  },
  {
    "date": "2014-12-31",
    "symbol": "FTV",
    "reportedCurrency": "USD",
    "cik": "0001659166",
    "fillingDate": "2014-12-31",
    "acceptedDate": "2014-12-30 19:00:00",
    "calendarYear": "2014",
    "period": "Q4",
    "revenue": 1687400000,
    "costOfRevenue": 882000000,
    "grossProfit": 805400000,
    "grossProfitRatio": 0.4773023587,
    "researchAndDevelopmentExpenses": 97100000,
    "generalAndAdministrativeExpenses": 0,
    "sellingAndMarketingExpenses": 0,
    "sellingGeneralAndAdministrativeExpenses": 389300000,
    "otherExpenses": 0,
    "operatingExpenses": 486400000,
    "costAndExpenses": 1368400000,
    "interestIncome": 0,
    "interestExpense": 0,
    "depreciationAndAmortization": 42200000,
    "ebitda": 361200000,
    "ebitdaratio": 0.2140571293,
    "operatingIncome": 319000000,
    "operatingIncomeRatio": 0.1890482399,
    "totalOtherIncomeExpensesNet": 0,
    "incomeBeforeTax": 319000000,
    "incomeBeforeTaxRatio": 0.1890482399,
    "incomeTaxExpense": 90100000,
    "netIncome": 228900000,
    "netIncomeRatio": 0.1356524831,
    "eps": 0.66,
    "epsdiluted": 0.66,
    "weightedAverageShsOut": 345200000,
    "weightedAverageShsOutDil": 345200000,
    "link": "",
    "finalLink": ""
  }
]