[
  {
    "date": "2025-06-29",
    "symbol": "GD",
    "reportedCurrency": "USD",
    "cik": "0000040533",
    "fillingDate": "2025-07-23",
    "acceptedDate": "2025-07-23 06:59:21",
    "calendarYear": "2025",
    "period": "Q2",
    "revenue": 13041000000,
    "costOfRevenue": 11092000000,
    "grossProfit": 1949000000,
    "grossProfitRatio": 0.1494517292,
    "researchAndDevelopmentExpenses": 0,
    "generalAndAdministrativeExpenses": 644000000,
    "sellingAndMarketingExpenses": 0,
    "sellingGeneralAndAdministrativeExpenses": 644000000,
    "otherExpenses": 0,
    "operatingExpenses": 644000000,
    "costAndExpenses": 11736000000,
    "interestIncome": 0,
    "interestExpense": 88000000,
    "depreciationAndAmortization": 223000000,
    "ebitda": 1543000000,
    "ebitdaratio": 0.1183191473,
    "operatingIncome": 1305000000,
    "operatingIncomeRatio": 0.1000690131,
    "totalOtherIncomeExpensesNet": -73000000,
    "incomeBeforeTax": 1232000000,
    "incomeBeforeTaxRatio": 0.0944712829,
    "incomeTaxExpense": 218000000,
    "netIncome": 1014000000,
    "netIncomeRatio": 0.0777547734,
    "eps": 3.78,
    "epsdiluted": 3.74,
    "weightedAverageShsOut": 268138000,
    "weightedAverageShsOutDil": 270945000,
    "link": "https://www.sec.gov/Archives/edgar/data/40533/000004053325000035/0000040533-25-000035-index.htm",
    "finalLink": "https://www.sec.gov/Archives/edgar/data/40533/000004053325000035/gd-20250629.htm"
  },
  {
    "date": "2025-03-30",
    "symbol": "GD",
    "reportedCurrency": "USD",
    "cik": "0000040533",
    "fillingDate": "2025-04-23",
    "acceptedDate": "2025-04-23 11:17:58",
    "calendarYear": "2025",
    "period": "Q1",
    "revenue": 12223000000,
    "costOfRevenue": 10330000000,
    "grossProfit": 1893000000,
    "grossProfitRatio": 0.1548719627,
    "researchAndDevelopmentExpenses": 0,
    "generalAndAdministrativeExpenses": 625000000,
    "sellingAndMarketingExpenses": 0,
    "sellingGeneralAndAdministrativeExpenses": 625000000,
    "otherExpenses": 0,
    "operatingExpenses": 625000000,
    "costAndExpenses": 10955000000,
    "interestIncome": 0,
    "interestExpense": 0,
    "depreciationAndAmortization": 223000000,
    "ebitda": 1491000000,
    "ebitdaratio": 0.1219831465,
    "operatingIncome": 1268000000,
    "operatingIncomeRatio": 0.103738853,
    "totalOtherIncomeExpensesNet": -68000000,
    "incomeBeforeTax": 1200000000,
    "incomeBeforeTaxRatio": 0.0981755706,
    "incomeTaxExpense": 206000000,
    "netIncome": 994000000,
    "netIncomeRatio": 0.0813220977,
    "eps": 3.69,
    "epsdiluted": 3.66,
    "weightedAverageShsOut": 269038000,
    "weightedAverageShsOutDil": 271749000,
    "link": "https://www.sec.gov/Archives/edgar/data/40533/000004053325000014/0000040533-25-000014-index.htm",
    "finalLink": "https://www.sec.gov/Archives/edgar/data/40533/000004053325000014/gd-20250330.htm"
  },
  {
    "date": "2024-12-31",
    "symbol": "GD",
    "reportedCurrency": "USD",
    "cik": "0000040533",
    "fillingDate": "2025-02-07",
    "acceptedDate": "2025-02-07 15:26:28",
    "calendarYear": "2024",
    "period": "Q4",
    "revenue": 13338000000,
    "costOfRevenue": 11253000000,
    "grossProfit": 2085000000,
    "grossProfitRatio": 0.1563202879,
    "researchAndDevelopmentExpenses": 0,
    "generalAndAdministrativeExpenses": 662000000,
    "sellingAndMarketingExpenses": 0,
    "sellingGeneralAndAdministrativeExpenses": 662000000,
    "otherExpenses": 0,
    "operatingExpenses": 662000000,
    "costAndExpenses": 11915000000,
    "interestIncome": 0,
    "interestExpense": 0,
    "depreciationAndAmortization": 240000000,
    "ebitda": 1800000000,
    "ebitdaratio": 0.1349527665,
    "operatingIncome": 1423000000,
    "operatingIncomeRatio": 0.1066876593,
    "totalOtherIncomeExpensesNet": -55000000,
    "incomeBeforeTax": 1368000000,
    "incomeBeforeTaxRatio": 0.1025641026,
    "incomeTaxExpense": 220000000,
    "netIncome": 1148000000,
    "netIncomeRatio": 0.0860698755,
    "eps": 4.15,
    "epsdiluted": 4.15,
    "weightedAverageShsOut": 273400000,
    "weightedAverageShsOutDil": 276900000,
    "link": "https://www.sec.gov/Archives/edgar/data/40533/000004053325000008/0000040533-25-000008-index.htm",
    "finalLink": "https://www.sec.gov/Archives/edgar/data/40533/000004053325000008/gd-20241231.htm"
  },
  {
    "date": "2024-09-29",
    "symbol": "GD",
    "reportedCurrency": "USD",
    "cik": "0000040533",
    "fillingDate": "2024-10-23",
    "acceptedDate": "2024-10-23 10:33:07",
    "calendarYear": "2024",
    "period": "Q3",
    "revenue": 11671000000,
    "costOfRevenue": 9855000000,
    "grossProfit": 1816000000,
    "grossProfitRatio": 0.1555993488,
    "researchAndDevelopmentExpenses": 0,
    "generalAndAdministrativeExpenses": 635000000,
    "sellingAndMarketingExpenses": 0,
    "sellingGeneralAndAdministrativeExpenses": 635000000,
    "otherExpenses": 0,
    "operatingExpenses": 635000000,
    "costAndExpenses": 10490000000,
    "interestIncome": 0,
    "interestExpense": 0,
    "depreciationAndAmortization": 218000000,
    "ebitda": 1399000000,
    "ebitdaratio": 0.1198697627,
    "operatingIncome": 1181000000,
    "operatingIncomeRatio": 0.1011909862,
    "totalOtherIncomeExpensesNet": -67000000,
    "incomeBeforeTax": 1114000000,
    "incomeBeforeTaxRatio": 0.0954502613,
    "incomeTaxExpense": 184000000,
    "netIncome": 930000000,
    "netIncomeRatio": 0.0796846885,
    "eps": 3.39,
    "epsdiluted": 3.35,
    "weightedAverageShsOut": 274400000,
    "weightedAverageShsOutDil": 277900000,
    "link": "https://www.sec.gov/Archives/edgar/data/40533/000004053324000043/0000040533-24-000043-index.htm",
    "finalLink": "https://www.sec.gov/Archives/edgar/data/40533/000004053324000043/gd-20240929.htm"
  },
  {
    "date": "2024-06-30",
    "symbol": "GD",
    "reportedCurrency": "USD",
    "cik": "0000040533",
    "fillingDate": "2024-07-24",
    "acceptedDate": "2024-07-24 11:08:26",
    "calendarYear": "2024",
    "period": "Q2",
    "revenue": 11976000000,
    "costOfRevenue": 10176000000,
    "grossProfit": 1800000000,
    "grossProfitRatio": 0.1503006012,
    "researchAndDevelopmentExpenses": 0,
    "generalAndAdministrativeExpenses": 644000000,
    "sellingAndMarketingExpenses": 0,
    "sellingGeneralAndAdministrativeExpenses": 644000000,
    "otherExpenses": 0,
    "operatingExpenses": 644000000,
    "costAndExpenses": 10820000000,
    "interestIncome": 0,
    "interestExpense": 0,
    "depreciationAndAmortization": 217000000,
    "ebitda": 1373000000,
    "ebitdaratio": 0.1146459586,
    "operatingIncome": 1156000000,
    "operatingIncomeRatio": 0.0965263861,
    "totalOtherIncomeExpensesNet": -66000000,
    "incomeBeforeTax": 1090000000,
    "incomeBeforeTaxRatio": 0.0910153641,
    "incomeTaxExpense": 185000000,
    "netIncome": 905000000,
    "netIncomeRatio": 0.0755678023,
    "eps": 3.3,
    "epsdiluted": 3.26,
    "weightedAverageShsOut": 274122000,
    "weightedAverageShsOutDil": 277722000,
    "link": "https://www.sec.gov/Archives/edgar/data/40533/000004053324000035/0000040533-24-000035-index.htm",
    "finalLink": "https://www.sec.gov/Archives/edgar/data/40533/000004053324000035/gd-20240630.htm"
  },
  {
    "date": "2024-03-31",
    "symbol": "GD",
    "reportedCurrency": "USD",
    "cik": "0000040533",
    "fillingDate": "2024-04-24",
    "acceptedDate": "2024-04-24 12:05:24",
    "calendarYear": "2024",
    "period": "Q1",
    "revenue": 10731000000,
    "costOfRevenue": 9068000000,
    "grossProfit": 1663000000,
    "grossProfitRatio": 0.1549715777,
    "researchAndDevelopmentExpenses": 0,
    "generalAndAdministrativeExpenses": 627000000,
    "sellingAndMarketingExpenses": 0,
    "sellingGeneralAndAdministrativeExpenses": 627000000,
    "otherExpenses": 0,
    "operatingExpenses": 627000000,
    "costAndExpenses": 9695000000,
    "interestIncome": 0,
    "interestExpense": 0,
    "depreciationAndAmortization": 211000000,
    "ebitda": 1247000000,
    "ebitdaratio": 0.1162053863,
    "operatingIncome": 1036000000,
    "operatingIncomeRatio": 0.0965427267,
    "totalOtherIncomeExpensesNet": -68000000,
    "incomeBeforeTax": 968000000,
    "incomeBeforeTaxRatio": 0.0902059454,
    "incomeTaxExpense": 169000000,
    "netIncome": 799000000,
    "netIncomeRatio": 0.0744571801,
    "eps": 2.92,
    "epsdiluted": 2.88,
    "weightedAverageShsOut": 273496000,
    "weightedAverageShsOutDil": 277004000,
    "link": "https://www.sec.gov/Archives/edgar/data/40533/000004053324000014/0000040533-24-000014-index.htm",
    "finalLink": "https://www.sec.gov/Archives/edgar/data/40533/000004053324000014/gd-20240331.htm"
  },
  {
    "date": "2023-12-31",
    "symbol": "GD",
    "reportedCurrency": "USD",
    "cik": "0000040533",
    "fillingDate": "2024-02-08",
    "acceptedDate": "2024-02-08 09:37:45",
    "calendarYear": "2023",
    "period": "Q4",
    "revenue": 11668000000,
    "costOfRevenue": 9745000000,
    "grossProfit": 1923000000,
    "grossProfitRatio": 0.164809736,
    "researchAndDevelopmentExpenses": 0,
    "generalAndAdministrativeExpenses": 635000000,
    "sellingAndMarketingExpenses": 0,
    "sellingGeneralAndAdministrativeExpenses": 635000000,
    "otherExpenses": 0,
    "operatingExpenses": 635000000,
    "costAndExpenses": 10380000000,
    "interestIncome": 0,
    "interestExpense": 0,
    "depreciationAndAmortization": 222000000,
    "ebitda": 1648000000,
    "ebitdaratio": 0.141241001,
    "operatingIncome": 1288000000,
    "operatingIncomeRatio": 0.1103873843,
    "totalOtherIncomeExpensesNet": -61000000,
    "incomeBeforeTax": 1227000000,
    "incomeBeforeTaxRatio": 0.1051594104,
    "incomeTaxExpense": 222000000,
    "netIncome": 1005000000,
    "netIncomeRatio": 0.0861330134,
    "eps": 3.68,
    "epsdiluted": 3.64,
    "weightedAverageShsOut": 272800000,
    "weightedAverageShsOutDil": 275900000,
    "link": "https://www.sec.gov/Archives/edgar/data/40533/000004053324000007/0000040533-24-000007-index.htm",
    "finalLink": "https://www.sec.gov/Archives/edgar/data/40533/000004053324000007/gd-20231231.htm"
  },
  {
    "date": "2023-10-01",
    "symbol": "GD",
    "reportedCurrency": "USD",
    "cik": "0000040533",
    "fillingDate": "2023-10-25",
    "acceptedDate": "2023-10-25 11:01:00",
    "calendarYear": "2023",
    "period": "Q3",
    "revenue": 10571000000,
    "costOfRevenue": 8913000000,
    "grossProfit": 1658000000,
    "grossProfitRatio": 0.1568441964,
    "researchAndDevelopmentExpenses": 0,
    "generalAndAdministrativeExpenses": 601000000,
    "sellingAndMarketingExpenses": 0,
    "sellingGeneralAndAdministrativeExpenses": 601000000,
    "otherExpenses": 0,
    "operatingExpenses": 601000000,
    "costAndExpenses": 9514000000,
    "interestIncome": 0,
    "interestExpense": 85000000,
    "depreciationAndAmortization": 208000000,
    "ebitda": 1265000000,
    "ebitdaratio": 0.1196670135,
    "operatingIncome": 1057000000,
    "operatingIncomeRatio": 0.0999905402,
    "totalOtherIncomeExpensesNet": -66000000,
    "incomeBeforeTax": 991000000,
    "incomeBeforeTaxRatio": 0.0937470438,
    "incomeTaxExpense": 155000000,
    "netIncome": 836000000,
    "netIncomeRatio": 0.0790842872,
    "eps": 3.07,
    "epsdiluted": 3.04,
    "weightedAverageShsOut": 272585000,
    "weightedAverageShsOutDil": 274745000,
    "link": "https://www.sec.gov/Archives/edgar/data/40533/000004053323000070/0000040533-23-000070-index.htm",
    "finalLink": "https://www.sec.gov/Archives/edgar/data/40533/000004053323000070/gd-20231001.htm"
  },
  {
    "date": "2023-07-02",
    "symbol": "GD",
    "reportedCurrency": "USD",
    "cik": "0000040533",
    "fillingDate": "2023-07-26",
    "acceptedDate": "2023-07-26 10:43:45",
    "calendarYear": "2023",
    "period": "Q2",
    "revenue": 10152000000,
    "costOfRevenue": 8585000000,
    "grossProfit": 1567000000,
    "grossProfitRatio": 0.1543538219,
    "researchAndDevelopmentExpenses": 0,
    "generalAndAdministrativeExpenses": 605000000,
    "sellingAndMarketingExpenses": 0,
    "sellingGeneralAndAdministrativeExpenses": 605000000,
    "otherExpenses": 0,
    "operatingExpenses": 605000000,
    "costAndExpenses": 9190000000,
    "interestIncome": 0,
    "interestExpense": 89000000,
    "depreciationAndAmortization": 207000000,
    "ebitda": 1169000000,
    "ebitdaratio": 0.1151497242,
    "operatingIncome": 962000000,
    "operatingIncomeRatio": 0.0947596533,
    "totalOtherIncomeExpensesNet": -76000000,
    "incomeBeforeTax": 886000000,
    "incomeBeforeTaxRatio": 0.0872734437,
    "incomeTaxExpense": 142000000,
    "netIncome": 744000000,
    "netIncomeRatio": 0.073286052,
    "eps": 2.72,
    "epsdiluted": 2.7,
    "weightedAverageShsOut": 273137000,
    "weightedAverageShsOutDil": 275087000,
    "link": "https://www.sec.gov/Archives/edgar/data/40533/000004053323000060/0000040533-23-000060-index.htm",
    "finalLink": "https://www.sec.gov/Archives/edgar/data/40533/000004053323000060/gd-20230702.htm"
  },
  {
    "date": "2023-04-02",
    "symbol": "GD",
    "reportedCurrency": "USD",
    "cik": "0000040533",
    "fillingDate": "2023-04-26",
    "acceptedDate": "2023-04-26 10:49:49",
    "calendarYear": "2023",
    "period": "Q1",
    "revenue": 9881000000,
    "costOfRevenue": 8357000000,
    "grossProfit": 1524000000,
    "grossProfitRatio": 0.1542354013,
    "researchAndDevelopmentExpenses": 0,
    "generalAndAdministrativeExpenses": 586000000,
    "sellingAndMarketingExpenses": 0,
    "sellingGeneralAndAdministrativeExpenses": 586000000,
    "otherExpenses": 0,
    "operatingExpenses": 586000000,
    "costAndExpenses": 8943000000,
    "interestIncome": 0,
    "interestExpense": 0,
    "depreciationAndAmortization": 226000000,
    "ebitda": 1164000000,
    "ebitdaratio": 0.1178018419,
    "operatingIncome": 938000000,
    "operatingIncomeRatio": 0.094929663,
    "totalOtherIncomeExpensesNet": -58000000,
    "incomeBeforeTax": 880000000,
    "incomeBeforeTaxRatio": 0.0890598118,
    "incomeTaxExpense": 150000000,
    "netIncome": 730000000,
    "netIncomeRatio": 0.073879162,
    "eps": 2.66,
    "epsdiluted": 2.64,
    "weightedAverageShsOut": 274004000,
    "weightedAverageShsOutDil": 276646000,
    "link": "https://www.sec.gov/Archives/edgar/data/40533/000004053323000027/0000040533-23-000027-index.htm",
    "finalLink": "https://www.sec.gov/Archives/edgar/data/40533/000004053323000027/gd-20230402.htm"
  },
  {
    "date": "2022-12-31",
    "symbol": "GD",
    "reportedCurrency": "USD",
    "cik": "0000040533",
    "fillingDate": "2023-02-07",
    "acceptedDate": "2023-02-07 09:28:44",
    "calendarYear": "2022",
    "period": "Q4",
    "revenue": 10851000000,
    "costOfRevenue": 9020000000,
    "grossProfit": 1831000000,
    "grossProfitRatio": 0.1687402083,
    "researchAndDevelopmentExpenses": 0,
    "generalAndAdministrativeExpenses": 604000000,
    "sellingAndMarketingExpenses": 0,
    "sellingGeneralAndAdministrativeExpenses": 604000000,
    "otherExpenses": 0,
    "operatingExpenses": 604000000,
    "costAndExpenses": 9624000000,
    "interestIncome": 0,
    "interestExpense": 0,
    "depreciationAndAmortization": 240000000,
    "ebitda": 1683000000,
    "ebitdaratio": 0.1551009124,
    "operatingIncome": 1227000000,
    "operatingIncomeRatio": 0.1130771357,
    "totalOtherIncomeExpensesNet": -16000000,
    "incomeBeforeTax": 1211000000,
    "incomeBeforeTaxRatio": 0.1116026173,
    "incomeTaxExpense": 219000000,
    "netIncome": 992000000,
    "netIncomeRatio": 0.0914201456,
    "eps": 3.62,
    "epsdiluted": 3.58,
    "weightedAverageShsOut": 274000000,
    "weightedAverageShsOutDil": 277200000,
    "link": "https://www.sec.gov/Archives/edgar/data/40533/000004053323000014/0000040533-23-000014-index.htm",
    "finalLink": "https://www.sec.gov/Archives/edgar/data/40533/000004053323000014/gd-20221231.htm"
  },
  {
    "date": "2022-10-02",
    "symbol": "GD",
    "reportedCurrency": "USD",
    "cik": "0000040533",
    "fillingDate": "2022-10-26",
    "acceptedDate": "2022-10-26 10:56:18",
    "calendarYear": "2022",
    "period": "Q3",
    "revenue": 9975000000,
    "costOfRevenue": 8310000000,
    "grossProfit": 1665000000,
    "grossProfitRatio": 0.1669172932,
    "researchAndDevelopmentExpenses": 0,
    "generalAndAdministrativeExpenses": 567000000,
    "sellingAndMarketingExpenses": 0,
    "sellingGeneralAndAdministrativeExpenses": 567000000,
    "otherExpenses": 0,
    "operatingExpenses": 567000000,
    "costAndExpenses": 8877000000,
    "interestIncome": 0,
    "interestExpense": 0,
    "depreciationAndAmortization": 219000000,
    "ebitda": 1317000000,
    "ebitdaratio": 0.1320300752,
    "operatingIncome": 1098000000,
    "operatingIncomeRatio": 0.110075188,
    "totalOtherIncomeExpensesNet": -45000000,
    "incomeBeforeTax": 1053000000,
    "incomeBeforeTaxRatio": 0.1055639098,
    "incomeTaxExpense": 151000000,
    "netIncome": 902000000,
    "netIncomeRatio": 0.0904260652,
    "eps": 3.29,
    "epsdiluted": 3.26,
    "weightedAverageShsOut": 273916000,
    "weightedAverageShsOutDil": 276382000,
    "link": "https://www.sec.gov/Archives/edgar/data/40533/000004053322000048/0000040533-22-000048-index.htm",
    "finalLink": "https://www.sec.gov/Archives/edgar/data/40533/000004053322000048/gd-20221002.htm"
  },
  {
    "date": "2022-07-03",
    "symbol": "GD",
    "reportedCurrency": "USD",
    "cik": "0000040533",
    "fillingDate": "2022-07-27",
    "acceptedDate": "2022-07-27 11:17:15",
    "calendarYear": "2022",
    "period": "Q2",
    "revenue": 9189000000,
    "costOfRevenue": 7597000000,
    "grossProfit": 1592000000,
    "grossProfitRatio": 0.1732506257,
    "researchAndDevelopmentExpenses": 0,
    "generalAndAdministrativeExpenses": 614000000,
    "sellingAndMarketingExpenses": 0,
    "sellingGeneralAndAdministrativeExpenses": 614000000,
    "otherExpenses": 0,
    "operatingExpenses": 614000000,
    "costAndExpenses": 8211000000,
    "interestIncome": 0,
    "interestExpense": 0,
    "depreciationAndAmortization": 212000000,
    "ebitda": 1190000000,
    "ebitdaratio": 0.1295026662,
    "operatingIncome": 978000000,
    "operatingIncomeRatio": 0.106431603,
    "totalOtherIncomeExpensesNet": -55000000,
    "incomeBeforeTax": 923000000,
    "incomeBeforeTaxRatio": 0.1004461857,
    "incomeTaxExpense": 157000000,
    "netIncome": 766000000,
    "netIncomeRatio": 0.0833605398,
    "eps": 2.77,
    "epsdiluted": 2.75,
    "weightedAverageShsOut": 276267000,
    "weightedAverageShsOutDil": 278943000,
    "link": "https://www.sec.gov/Archives/edgar/data/40533/000004053322000039/0000040533-22-000039-index.htm",
    "finalLink": "https://www.sec.gov/Archives/edgar/data/40533/000004053322000039/gd-20220703.htm"
  },
  {
    "date": "2022-04-03",
    "symbol": "GD",
    "reportedCurrency": "USD",
    "cik": "0000040533",
    "fillingDate": "2022-04-27",
    "acceptedDate": "2022-04-27 10:33:36",
    "calendarYear": "2022",
    "period": "Q1",
    "revenue": 9392000000,
    "costOfRevenue": 7858000000,
    "grossProfit": 1534000000,
    "grossProfitRatio": 0.163330494,
    "researchAndDevelopmentExpenses": 0,
    "generalAndAdministrativeExpenses": 626000000,
    "sellingAndMarketingExpenses": 0,
    "sellingGeneralAndAdministrativeExpenses": 626000000,
    "otherExpenses": 0,
    "operatingExpenses": 626000000,
    "costAndExpenses": 8484000000,
    "interestIncome": 0,
    "interestExpense": 98000000,
    "depreciationAndAmortization": 213000000,
    "ebitda": 1121000000,
    "ebitdaratio": 0.1193568995,
    "operatingIncome": 908000000,
    "operatingIncomeRatio": 0.0966780239,
    "totalOtherIncomeExpensesNet": -59000000,
    "incomeBeforeTax": 849000000,
    "incomeBeforeTaxRatio": 0.0903960818,
    "incomeTaxExpense": 119000000,
    "netIncome": 730000000,
    "netIncomeRatio": 0.077725724,
    "eps": 2.63,
    "epsdiluted": 2.61,
    "weightedAverageShsOut": 277074000,
    "weightedAverageShsOutDil": 279937000,
    "link": "https://www.sec.gov/Archives/edgar/data/40533/000004053322000013/0000040533-22-000013-index.htm",
    "finalLink": "https://www.sec.gov/Archives/edgar/data/40533/000004053322000013/gd-20220403.htm"
  },
  {
    "date": "2021-12-31",
    "symbol": "GD",
    "reportedCurrency": "USD",
    "cik": "0000040533",
    "fillingDate": "2022-02-09",
    "acceptedDate": "2022-02-09 09:55:44",
    "calendarYear": "2021",
    "period": "Q4",
    "revenue": 10292000000,
    "costOfRevenue": 8526000000,
    "grossProfit": 1766000000,
    "grossProfitRatio": 0.1715895841,
    "researchAndDevelopmentExpenses": 0,
    "generalAndAdministrativeExpenses": 580000000,
    "sellingAndMarketingExpenses": 0,
    "sellingGeneralAndAdministrativeExpenses": 580000000,
    "otherExpenses": 0,
    "operatingExpenses": 580000000,
    "costAndExpenses": 9106000000,
    "interestIncome": 0,
    "interestExpense": 0,
    "depreciationAndAmortization": 240000000,
    "ebitda": 1567000000,
    "ebitdaratio": 0.152254178,
    "operatingIncome": 1186000000,
    "operatingIncomeRatio": 0.1152351341,
    "totalOtherIncomeExpensesNet": -54000000,
    "incomeBeforeTax": 1132000000,
    "incomeBeforeTaxRatio": 0.1099883405,
    "incomeTaxExpense": 180000000,
    "netIncome": 952000000,
    "netIncomeRatio": 0.0924990284,
    "eps": 3.42,
    "epsdiluted": 3.39,
    "weightedAverageShsOut": 278300000,
    "weightedAverageShsOutDil": 280600000,
    "link": "https://www.sec.gov/Archives/edgar/data/40533/000004053322000007/0000040533-22-000007-index.htm",
    "finalLink": "https://www.sec.gov/Archives/edgar/data/40533/000004053322000007/gd-20211231.htm"
  },
  {
    "date": "2021-10-03",
    "symbol": "GD",
    "reportedCurrency": "USD",
    "cik": "0000040533",
    "fillingDate": "2021-10-27",
    "acceptedDate": "2021-10-27 11:03:54",
    "calendarYear": "2021",
    "period": "Q3",
    "revenue": 9568000000,
    "costOfRevenue": 7938000000,
    "grossProfit": 1630000000,
    "grossProfitRatio": 0.1703595318,
    "researchAndDevelopmentExpenses": 0,
    "generalAndAdministrativeExpenses": 550000000,
    "sellingAndMarketingExpenses": 0,
    "sellingGeneralAndAdministrativeExpenses": 550000000,
    "otherExpenses": 0,
    "operatingExpenses": 550000000,
    "costAndExpenses": 8488000000,
    "interestIncome": 0,
    "interestExpense": 0,
    "depreciationAndAmortization": 211000000,
    "ebitda": 1291000000,
    "ebitdaratio": 0.1349289298,
    "operatingIncome": 1080000000,
    "operatingIncomeRatio": 0.1128762542,
    "totalOtherIncomeExpensesNet": -65000000,
    "incomeBeforeTax": 1015000000,
    "incomeBeforeTaxRatio": 0.1060827759,
    "incomeTaxExpense": 155000000,
    "netIncome": 860000000,
    "netIncomeRatio": 0.0898829431,
    "eps": 3.09,
    "epsdiluted": 3.07,
    "weightedAverageShsOut": 278596000,
    "weightedAverageShsOutDil": 280405000,
    "link": "https://www.sec.gov/Archives/edgar/data/40533/000004053321000050/0000040533-21-000050-index.htm",
    "finalLink": "https://www.sec.gov/Archives/edgar/data/40533/000004053321000050/gd-20211003.htm"
  },
  {
    "date": "2021-07-04",
    "symbol": "GD",
    "reportedCurrency": "USD",
    "cik": "0000040533",
    "fillingDate": "2021-07-28",
    "acceptedDate": "2021-07-28 11:30:51",
    "calendarYear": "2021",
    "period": "Q2",
    "revenue": 9220000000,
    "costOfRevenue": 7705000000,
    "grossProfit": 1515000000,
    "grossProfitRatio": 0.1643167028,
    "researchAndDevelopmentExpenses": 0,
    "generalAndAdministrativeExpenses": 556000000,
    "sellingAndMarketingExpenses": 0,
    "sellingGeneralAndAdministrativeExpenses": 556000000,
    "otherExpenses": 0,
    "operatingExpenses": 556000000,
    "costAndExpenses": 8261000000,
    "interestIncome": 0,
    "interestExpense": 109000000,
    "depreciationAndAmortization": 224000000,
    "ebitda": 1183000000,
    "ebitdaratio": 0.128308026,
    "operatingIncome": 959000000,
    "operatingIncomeRatio": 0.1040130152,
    "totalOtherIncomeExpensesNet": -78000000,
    "incomeBeforeTax": 881000000,
    "incomeBeforeTaxRatio": 0.0955531453,
    "incomeTaxExpense": 144000000,
    "netIncome": 737000000,
    "netIncomeRatio": 0.0799349241,
    "eps": 2.63,
    "epsdiluted": 2.61,
    "weightedAverageShsOut": 280742000,
    "weightedAverageShsOutDil": 282213000,
    "link": "https://www.sec.gov/Archives/edgar/data/40533/000004053321000043/0000040533-21-000043-index.htm",
    "finalLink": "https://www.sec.gov/Archives/edgar/data/40533/000004053321000043/gd-20210704.htm"
  },
  {
    "date": "2021-04-04",
    "symbol": "GD",
    "reportedCurrency": "USD",
    "cik": "0000040533",
    "fillingDate": "2021-04-28",
    "acceptedDate": "2021-04-28 10:55:02",
    "calendarYear": "2021",
    "period": "Q1",
    "revenue": 9389000000,
    "costOfRevenue": 7892000000,
    "grossProfit": 1497000000,
    "grossProfitRatio": 0.1594419001,
    "researchAndDevelopmentExpenses": 0,
    "generalAndAdministrativeExpenses": 559000000,
    "sellingAndMarketingExpenses": 0,
    "sellingGeneralAndAdministrativeExpenses": 559000000,
    "otherExpenses": 0,
    "operatingExpenses": 559000000,
    "costAndExpenses": 8451000000,
    "interestIncome": 0,
    "interestExpense": 123000000,
    "depreciationAndAmortization": 215000000,
    "ebitda": 1183000000,
    "ebitdaratio": 0.1259985089,
    "operatingIncome": 938000000,
    "operatingIncomeRatio": 0.0999041431,
    "totalOtherIncomeExpensesNet": -93000000,
    "incomeBeforeTax": 845000000,
    "incomeBeforeTaxRatio": 0.0899989349,
    "incomeTaxExpense": 137000000,
    "netIncome": 708000000,
    "netIncomeRatio": 0.0754073916,
    "eps": 2.49,
    "epsdiluted": 2.48,
    "weightedAverageShsOut": 284102000,
    "weightedAverageShsOutDil": 285198000,
    "link": "https://www.sec.gov/Archives/edgar/data/40533/000004053321000016/0000040533-21-000016-index.htm",
    "finalLink": "https://www.sec.gov/Archives/edgar/data/40533/000004053321000016/gd-20210404.htm"
  },
  {
    "date": "2020-12-31",
    "symbol": "GD",
    "reportedCurrency": "USD",
    "cik": "0000040533",
    "fillingDate": "2021-02-09",
    "acceptedDate": "2021-02-09 11:51:35",
    "calendarYear": "2020",
    "period": "Q4",
    "revenue": 10481000000,
    "costOfRevenue": 8631000000,
    "grossProfit": 1850000000,
    "grossProfitRatio": 0.176509875,
    "researchAndDevelopmentExpenses": 0,
    "generalAndAdministrativeExpenses": 583000000,
    "sellingAndMarketingExpenses": 0,
    "sellingGeneralAndAdministrativeExpenses": 583000000,
    "otherExpenses": 0,
    "operatingExpenses": 583000000,
    "costAndExpenses": 9214000000,
    "interestIncome": 0,
    "interestExpense": 120000000,
    "depreciationAndAmortization": 235000000,
    "ebitda": 1596000000,
    "ebitdaratio": 0.1522755462,
    "operatingIncome": 1267000000,
    "operatingIncomeRatio": 0.1208854117,
    "totalOtherIncomeExpensesNet": -82000000,
    "incomeBeforeTax": 1185000000,
    "incomeBeforeTaxRatio": 0.1130617308,
    "incomeTaxExpense": 183000000,
    "netIncome": 1002000000,
    "netIncomeRatio": 0.0956015647,
    "eps": 3.5,
    "epsdiluted": 3.49,
    "weightedAverageShsOut": 286300000,
    "weightedAverageShsOutDil": 287100000,
    "link": "https://www.sec.gov/Archives/edgar/data/40533/000004053321000010/0000040533-21-000010-index.htm",
    "finalLink": "https://www.sec.gov/Archives/edgar/data/40533/000004053321000010/gd-20201231.htm"
  },
  {
    "date": "2020-09-27",
    "symbol": "GD",
    "reportedCurrency": "USD",
    "cik": "0000040533",
    "fillingDate": "2020-10-28",
    "acceptedDate": "2020-10-28 11:39:34",
    "calendarYear": "2020",
    "period": "Q3",
    "revenue": 9431000000,
    "costOfRevenue": 7847000000,
    "grossProfit": 1584000000,
    "grossProfitRatio": 0.1679567384,
    "researchAndDevelopmentExpenses": 0,
    "generalAndAdministrativeExpenses": 512000000,
    "sellingAndMarketingExpenses": 0,
    "sellingGeneralAndAdministrativeExpenses": 512000000,
    "otherExpenses": 0,
    "operatingExpenses": 512000000,
    "costAndExpenses": 8359000000,
    "interestIncome": 0,
    "interestExpense": 118000000,
    "depreciationAndAmortization": 212000000,
    "ebitda": 1284000000,
    "ebitdaratio": 0.1361467501,
    "operatingIncome": 1072000000,
    "operatingIncomeRatio": 0.1136676917,
    "totalOtherIncomeExpensesNet": -94000000,
    "incomeBeforeTax": 978000000,
    "incomeBeforeTaxRatio": 0.103700562,
    "incomeTaxExpense": 144000000,
    "netIncome": 834000000,
    "netIncomeRatio": 0.0884317676,
    "eps": 2.91,
    "epsdiluted": 2.9,
    "weightedAverageShsOut": 286452000,
    "weightedAverageShsOutDil": 287227000,
    "link": "https://www.sec.gov/Archives/edgar/data/40533/000004053320000063/0000040533-20-000063-index.htm",
    "finalLink": "https://www.sec.gov/Archives/edgar/data/40533/000004053320000063/gd-2020092710q.htm"
  },
  {
    "date": "2020-06-28",
    "symbol": "GD",
    "reportedCurrency": "USD",
    "cik": "0000040533",
    "fillingDate": "2020-07-29",
    "acceptedDate": "2020-07-29 11:36:45",
    "calendarYear": "2020",
    "period": "Q2",
    "revenue": 9264000000,
    "costOfRevenue": 7856000000,
    "grossProfit": 1408000000,
    "grossProfitRatio": 0.1519861831,
    "researchAndDevelopmentExpenses": 0,
    "generalAndAdministrativeExpenses": 574000000,
    "sellingAndMarketingExpenses": 0,
    "sellingGeneralAndAdministrativeExpenses": 574000000,
    "otherExpenses": 0,
    "operatingExpenses": 574000000,
    "costAndExpenses": 8430000000,
    "interestIncome": 0,
    "interestExpense": 132000000,
    "depreciationAndAmortization": 219000000,
    "ebitda": 1053000000,
    "ebitdaratio": 0.1136658031,
    "operatingIncome": 834000000,
    "operatingIncomeRatio": 0.0900259067,
    "totalOtherIncomeExpensesNet": -107000000,
    "incomeBeforeTax": 727000000,
    "incomeBeforeTaxRatio": 0.0784758204,
    "incomeTaxExpense": 102000000,
    "netIncome": 625000000,
    "netIncomeRatio": 0.0674654577,
    "eps": 2.18,
    "epsdiluted": 2.18,
    "weightedAverageShsOut": 286388000,
    "weightedAverageShsOutDil": 286933000,
    "link": "https://www.sec.gov/Archives/edgar/data/40533/000004053320000057/0000040533-20-000057-index.htm",
    "finalLink": "https://www.sec.gov/Archives/edgar/data/40533/000004053320000057/gd-2020062810q.htm"
  },
  {
    "date": "2020-03-29",
    "symbol": "GD",
    "reportedCurrency": "USD",
    "cik": "0000040533",
    "fillingDate": "2020-04-29",
    "acceptedDate": "2020-04-29 11:51:18",
    "calendarYear": "2020",
    "period": "Q1",
    "revenue": 8749000000,
    "costOfRevenue": 7290000000,
    "grossProfit": 1459000000,
    "grossProfitRatio": 0.1667619156,
    "researchAndDevelopmentExpenses": 0,
    "generalAndAdministrativeExpenses": 525000000,
    "sellingAndMarketingExpenses": 0,
    "sellingGeneralAndAdministrativeExpenses": 525000000,
    "otherExpenses": 0,
    "operatingExpenses": 525000000,
    "costAndExpenses": 7815000000,
    "interestIncome": 0,
    "interestExpense": 107000000,
    "depreciationAndAmortization": 212000000,
    "ebitda": 1167000000,
    "ebitdaratio": 0.1333866728,
    "operatingIncome": 934000000,
    "operatingIncomeRatio": 0.1067550577,
    "totalOtherIncomeExpensesNet": -86000000,
    "incomeBeforeTax": 848000000,
    "incomeBeforeTaxRatio": 0.0969253629,
    "incomeTaxExpense": 142000000,
    "netIncome": 706000000,
    "netIncomeRatio": 0.0806949366,
    "eps": 2.45,
    "epsdiluted": 2.43,
    "weightedAverageShsOut": 288569000,
    "weightedAverageShsOutDil": 289943000,
    "link": "https://www.sec.gov/Archives/edgar/data/40533/000004053320000029/0000040533-20-000029-index.htm",
    "finalLink": "https://www.sec.gov/Archives/edgar/data/40533/000004053320000029/gd-2020032910q.htm"
  },
  {
    "date": "2019-12-31",
    "symbol": "GD",
    "reportedCurrency": "USD",
    "cik": "0000040533",
    "fillingDate": "2020-02-10",
    "acceptedDate": "2020-02-10 16:10:04",
    "calendarYear": "2019",
    "period": "Q4",
    "revenue": 10773000000,
    "costOfRevenue": 8816000000,
    "grossProfit": 1957000000,
    "grossProfitRatio": 0.1816578483,
    "researchAndDevelopmentExpenses": 0,
    "generalAndAdministrativeExpenses": 629000000,
    "sellingAndMarketingExpenses": 0,
    "sellingGeneralAndAdministrativeExpenses": 629000000,
    "otherExpenses": 0,
    "operatingExpenses": 629000000,
    "costAndExpenses": 9445000000,
    "interestIncome": 0,
    "interestExpense": 110000000,
    "depreciationAndAmortization": 204000000,
    "ebitda": 1558000000,
    "ebitdaratio": 0.1446208113,
    "operatingIncome": 1328000000,
    "operatingIncomeRatio": 0.1232711408,
    "totalOtherIncomeExpensesNet": -114000000,
    "incomeBeforeTax": 1214000000,
    "incomeBeforeTaxRatio": 0.1126891302,
    "incomeTaxExpense": 194000000,
    "netIncome": 1020000000,
    "netIncomeRatio": 0.0946811473,
    "eps": 3.53,
    "epsdiluted": 3.51,
    "weightedAverageShsOut": 288800000,
    "weightedAverageShsOutDil": 290900000,
    "link": "https://www.sec.gov/Archives/edgar/data/40533/000004053320000015/0000040533-20-000015-index.htm",
    "finalLink": "https://www.sec.gov/Archives/edgar/data/40533/000004053320000015/gd-2019123110k.htm"
  },
  {
    "date": "2019-09-29",
    "symbol": "GD",
    "reportedCurrency": "USD",
    "cik": "0000040533",
    "fillingDate": "2019-10-23",
    "acceptedDate": "2019-10-23 11:21:41",
    "calendarYear": "2019",
    "period": "Q3",
    "revenue": 9761000000,
    "costOfRevenue": 7973000000,
    "grossProfit": 1788000000,
    "grossProfitRatio": 0.1831779531,
    "researchAndDevelopmentExpenses": 0,
    "generalAndAdministrativeExpenses": 572000000,
    "sellingAndMarketingExpenses": 0,
    "sellingGeneralAndAdministrativeExpenses": 572000000,
    "otherExpenses": 0,
    "operatingExpenses": 572000000,
    "costAndExpenses": 8545000000,
    "interestIncome": 0,
    "interestExpense": 114000000,
    "depreciationAndAmortization": 210000000,
    "ebitda": 1426000000,
    "ebitdaratio": 0.146091589,
    "operatingIncome": 1216000000,
    "operatingIncomeRatio": 0.1245773999,
    "totalOtherIncomeExpensesNet": -126000000,
    "incomeBeforeTax": 1090000000,
    "incomeBeforeTaxRatio": 0.1116688864,
    "incomeTaxExpense": 177000000,
    "netIncome": 913000000,
    "netIncomeRatio": 0.0935354984,
    "eps": 3.17,
    "epsdiluted": 3.14,
    "weightedAverageShsOut": 288374000,
    "weightedAverageShsOutDil": 290892000,
    "link": "https://www.sec.gov/Archives/edgar/data/40533/000004053319000056/0000040533-19-000056-index.htm",
    "finalLink": "https://www.sec.gov/Archives/edgar/data/40533/000004053319000056/gd-2019092910q.htm"
  },
  {
    "date": "2019-06-30",
    "symbol": "GD",
    "reportedCurrency": "USD",
    "cik": "0000040533",
    "fillingDate": "2019-07-24",
    "acceptedDate": "2019-07-24 11:07:09",
    "calendarYear": "2019",
    "period": "Q2",
    "revenue": 9555000000,
    "costOfRevenue": 7869000000,
    "grossProfit": 1686000000,
    "grossProfitRatio": 0.1764521193,
    "researchAndDevelopmentExpenses": 0,
    "generalAndAdministrativeExpenses": 596000000,
    "sellingAndMarketingExpenses": 0,
    "sellingGeneralAndAdministrativeExpenses": 596000000,
    "otherExpenses": 0,
    "operatingExpenses": 596000000,
    "costAndExpenses": 8465000000,
    "interestIncome": 0,
    "interestExpense": 119000000,
    "depreciationAndAmortization": 210000000,
    "ebitda": 1300000000,
    "ebitdaratio": 0.1360544218,
    "operatingIncome": 1090000000,
    "operatingIncomeRatio": 0.1140763998,
    "totalOtherIncomeExpensesNet": -107000000,
    "incomeBeforeTax": 983000000,
    "incomeBeforeTaxRatio": 0.1028780743,
    "incomeTaxExpense": 177000000,
    "netIncome": 806000000,
    "netIncomeRatio": 0.0843537415,
    "eps": 2.8,
    "epsdiluted": 2.77,
    "weightedAverageShsOut": 288100000,
    "weightedAverageShsOutDil": 290800000,
    "link": "https://www.sec.gov/Archives/edgar/data/40533/000004053319000048/0000040533-19-000048-index.htm",
    "finalLink": "https://www.sec.gov/Archives/edgar/data/40533/000004053319000048/gd-2019063010q.htm"
  },
  {
    "date": "2019-03-31",
    "symbol": "GD",
    "reportedCurrency": "USD",
    "cik": "0000040533",
    "fillingDate": "2019-04-24",
    "acceptedDate": "2019-04-24 15:15:08",
    "calendarYear": "2019",
    "period": "Q1",
    "revenue": 9261000000,
    "costOfRevenue": 7633000000,
    "grossProfit": 1628000000,
    "grossProfitRatio": 0.1757909513,
    "researchAndDevelopmentExpenses": 0,
    "generalAndAdministrativeExpenses": 614000000,
    "sellingAndMarketingExpenses": 0,
    "sellingGeneralAndAdministrativeExpenses": 614000000,
    "otherExpenses": 0,
    "operatingExpenses": 614000000,
    "costAndExpenses": 8247000000,
    "interestIncome": 0,
    "interestExpense": 117000000,
    "depreciationAndAmortization": 205000000,
    "ebitda": 1237000000,
    "ebitdaratio": 0.1335708887,
    "operatingIncome": 1014000000,
    "operatingIncomeRatio": 0.1094914156,
    "totalOtherIncomeExpensesNet": -99000000,
    "incomeBeforeTax": 915000000,
    "incomeBeforeTaxRatio": 0.0988014253,
    "incomeTaxExpense": 170000000,
    "netIncome": 745000000,
    "netIncomeRatio": 0.0804448764,
    "eps": 2.59,
    "epsdiluted": 2.56,
    "weightedAverageShsOut": 287900000,
    "weightedAverageShsOutDil": 290900000,
    "link": "https://www.sec.gov/Archives/edgar/data/40533/000004053319000021/0000040533-19-000021-index.htm",
    "finalLink": "https://www.sec.gov/Archives/edgar/data/40533/000004053319000021/gd-2019033110q.htm"
  },
  {
    "date": "2018-12-31",
    "symbol": "GD",
    "reportedCurrency": "USD",
    "cik": "0000040533",
    "fillingDate": "2019-02-13",
    "acceptedDate": "2019-02-13 11:25:10",
    "calendarYear": "2018",
    "period": "Q4",
    "revenue": 10378000000,
    "costOfRevenue": 8595000000,
    "grossProfit": 1783000000,
    "grossProfitRatio": 0.1718057429,
    "researchAndDevelopmentExpenses": 0,
    "generalAndAdministrativeExpenses": 557000000,
    "sellingAndMarketingExpenses": 0,
    "sellingGeneralAndAdministrativeExpenses": 557000000,
    "otherExpenses": 0,
    "operatingExpenses": 557000000,
    "costAndExpenses": 9152000000,
    "interestIncome": 0,
    "interestExpense": 112000000,
    "depreciationAndAmortization": 221000000,
    "ebitda": 1449000000,
    "ebitdaratio": 0.1396222779,
    "operatingIncome": 1226000000,
    "operatingIncomeRatio": 0.1181345153,
    "totalOtherIncomeExpensesNet": -94000000,
    "incomeBeforeTax": 1132000000,
    "incomeBeforeTaxRatio": 0.1090768934,
    "incomeTaxExpense": 223000000,
    "netIncome": 909000000,
    "netIncomeRatio": 0.0875891309,
    "eps": 3.1,
    "epsdiluted": 3.07,
    "weightedAverageShsOut": 293200000,
    "weightedAverageShsOutDil": 296400000,
    "link": "https://www.sec.gov/Archives/edgar/data/40533/000004053319000010/0000040533-19-000010-index.htm",
    "finalLink": "https://www.sec.gov/Archives/edgar/data/40533/000004053319000010/gd-2018123110k.htm"
  },
  {
    "date": "2018-09-30",
    "symbol": "GD",
    "reportedCurrency": "USD",
    "cik": "0000040533",
    "fillingDate": "2018-10-24",
    "acceptedDate": "2018-10-24 11:39:05",
    "calendarYear": "2018",
    "period": "Q3",
    "revenue": 9094000000,
    "costOfRevenue": 7407000000,
    "grossProfit": 1687000000,
    "grossProfitRatio": 0.1855069276,
    "researchAndDevelopmentExpenses": 0,
    "generalAndAdministrativeExpenses": 552000000,
    "sellingAndMarketingExpenses": 0,
    "sellingGeneralAndAdministrativeExpenses": 552000000,
    "otherExpenses": 0,
    "operatingExpenses": 552000000,
    "costAndExpenses": 7959000000,
    "interestIncome": 0,
    "interestExpense": 114000000,
    "depreciationAndAmortization": 215000000,
    "ebitda": 1350000000,
    "ebitdaratio": 0.1484495272,
    "operatingIncome": 1135000000,
    "operatingIncomeRatio": 0.1248075654,
    "totalOtherIncomeExpensesNet": -112000000,
    "incomeBeforeTax": 1023000000,
    "incomeBeforeTaxRatio": 0.1124917528,
    "incomeTaxExpense": 159000000,
    "netIncome": 851000000,
    "netIncomeRatio": 0.0935781834,
    "eps": 2.88,
    "epsdiluted": 2.85,
    "weightedAverageShsOut": 295339000,
    "weightedAverageShsOutDil": 299087000,
    "link": "https://www.sec.gov/Archives/edgar/data/40533/000004053318000060/0000040533-18-000060-index.htm",
    "finalLink": "https://www.sec.gov/Archives/edgar/data/40533/000004053318000060/gd-2018093010q.htm"
  },
  {
    "date": "2018-07-01",
    "symbol": "GD",
    "reportedCurrency": "USD",
    "cik": "0000040533",
    "fillingDate": "2018-07-25",
    "acceptedDate": "2018-07-25 10:53:42",
    "calendarYear": "2018",
    "period": "Q2",
    "revenue": 9186000000,
    "costOfRevenue": 7486000000,
    "grossProfit": 1700000000,
    "grossProfitRatio": 0.1850642282,
    "researchAndDevelopmentExpenses": 0,
    "generalAndAdministrativeExpenses": 612000000,
    "sellingAndMarketingExpenses": 0,
    "sellingGeneralAndAdministrativeExpenses": 612000000,
    "otherExpenses": 0,
    "operatingExpenses": 612000000,
    "costAndExpenses": 8098000000,
    "interestIncome": 0,
    "interestExpense": 103000000,
    "depreciationAndAmortization": 218000000,
    "ebitda": 1306000000,
    "ebitdaratio": 0.1421728718,
    "operatingIncome": 1088000000,
    "operatingIncomeRatio": 0.118441106,
    "totalOtherIncomeExpensesNet": -118000000,
    "incomeBeforeTax": 970000000,
    "incomeBeforeTaxRatio": 0.1055954714,
    "incomeTaxExpense": 184000000,
    "netIncome": 786000000,
    "netIncomeRatio": 0.0855649902,
    "eps": 2.65,
    "epsdiluted": 2.62,
    "weightedAverageShsOut": 296153000,
    "weightedAverageShsOutDil": 300139000,
    "link": "https://www.sec.gov/Archives/edgar/data/40533/000004053318000043/0000040533-18-000043-index.htm",
    "finalLink": "https://www.sec.gov/Archives/edgar/data/40533/000004053318000043/gd-2018070110q.htm"
  },
  {
    "date": "2018-04-01",
    "symbol": "GD",
    "reportedCurrency": "USD",
    "cik": "0000040533",
    "fillingDate": "2018-04-25",
    "acceptedDate": "2018-04-25 10:34:24",
    "calendarYear": "2018",
    "period": "Q1",
    "revenue": 7535000000,
    "costOfRevenue": 5990000000,
    "grossProfit": 1545000000,
    "grossProfitRatio": 0.2050431321,
    "researchAndDevelopmentExpenses": 0,
    "generalAndAdministrativeExpenses": 537000000,
    "sellingAndMarketingExpenses": 0,
    "sellingGeneralAndAdministrativeExpenses": 537000000,
    "otherExpenses": 0,
    "operatingExpenses": 537000000,
    "costAndExpenses": 6527000000,
    "interestIncome": 0,
    "interestExpense": 27000000,
    "depreciationAndAmortization": 109000000,
    "ebitda": 1117000000,
    "ebitdaratio": 0.1482415395,
    "operatingIncome": 1008000000,
    "operatingIncomeRatio": 0.1337757133,
    "totalOtherIncomeExpensesNet": -48000000,
    "incomeBeforeTax": 960000000,
    "incomeBeforeTaxRatio": 0.1274054413,
    "incomeTaxExpense": 161000000,
    "netIncome": 799000000,
    "netIncomeRatio": 0.1060384871,
    "eps": 2.7,
    "epsdiluted": 2.65,
    "weightedAverageShsOut": 296400000,
    "weightedAverageShsOutDil": 301100000,
    "link": "https://www.sec.gov/Archives/edgar/data/40533/000004053318000018/0000040533-18-000018-index.htm",
    "finalLink": "https://www.sec.gov/Archives/edgar/data/40533/000004053318000018/gd-2018040110q.htm"
  },
  {
    "date": "2017-12-31",
    "symbol": "GD",
    "reportedCurrency": "USD",
    "cik": "0000040533",
    "fillingDate": "2018-02-12",
    "acceptedDate": "2018-02-12 10:10:40",
    "calendarYear": "2017",
    "period": "Q4",
    "revenue": 8277000000,
    "costOfRevenue": 6729000000,
    "grossProfit": 1548000000,
    "grossProfitRatio": 0.1870242842,
    "researchAndDevelopmentExpenses": 0,
    "generalAndAdministrativeExpenses": 514000000,
    "sellingAndMarketingExpenses": 0,
    "sellingGeneralAndAdministrativeExpenses": 514000000,
    "otherExpenses": 0,
    "operatingExpenses": 514000000,
    "costAndExpenses": 7243000000,
    "interestIncome": 0,
    "interestExpense": 27000000,
    "depreciationAndAmortization": 115000000,
    "ebitda": 1166000000,
    "ebitdaratio": 0.1408722967,
    "operatingIncome": 1034000000,
    "operatingIncomeRatio": 0.1249244895,
    "totalOtherIncomeExpensesNet": -26000000,
    "incomeBeforeTax": 1008000000,
    "incomeBeforeTaxRatio": 0.1217832548,
    "incomeTaxExpense": 372000000,
    "netIncome": 636000000,
    "netIncomeRatio": 0.0768394346,
    "eps": 2.14,
    "epsdiluted": 2.1,
    "weightedAverageShsOut": 297000000,
    "weightedAverageShsOutDil": 302400000,
    "link": "https://www.sec.gov/Archives/edgar/data/40533/000004053318000008/0000040533-18-000008-index.htm",
    "finalLink": "https://www.sec.gov/Archives/edgar/data/40533/000004053318000008/gd-2017123110k.htm"
  },
  {
    "date": "2017-10-01",
    "symbol": "GD",
    "reportedCurrency": "USD",
    "cik": "0000040533",
    "fillingDate": "2017-10-25",
    "acceptedDate": "2017-10-25 10:38:45",
    "calendarYear": "2017",
    "period": "Q3",
    "revenue": 7580000000,
    "costOfRevenue": 6014000000,
    "grossProfit": 1566000000,
    "grossProfitRatio": 0.2065963061,
    "researchAndDevelopmentExpenses": 0,
    "generalAndAdministrativeExpenses": 503000000,
    "sellingAndMarketingExpenses": 0,
    "sellingGeneralAndAdministrativeExpenses": 503000000,
    "otherExpenses": 0,
    "operatingExpenses": 503000000,
    "costAndExpenses": 6517000000,
    "interestIncome": 0,
    "interestExpense": 27000000,
    "depreciationAndAmortization": 106000000,
    "ebitda": 1169000000,
    "ebitdaratio": 0.1542216359,
    "operatingIncome": 1063000000,
    "operatingIncomeRatio": 0.140237467,
    "totalOtherIncomeExpensesNet": -36000000,
    "incomeBeforeTax": 1027000000,
    "incomeBeforeTaxRatio": 0.1354881266,
    "incomeTaxExpense": 263000000,
    "netIncome": 764000000,
    "netIncomeRatio": 0.1007915567,
    "eps": 2.56,
    "epsdiluted": 2.52,
    "weightedAverageShsOut": 298145000,
    "weightedAverageShsOutDil": 303751000,
    "link": "https://www.sec.gov/Archives/edgar/data/40533/000004053317000043/0000040533-17-000043-index.htm",
    "finalLink": "https://www.sec.gov/Archives/edgar/data/40533/000004053317000043/gd-2017100110q.htm"
  },
  {
    "date": "2017-07-02",
    "symbol": "GD",
    "reportedCurrency": "USD",
    "cik": "0000040533",
    "fillingDate": "2017-07-26",
    "acceptedDate": "2017-07-26 10:10:32",
    "calendarYear": "2017",
    "period": "Q2",
    "revenue": 7675000000,
    "costOfRevenue": 6114000000,
    "grossProfit": 1561000000,
    "grossProfitRatio": 0.2033876221,
    "researchAndDevelopmentExpenses": 0,
    "generalAndAdministrativeExpenses": 494000000,
    "sellingAndMarketingExpenses": 0,
    "sellingGeneralAndAdministrativeExpenses": 494000000,
    "otherExpenses": 0,
    "operatingExpenses": 494000000,
    "costAndExpenses": 6608000000,
    "interestIncome": 0,
    "interestExpense": 24000000,
    "depreciationAndAmortization": 109000000,
    "ebitda": 1176000000,
    "ebitdaratio": 0.1532247557,
    "operatingIncome": 1067000000,
    "operatingIncomeRatio": 0.1390228013,
    "totalOtherIncomeExpensesNet": -35000000,
    "incomeBeforeTax": 1032000000,
    "incomeBeforeTaxRatio": 0.1344625407,
    "incomeTaxExpense": 283000000,
    "netIncome": 749000000,
    "netIncomeRatio": 0.0975895765,
    "eps": 2.5,
    "epsdiluted": 2.45,
    "weightedAverageShsOut": 299790000,
    "weightedAverageShsOutDil": 305350000,
    "link": "https://www.sec.gov/Archives/edgar/data/40533/000004053317000033/0000040533-17-000033-index.htm",
    "finalLink": "https://www.sec.gov/Archives/edgar/data/40533/000004053317000033/gd-2017070210q.htm"
  },
  {
    "date": "2017-04-02",
    "symbol": "GD",
    "reportedCurrency": "USD",
    "cik": "0000040533",
    "fillingDate": "2017-04-26",
    "acceptedDate": "2017-04-26 10:24:57",
    "calendarYear": "2017",
    "period": "Q1",
    "revenue": 7441000000,
    "costOfRevenue": 5923000000,
    "grossProfit": 1518000000,
    "grossProfitRatio": 0.2040048381,
    "researchAndDevelopmentExpenses": 0,
    "generalAndAdministrativeExpenses": 472000000,
    "sellingAndMarketingExpenses": 0,
    "sellingGeneralAndAdministrativeExpenses": 472000000,
    "otherExpenses": 0,
    "operatingExpenses": 472000000,
    "costAndExpenses": 6395000000,
    "interestIncome": 0,
    "interestExpense": 25000000,
    "depreciationAndAmortization": 111000000,
    "ebitda": 1157000000,
    "ebitdaratio": 0.1554898535,
    "operatingIncome": 1046000000,
    "operatingIncomeRatio": 0.1405725037,
    "totalOtherIncomeExpensesNet": -36000000,
    "incomeBeforeTax": 1010000000,
    "incomeBeforeTaxRatio": 0.1357344443,
    "incomeTaxExpense": 247000000,
    "netIncome": 763000000,
    "netIncomeRatio": 0.1025399812,
    "eps": 2.53,
    "epsdiluted": 2.48,
    "weightedAverageShsOut": 301771000,
    "weightedAverageShsOutDil": 307282000,
    "link": "https://www.sec.gov/Archives/edgar/data/40533/000004053317000014/0000040533-17-000014-index.htm",
    "finalLink": "https://www.sec.gov/Archives/edgar/data/40533/000004053317000014/gd-2017040210q.htm"
  },
  {
    "date": "2016-12-31",
    "symbol": "GD",
    "reportedCurrency": "USD",
    "cik": "0000040533",
    "fillingDate": "2017-02-06",
    "acceptedDate": "2017-02-06 09:42:26",
    "calendarYear": "2016",
    "period": "Q4",
    "revenue": 8233000000,
    "costOfRevenue": 6593000000,
    "grossProfit": 1640000000,
    "grossProfitRatio": 0.1991983481,
    "researchAndDevelopmentExpenses": 0,
    "generalAndAdministrativeExpenses": 523000000,
    "sellingAndMarketingExpenses": 0,
    "sellingGeneralAndAdministrativeExpenses": 523000000,
    "otherExpenses": 0,
    "operatingExpenses": 523000000,
    "costAndExpenses": 7116000000,
    "interestIncome": 0,
    "interestExpense": 23000000,
    "depreciationAndAmortization": 112000000,
    "ebitda": 1250000000,
    "ebitdaratio": 0.1518280092,
    "operatingIncome": 1117000000,
    "operatingIncomeRatio": 0.135673509,
    "totalOtherIncomeExpensesNet": -23000000,
    "incomeBeforeTax": 1094000000,
    "incomeBeforeTaxRatio": 0.1328798737,
    "incomeTaxExpense": 287000000,
    "netIncome": 797000000,
    "netIncomeRatio": 0.0968055387,
    "eps": 2.63,
    "epsdiluted": 2.58,
    "weightedAverageShsOut": 302500000,
    "weightedAverageShsOutDil": 308500000,
    "link": "https://www.sec.gov/Archives/edgar/data/40533/000004053317000006/0000040533-17-000006-index.htm",
    "finalLink": "https://www.sec.gov/Archives/edgar/data/40533/000004053317000006/gd-2016123110k.htm"
  },
  {
    "date": "2016-10-02",
    "symbol": "GD",
    "reportedCurrency": "USD",
    "cik": "0000040533",
    "fillingDate": "2016-10-26",
    "acceptedDate": "2016-10-26 10:41:02",
    "calendarYear": "2016",
    "period": "Q3",
    "revenue": 7657000000,
    "costOfRevenue": 6171000000,
    "grossProfit": 1486000000,
    "grossProfitRatio": 0.1940707849,
    "researchAndDevelopmentExpenses": 0,
    "generalAndAdministrativeExpenses": 471000000,
    "sellingAndMarketingExpenses": 0,
    "sellingGeneralAndAdministrativeExpenses": 471000000,
    "otherExpenses": 0,
    "operatingExpenses": 471000000,
    "costAndExpenses": 6642000000,
    "interestIncome": 0,
    "interestExpense": 23000000,
    "depreciationAndAmortization": 110000000,
    "ebitda": 1124000000,
    "ebitdaratio": 0.1467937835,
    "operatingIncome": 1015000000,
    "operatingIncomeRatio": 0.1325584433,
    "totalOtherIncomeExpensesNet": -21000000,
    "incomeBeforeTax": 994000000,
    "incomeBeforeTaxRatio": 0.1298158548,
    "incomeTaxExpense": 263000000,
    "netIncome": 647000000,
    "netIncomeRatio": 0.0844978451,
    "eps": 2.13,
    "epsdiluted": 2.09,
    "weightedAverageShsOut": 303938000,
    "weightedAverageShsOutDil": 309728000,
    "link": "https://www.sec.gov/Archives/edgar/data/40533/000004053316000090/0000040533-16-000090-index.htm",
    "finalLink": "https://www.sec.gov/Archives/edgar/data/40533/000004053316000090/gd-2016100210q.htm"
  },
  {
    "date": "2016-07-03",
    "symbol": "GD",
    "reportedCurrency": "USD",
    "cik": "0000040533",
    "fillingDate": "2016-07-27",
    "acceptedDate": "2016-07-27 10:07:14",
    "calendarYear": "2016",
    "period": "Q2",
    "revenue": 7774000000,
    "costOfRevenue": 6262000000,
    "grossProfit": 1512000000,
    "grossProfitRatio": 0.1944944687,
    "researchAndDevelopmentExpenses": 0,
    "generalAndAdministrativeExpenses": 485000000,
    "sellingAndMarketingExpenses": 0,
    "sellingGeneralAndAdministrativeExpenses": 485000000,
    "otherExpenses": 0,
    "operatingExpenses": 485000000,
    "costAndExpenses": 6747000000,
    "interestIncome": 0,
    "interestExpense": 23000000,
    "depreciationAndAmortization": 115000000,
    "ebitda": 1142000000,
    "ebitdaratio": 0.1468999228,
    "operatingIncome": 1027000000,
    "operatingIncomeRatio": 0.1321070234,
    "totalOtherIncomeExpensesNet": -22000000,
    "incomeBeforeTax": 1005000000,
    "incomeBeforeTaxRatio": 0.1292770774,
    "incomeTaxExpense": 290000000,
    "netIncome": 714000000,
    "netIncomeRatio": 0.0918446102,
    "eps": 2.35,
    "epsdiluted": 2.3,
    "weightedAverageShsOut": 304470000,
    "weightedAverageShsOutDil": 310208000,
    "link": "https://www.sec.gov/Archives/edgar/data/40533/000004053316000081/0000040533-16-000081-index.htm",
    "finalLink": "https://www.sec.gov/Archives/edgar/data/40533/000004053316000081/gd-2016070310q.htm"
  },
  {
    "date": "2016-04-03",
    "symbol": "GD",
    "reportedCurrency": "USD",
    "cik": "0000040533",
    "fillingDate": "2016-04-27",
    "acceptedDate": "2016-04-27 10:09:09",
    "calendarYear": "2016",
    "period": "Q1",
    "revenue": 7476000000,
    "costOfRevenue": 6091000000,
    "grossProfit": 1385000000,
    "grossProfitRatio": 0.1852594971,
    "researchAndDevelopmentExpenses": 0,
    "generalAndAdministrativeExpenses": 461000000,
    "sellingAndMarketingExpenses": 0,
    "sellingGeneralAndAdministrativeExpenses": 461000000,
    "otherExpenses": 0,
    "operatingExpenses": 461000000,
    "costAndExpenses": 6552000000,
    "interestIncome": 0,
    "interestExpense": 22000000,
    "depreciationAndAmortization": 116000000,
    "ebitda": 1040000000,
    "ebitdaratio": 0.1391118245,
    "operatingIncome": 924000000,
    "operatingIncomeRatio": 0.1235955056,
    "totalOtherIncomeExpensesNet": -12000000,
    "incomeBeforeTax": 912000000,
    "incomeBeforeTaxRatio": 0.1219903692,
    "incomeTaxExpense": 258000000,
    "netIncome": 641000000,
    "netIncomeRatio": 0.085741038,
    "eps": 2.08,
    "epsdiluted": 2.04,
    "weightedAverageShsOut": 307928000,
    "weightedAverageShsOutDil": 313499000,
    "link": "https://www.sec.gov/Archives/edgar/data/40533/000004053316000065/0000040533-16-000065-index.htm",
    "finalLink": "https://www.sec.gov/Archives/edgar/data/40533/000004053316000065/gd-2016040310q.htm"
  },
  {
    "date": "2015-12-31",
    "symbol": "GD",
    "reportedCurrency": "USD",
    "cik": "0000040533",
    "fillingDate": "2016-02-08",
    "acceptedDate": "2016-02-08 11:26:07",
    "calendarYear": "2015",
    "period": "Q4",
    "revenue": 7809000000,
    "costOfRevenue": 6267000000,
    "grossProfit": 1542000000,
    "grossProfitRatio": 0.1974644641,
    "researchAndDevelopmentExpenses": 0,
    "generalAndAdministrativeExpenses": 506000000,
    "sellingAndMarketingExpenses": 0,
    "sellingGeneralAndAdministrativeExpenses": 506000000,
    "otherExpenses": 0,
    "operatingExpenses": 506000000,
    "costAndExpenses": 6773000000,
    "interestIncome": 0,
    "interestExpense": 34000000,
    "depreciationAndAmortization": 122000000,
    "ebitda": 1180000000,
    "ebitdaratio": 0.1511076962,
    "operatingIncome": 1036000000,
    "operatingIncomeRatio": 0.132667435,
    "totalOtherIncomeExpensesNet": -17000000,
    "incomeBeforeTax": 1019000000,
    "incomeBeforeTaxRatio": 0.1304904597,
    "incomeTaxExpense": 255000000,
    "netIncome": 764000000,
    "netIncomeRatio": 0.0978358305,
    "eps": 2.44,
    "epsdiluted": 2.4,
    "weightedAverageShsOut": 313300000,
    "weightedAverageShsOutDil": 318300000,
    "link": "https://www.sec.gov/Archives/edgar/data/40533/000004053316000056/0000040533-16-000056-index.htm",
    "finalLink": "https://www.sec.gov/Archives/edgar/data/40533/000004053316000056/gd-2015123110k.htm"
  },
  {
    "date": "2015-10-04",
    "symbol": "GD",
    "reportedCurrency": "USD",
    "cik": "0000040533",
    "fillingDate": "2015-10-28",
    "acceptedDate": "2015-10-28 10:15:21",
    "calendarYear": "2015",
    "period": "Q3",
    "revenue": 7994000000,
    "costOfRevenue": 6484000000,
    "grossProfit": 1510000000,
    "grossProfitRatio": 0.1888916688,
    "researchAndDevelopmentExpenses": 0,
    "generalAndAdministrativeExpenses": 476000000,
    "sellingAndMarketingExpenses": 0,
    "sellingGeneralAndAdministrativeExpenses": 476000000,
    "otherExpenses": 0,
    "operatingExpenses": 476000000,
    "costAndExpenses": 6960000000,
    "interestIncome": 0,
    "interestExpense": 23000000,
    "depreciationAndAmortization": 117000000,
    "ebitda": 1151000000,
    "ebitdaratio": 0.1439829872,
    "operatingIncome": 1034000000,
    "operatingIncomeRatio": 0.1293470103,
    "totalOtherIncomeExpensesNet": -21000000,
    "incomeBeforeTax": 1013000000,
    "incomeBeforeTaxRatio": 0.12672004,
    "incomeTaxExpense": 280000000,
    "netIncome": 733000000,
    "netIncomeRatio": 0.0916937703,
    "eps": 2.31,
    "epsdiluted": 2.28,
    "weightedAverageShsOut": 316680000,
    "weightedAverageShsOutDil": 321938000,
    "link": "https://www.sec.gov/Archives/edgar/data/40533/000004053315000046/0000040533-15-000046-index.htm",
    "finalLink": "https://www.sec.gov/Archives/edgar/data/40533/000004053315000046/gd-2015100410q.htm"
  },
  {
    "date": "2015-07-05",
    "symbol": "GD",
    "reportedCurrency": "USD",
    "cik": "0000040533",
    "fillingDate": "2015-07-29",
    "acceptedDate": "2015-07-29 10:08:00",
    "calendarYear": "2015",
    "period": "Q2",
    "revenue": 7882000000,
    "costOfRevenue": 6334000000,
    "grossProfit": 1548000000,
    "grossProfitRatio": 0.1963968536,
    "researchAndDevelopmentExpenses": 0,
    "generalAndAdministrativeExpenses": 467000000,
    "sellingAndMarketingExpenses": 0,
    "sellingGeneralAndAdministrativeExpenses": 467000000,
    "otherExpenses": 0,
    "operatingExpenses": 467000000,
    "costAndExpenses": 6801000000,
    "interestIncome": 0,
    "interestExpense": 20000000,
    "depreciationAndAmortization": 119000000,
    "ebitda": 1200000000,
    "ebitdaratio": 0.1522456229,
    "operatingIncome": 1081000000,
    "operatingIncomeRatio": 0.137147932,
    "totalOtherIncomeExpensesNet": -20000000,
    "incomeBeforeTax": 1061000000,
    "incomeBeforeTaxRatio": 0.1346105049,
    "incomeTaxExpense": 309000000,
    "netIncome": 752000000,
    "netIncomeRatio": 0.095407257,
    "eps": 2.31,
    "epsdiluted": 2.27,
    "weightedAverageShsOut": 326153000,
    "weightedAverageShsOutDil": 331426000,
    "link": "https://www.sec.gov/Archives/edgar/data/40533/000004053315000038/0000040533-15-000038-index.htm",
    "finalLink": "https://www.sec.gov/Archives/edgar/data/40533/000004053315000038/gd-2015070510q.htm"
  },
  {
    "date": "2015-04-05",
    "symbol": "GD",
    "reportedCurrency": "USD",
    "cik": "0000040533",
    "fillingDate": "2015-04-29",
    "acceptedDate": "2015-04-29 10:57:54",
    "calendarYear": "2015",
    "period": "Q1",
    "revenue": 7784000000,
    "costOfRevenue": 6254000000,
    "grossProfit": 1530000000,
    "grossProfitRatio": 0.1965570401,
    "researchAndDevelopmentExpenses": 0,
    "generalAndAdministrativeExpenses": 503000000,
    "sellingAndMarketingExpenses": 0,
    "sellingGeneralAndAdministrativeExpenses": 503000000,
    "otherExpenses": 0,
    "operatingExpenses": 503000000,
    "costAndExpenses": 6757000000,
    "interestIncome": 0,
    "interestExpense": 21000000,
    "depreciationAndAmortization": 124000000,
    "ebitda": 1151000000,
    "ebitdaratio": 0.1478674203,
    "operatingIncome": 1027000000,
    "operatingIncomeRatio": 0.1319373073,
    "totalOtherIncomeExpensesNet": -18000000,
    "incomeBeforeTax": 1009000000,
    "incomeBeforeTaxRatio": 0.1296248715,
    "incomeTaxExpense": 293000000,
    "netIncome": 716000000,
    "netIncomeRatio": 0.091983556,
    "eps": 2.18,
    "epsdiluted": 2.14,
    "weightedAverageShsOut": 329154000,
    "weightedAverageShsOutDil": 334682000,
    "link": "https://www.sec.gov/Archives/edgar/data/40533/000004053315000016/0000040533-15-000016-index.htm",
    "finalLink": "https://www.sec.gov/Archives/edgar/data/40533/000004053315000016/gd-2015040510q.htm"
  },
  {
    "date": "2014-12-31",
    "symbol": "GD",
    "reportedCurrency": "USD",
    "cik": "0000040533",
    "fillingDate": "2015-02-09",
    "acceptedDate": "2015-02-09 12:08:20",
    "calendarYear": "2014",
    "period": "Q4",
    "revenue": 8362000000,
    "costOfRevenue": 6766000000,
    "grossProfit": 1596000000,
    "grossProfitRatio": 0.1908634298,
    "researchAndDevelopmentExpenses": 0,
    "generalAndAdministrativeExpenses": 529000000,
    "sellingAndMarketingExpenses": 0,
    "sellingGeneralAndAdministrativeExpenses": 529000000,
    "otherExpenses": 0,
    "operatingExpenses": 529000000,
    "costAndExpenses": 7295000000,
    "interestIncome": 0,
    "interestExpense": 36000000,
    "depreciationAndAmortization": 120000000,
    "ebitda": 1203000000,
    "ebitdaratio": 0.143865104,
    "operatingIncome": 1067000000,
    "operatingIncomeRatio": 0.1276010524,
    "totalOtherIncomeExpensesNet": -22000000,
    "incomeBeforeTax": 1045000000,
    "incomeBeforeTaxRatio": 0.1249701028,
    "incomeTaxExpense": 308000000,
    "netIncome": 701000000,
    "netIncomeRatio": 0.0838316192,
    "eps": 2.12,
    "epsdiluted": 2.09,
    "weightedAverageShsOut": 330000000,
    "weightedAverageShsOutDil": 335800000,
    "link": "https://www.sec.gov/Archives/edgar/data/40533/000004053315000009/0000040533-15-000009-index.htm",
    "finalLink": "https://www.sec.gov/Archives/edgar/data/40533/000004053315000009/gd-2014123110k.htm"
  },
  {
    "date": "2014-09-28",
    "symbol": "GD",
    "reportedCurrency": "USD",
    "cik": "0000040533",
    "fillingDate": "2014-10-22",
    "acceptedDate": "2014-10-22 10:10:00",
    "calendarYear": "2014",
    "period": "Q3",
    "revenue": 7751000000,
    "costOfRevenue": 6274000000,
    "grossProfit": 1477000000,
    "grossProfitRatio": 0.1905560573,
    "researchAndDevelopmentExpenses": 0,
    "generalAndAdministrativeExpenses": 478000000,
    "sellingAndMarketingExpenses": 0,
    "sellingGeneralAndAdministrativeExpenses": 478000000,
    "otherExpenses": 0,
    "operatingExpenses": 478000000,
    "costAndExpenses": 6752000000,
    "interestIncome": 0,
    "interestExpense": 21000000,
    "depreciationAndAmortization": 124000000,
    "ebitda": 1123000000,
    "ebitdaratio": 0.144884531,
    "operatingIncome": 999000000,
    "operatingIncomeRatio": 0.1288865953,
    "totalOtherIncomeExpensesNet": -20000000,
    "incomeBeforeTax": 979000000,
    "incomeBeforeTaxRatio": 0.1263062831,
    "incomeTaxExpense": 285000000,
    "netIncome": 696000000,
    "netIncomeRatio": 0.0897948652,
    "eps": 2.1,
    "epsdiluted": 2.06,
    "weightedAverageShsOut": 331811000,
    "weightedAverageShsOutDil": 338181000,
    "link": "https://www.sec.gov/Archives/edgar/data/40533/000004053314000025/0000040533-14-000025-index.htm",
    "finalLink": "https://www.sec.gov/Archives/edgar/data/40533/000004053314000025/gd-2014092810q.htm"
  },
  {
    "date": "2014-06-29",
    "symbol": "GD",
    "reportedCurrency": "USD",
    "cik": "0000040533",
    "fillingDate": "2014-07-23",
    "acceptedDate": "2014-07-23 10:13:50",
    "calendarYear": "2014",
    "period": "Q2",
    "revenue": 7474000000,
    "costOfRevenue": 6039000000,
    "grossProfit": 1435000000,
    "grossProfitRatio": 0.1919989296,
    "researchAndDevelopmentExpenses": 0,
    "generalAndAdministrativeExpenses": 486000000,
    "sellingAndMarketingExpenses": 0,
    "sellingGeneralAndAdministrativeExpenses": 486000000,
    "otherExpenses": 0,
    "operatingExpenses": 486000000,
    "costAndExpenses": 6525000000,
    "interestIncome": 0,
    "interestExpense": 24000000,
    "depreciationAndAmortization": 127000000,
    "ebitda": 1076000000,
    "ebitdaratio": 0.1439657479,
    "operatingIncome": 949000000,
    "operatingIncomeRatio": 0.1269735082,
    "totalOtherIncomeExpensesNet": -24000000,
    "incomeBeforeTax": 925000000,
    "incomeBeforeTaxRatio": 0.1237623762,
    "incomeTaxExpense": 279000000,
    "netIncome": 541000000,
    "netIncomeRatio": 0.0723842655,
    "eps": 1.61,
    "epsdiluted": 1.58,
    "weightedAverageShsOut": 336692000,
    "weightedAverageShsOutDil": 342785000,
    "link": "https://www.sec.gov/Archives/edgar/data/40533/000004053314000015/0000040533-14-000015-index.htm",
    "finalLink": "https://www.sec.gov/Archives/edgar/data/40533/000004053314000015/gd-2014062910q.htm"
  },
  {
    "date": "2014-03-30",
    "symbol": "GD",
    "reportedCurrency": "USD",
    "cik": "0000040533",
    "fillingDate": "2014-04-23",
    "acceptedDate": "2014-04-23 10:28:08",
    "calendarYear": "2014",
    "period": "Q1",
    "revenue": 7265000000,
    "costOfRevenue": 5900000000,
    "grossProfit": 1365000000,
    "grossProfitRatio": 0.1878871301,
    "researchAndDevelopmentExpenses": 0,
    "generalAndAdministrativeExpenses": 491000000,
    "sellingAndMarketingExpenses": 0,
    "sellingGeneralAndAdministrativeExpenses": 491000000,
    "otherExpenses": 0,
    "operatingExpenses": 491000000,
    "costAndExpenses": 6391000000,
    "interestIncome": 0,
    "interestExpense": 22000000,
    "depreciationAndAmortization": 132000000,
    "ebitda": 999000000,
    "ebitdaratio": 0.1375086029,
    "operatingIncome": 874000000,
    "operatingIncomeRatio": 0.1203028217,
    "totalOtherIncomeExpensesNet": -21000000,
    "incomeBeforeTax": 851000000,
    "incomeBeforeTaxRatio": 0.117136958,
    "incomeTaxExpense": 256000000,
    "netIncome": 595000000,
    "netIncomeRatio": 0.0818995182,
    "eps": 1.74,
    "epsdiluted": 1.71,
    "weightedAverageShsOut": 342232000,
    "weightedAverageShsOutDil": 347248000,
    "link": "https://www.sec.gov/Archives/edgar/data/40533/000004053314000010/0000040533-14-000010-index.htm",
    "finalLink": "https://www.sec.gov/Archives/edgar/data/40533/000004053314000010/gd-2014033010q.htm"
  },
  {
    "date": "2013-12-31",
    "symbol": "GD",
    "reportedCurrency": "USD",
    "cik": "0000040533",
    "fillingDate": "2014-02-07",
    "acceptedDate": "2014-02-07 09:05:33",
    "calendarYear": "2013",
    "period": "Q4",
    "revenue": 8107000000,
    "costOfRevenue": 6644000000,
    "grossProfit": 1463000000,
    "grossProfitRatio": 0.1804613297,
    "researchAndDevelopmentExpenses": 0,
    "generalAndAdministrativeExpenses": 542000000,
    "sellingAndMarketingExpenses": 0,
    "sellingGeneralAndAdministrativeExpenses": 542000000,
    "otherExpenses": 0,
    "operatingExpenses": 542000000,
    "costAndExpenses": 7186000000,
    "interestIncome": 23000000,
    "interestExpense": 40000000,
    "depreciationAndAmortization": 141000000,
    "ebitda": 1087000000,
    "ebitdaratio": 0.1340816578,
    "operatingIncome": 921000000,
    "operatingIncomeRatio": 0.1136055261,
    "totalOtherIncomeExpensesNet": -21000000,
    "incomeBeforeTax": 900000000,
    "incomeBeforeTaxRatio": 0.1110151721,
    "incomeTaxExpense": 276000000,
    "netIncome": 495000000,
    "netIncomeRatio": 0.0610583446,
    "eps": 1.41,
    "epsdiluted": 1.4,
    "weightedAverageShsOut": 350500000,
    "weightedAverageShsOutDil": 354600000,
    "link": "https://www.sec.gov/Archives/edgar/data/40533/000004053314000002/0000040533-14-000002-index.htm",
    "finalLink": "https://www.sec.gov/Archives/edgar/data/40533/000004053314000002/gd-2013123110k.htm"
  },
  {
    "date": "2013-09-29",
    "symbol": "GD",
    "reportedCurrency": "USD",
    "cik": "0000040533",
    "fillingDate": "2013-10-23",
    "acceptedDate": "2013-10-23 10:55:51",
    "calendarYear": "2013",
    "period": "Q3",
    "revenue": 7735000000,
    "costOfRevenue": 6277000000,
    "grossProfit": 1458000000,
    "grossProfitRatio": 0.1884938591,
    "researchAndDevelopmentExpenses": 0,
    "generalAndAdministrativeExpenses": 497000000,
    "sellingAndMarketingExpenses": 0,
    "sellingGeneralAndAdministrativeExpenses": 497000000,
    "otherExpenses": 0,
    "operatingExpenses": 497000000,
    "costAndExpenses": 6774000000,
    "interestIncome": 0,
    "interestExpense": 22000000,
    "depreciationAndAmortization": 135000000,
    "ebitda": 1088000000,
    "ebitdaratio": 0.1406593407,
    "operatingIncome": 961000000,
    "operatingIncomeRatio": 0.1242404654,
    "totalOtherIncomeExpensesNet": -18000000,
    "incomeBeforeTax": 940000000,
    "incomeBeforeTaxRatio": 0.1215255333,
    "incomeTaxExpense": 289000000,
    "netIncome": 651000000,
    "netIncomeRatio": 0.0841628959,
    "eps": 1.86,
    "epsdiluted": 1.84,
    "weightedAverageShsOut": 349337000,
    "weightedAverageShsOutDil": 352918000,
    "link": "https://www.sec.gov/Archives/edgar/data/40533/000004053313000019/0000040533-13-000019-index.htm",
    "finalLink": "https://www.sec.gov/Archives/edgar/data/40533/000004053313000019/gd-2013092910q.htm"
  },
  {
    "date": "2013-06-30",
    "symbol": "GD",
    "reportedCurrency": "USD",
    "cik": "0000040533",
    "fillingDate": "2013-07-24",
    "acceptedDate": "2013-07-24 10:37:55",
    "calendarYear": "2013",
    "period": "Q2",
    "revenue": 7834000000,
    "costOfRevenue": 6359000000,
    "grossProfit": 1475000000,
    "grossProfitRatio": 0.1882818484,
    "researchAndDevelopmentExpenses": 0,
    "generalAndAdministrativeExpenses": 514000000,
    "sellingAndMarketingExpenses": 0,
    "sellingGeneralAndAdministrativeExpenses": 514000000,
    "otherExpenses": 0,
    "operatingExpenses": 514000000,
    "costAndExpenses": 6873000000,
    "interestIncome": 0,
    "interestExpense": 18000000,
    "depreciationAndAmortization": 138000000,
    "ebitda": 1084000000,
    "ebitdaratio": 0.1383712025,
    "operatingIncome": 961000000,
    "operatingIncomeRatio": 0.122670411,
    "totalOtherIncomeExpensesNet": -18000000,
    "incomeBeforeTax": 943000000,
    "incomeBeforeTaxRatio": 0.1203727342,
    "incomeTaxExpense": 303000000,
    "netIncome": 640000000,
    "netIncomeRatio": 0.0816951749,
    "eps": 1.82,
    "epsdiluted": 1.81,
    "weightedAverageShsOut": 351100000,
    "weightedAverageShsOutDil": 352900000,
    "link": "https://www.sec.gov/Archives/edgar/data/40533/000004053313000013/0000040533-13-000013-index.htm",
    "finalLink": "https://www.sec.gov/Archives/edgar/data/40533/000004053313000013/gd-2013063010q.htm"
  },
  {
    "date": "2013-03-31",
    "symbol": "GD",
    "reportedCurrency": "USD",
    "cik": "0000040533",
    "fillingDate": "2013-04-30",
    "acceptedDate": "2013-04-30 17:00:35",
    "calendarYear": "2013",
    "period": "Q1",
    "revenue": 7404000000,
    "costOfRevenue": 6050000000,
    "grossProfit": 1354000000,
    "grossProfitRatio": 0.1828741221,
    "researchAndDevelopmentExpenses": 0,
    "generalAndAdministrativeExpenses": 507000000,
    "sellingAndMarketingExpenses": 0,
    "sellingGeneralAndAdministrativeExpenses": 507000000,
    "otherExpenses": 0,
    "operatingExpenses": 507000000,
    "costAndExpenses": 6557000000,
    "interestIncome": 0,
    "interestExpense": 23000000,
    "depreciationAndAmortization": 142000000,
    "ebitda": 989000000,
    "ebitdaratio": 0.1335764452,
    "operatingIncome": 847000000,
    "operatingIncomeRatio": 0.1143976229,
    "totalOtherIncomeExpensesNet": -23000000,
    "incomeBeforeTax": 824000000,
    "incomeBeforeTaxRatio": 0.1112911939,
    "incomeTaxExpense": 253000000,
    "netIncome": 571000000,
    "netIncomeRatio": 0.0771204754,
    "eps": 1.62,
    "epsdiluted": 1.62,
    "weightedAverageShsOut": 351900000,
    "weightedAverageShsOutDil": 353500000,
    "link": "https://www.sec.gov/Archives/edgar/data/40533/000004053313000009/0000040533-13-000009-index.htm",
    "finalLink": "https://www.sec.gov/Archives/edgar/data/40533/000004053313000009/gd-2013033110q.htm"
  },
  {
    "date": "2012-12-31",
    "symbol": "GD",
    "reportedCurrency": "USD",
    "cik": "0000040533",
    "fillingDate": "2013-02-08",
    "acceptedDate": "2013-02-08 09:16:17",
    "calendarYear": "2012",
    "period": "Q4",
    "revenue": 8078000000,
    "costOfRevenue": 7280000000,
    "grossProfit": 798000000,
    "grossProfitRatio": 0.0987868284,
    "researchAndDevelopmentExpenses": 0,
    "generalAndAdministrativeExpenses": 0,
    "sellingAndMarketingExpenses": 0,
    "sellingGeneralAndAdministrativeExpenses": 706000000,
    "otherExpenses": 1994000000,
    "operatingExpenses": 2700000000,
    "costAndExpenses": 9980000000,
    "interestIncome": 3000000,
    "interestExpense": 44000000,
    "depreciationAndAmortization": 162000000,
    "ebitda": -1865000000,
    "ebitdaratio": -0.2308739787,
    "operatingIncome": -1902000000,
    "operatingIncomeRatio": -0.2354543204,
    "totalOtherIncomeExpensesNet": -169000000,
    "incomeBeforeTax": -2071000000,
    "incomeBeforeTaxRatio": -0.2563753404,
    "incomeTaxExpense": 59000000,
    "netIncome": -2130000000,
    "netIncomeRatio": -0.2636791285,
    "eps": -6.07,
    "epsdiluted": -6.07,
    "weightedAverageShsOut": 350900000,
    "weightedAverageShsOutDil": 350900000,
    "link": "https://www.sec.gov/Archives/edgar/data/40533/000004053313000005/0000040533-13-000005-index.htm",
    "finalLink": "https://www.sec.gov/Archives/edgar/data/40533/000004053313000005/gd-2012123110k.htm"
  },
  {
    "date": "2012-09-30",
    "symbol": "GD",
    "reportedCurrency": "USD",
    "cik": "0000040533",
    "fillingDate": "2012-10-30",
    "acceptedDate": "2012-10-30 15:16:16",
    "calendarYear": "2012",
    "period": "Q3",
    "revenue": 7934000000,
    "costOfRevenue": 6519000000,
    "grossProfit": 1415000000,
    "grossProfitRatio": 0.1783463574,
    "researchAndDevelopmentExpenses": 0,
    "generalAndAdministrativeExpenses": 510000000,
    "sellingAndMarketingExpenses": 0,
    "sellingGeneralAndAdministrativeExpenses": 510000000,
    "otherExpenses": 0,
    "operatingExpenses": 510000000,
    "costAndExpenses": 7029000000,
    "interestIncome": 0,
    "interestExpense": 39000000,
    "depreciationAndAmortization": 154000000,
    "ebitda": 1059000000,
    "ebitdaratio": 0.1334761785,
    "operatingIncome": 905000000,
    "operatingIncomeRatio": 0.1140660449,
    "totalOtherIncomeExpensesNet": -42000000,
    "incomeBeforeTax": 863000000,
    "incomeBeforeTaxRatio": 0.1087723721,
    "incomeTaxExpense": 263000000,
    "netIncome": 600000000,
    "netIncomeRatio": 0.0756238972,
    "eps": 1.71,
    "epsdiluted": 1.7,
    "weightedAverageShsOut": 350470000,
    "weightedAverageShsOutDil": 352826000,
    "link": "https://www.sec.gov/Archives/edgar/data/40533/000004053312000007/0000040533-12-000007-index.htm",
    "finalLink": "https://www.sec.gov/Archives/edgar/data/40533/000004053312000007/gd-2012093010q.htm"
  },
  {
    "date": "2012-07-01",
    "symbol": "GD",
    "reportedCurrency": "USD",
    "cik": "0000040533",
    "fillingDate": "2012-08-01",
    "acceptedDate": "2012-08-01 10:54:59",
    "calendarYear": "2012",
    "period": "Q2",
    "revenue": 7922000000,
    "costOfRevenue": 6427000000,
    "grossProfit": 1495000000,
    "grossProfitRatio": 0.188714971,
    "researchAndDevelopmentExpenses": 0,
    "generalAndAdministrativeExpenses": 525000000,
    "sellingAndMarketingExpenses": 0,
    "sellingGeneralAndAdministrativeExpenses": 525000000,
    "otherExpenses": 0,
    "operatingExpenses": 525000000,
    "costAndExpenses": 6952000000,
    "interestIncome": 0,
    "interestExpense": 37000000,
    "depreciationAndAmortization": 150000000,
    "ebitda": 1120000000,
    "ebitdaratio": 0.1413784398,
    "operatingIncome": 970000000,
    "operatingIncomeRatio": 0.1224438273,
    "totalOtherIncomeExpensesNet": -42000000,
    "incomeBeforeTax": 928000000,
    "incomeBeforeTaxRatio": 0.1171421358,
    "incomeTaxExpense": 294000000,
    "netIncome": 634000000,
    "netIncomeRatio": 0.0800302954,
    "eps": 1.79,
    "epsdiluted": 1.77,
    "weightedAverageShsOut": 355000000,
    "weightedAverageShsOutDil": 357400000,
    "link": "https://www.sec.gov/Archives/edgar/data/40533/000119312512327606/0001193125-12-327606-index.htm",
    "finalLink": "https://www.sec.gov/Archives/edgar/data/40533/000119312512327606/d359017d10q.htm"
  },
  {
    "date": "2012-04-01",
    "symbol": "GD",
    "reportedCurrency": "USD",
    "cik": "0000040533",
    "fillingDate": "2012-05-01",
    "acceptedDate": "2012-05-01 17:19:15",
    "calendarYear": "2012",
    "period": "Q1",
    "revenue": 7579000000,
    "costOfRevenue": 6184000000,
    "grossProfit": 1395000000,
    "grossProfitRatio": 0.1840612218,
    "researchAndDevelopmentExpenses": 0,
    "generalAndAdministrativeExpenses": 535000000,
    "sellingAndMarketingExpenses": 0,
    "sellingGeneralAndAdministrativeExpenses": 535000000,
    "otherExpenses": 0,
    "operatingExpenses": 535000000,
    "costAndExpenses": 6719000000,
    "interestIncome": 0,
    "interestExpense": 39000000,
    "depreciationAndAmortization": 154000000,
    "ebitda": 1014000000,
    "ebitdaratio": 0.1337907376,
    "operatingIncome": 860000000,
    "operatingIncomeRatio": 0.1134714342,
    "totalOtherIncomeExpensesNet": -39000000,
    "incomeBeforeTax": 821000000,
    "incomeBeforeTaxRatio": 0.1083256366,
    "incomeTaxExpense": 257000000,
    "netIncome": 564000000,
    "netIncomeRatio": 0.0744161499,
    "eps": 1.58,
    "epsdiluted": 1.57,
    "weightedAverageShsOut": 357000000,
    "weightedAverageShsOutDil": 359400000,
    "link": "https://www.sec.gov/Archives/edgar/data/40533/000119312512201343/0001193125-12-201343-index.htm",
    "finalLink": "https://www.sec.gov/Archives/edgar/data/40533/000119312512201343/d313108d10q.htm"
  },
  {
    "date": "2011-12-31",
    "symbol": "GD",
    "reportedCurrency": "USD",
    "cik": "0000040533",
    "fillingDate": "2012-02-17",
    "acceptedDate": "2012-02-17 08:32:43",
    "calendarYear": "2011",
    "period": "Q4",
    "revenue": 9147000000,
    "costOfRevenue": 7673000000,
    "grossProfit": 1474000000,
    "grossProfitRatio": 0.1611457308,
    "researchAndDevelopmentExpenses": 0,
    "generalAndAdministrativeExpenses": 0,
    "sellingAndMarketingExpenses": 0,
    "sellingGeneralAndAdministrativeExpenses": 524000000,
    "otherExpenses": 0,
    "operatingExpenses": 524000000,
    "costAndExpenses": 8197000000,
    "interestIncome": 2000000,
    "interestExpense": 40000000,
    "depreciationAndAmortization": 157000000,
    "ebitda": 1108000000,
    "ebitdaratio": 0.1211326118,
    "operatingIncome": 950000000,
    "operatingIncomeRatio": 0.1038591888,
    "totalOtherIncomeExpensesNet": -39000000,
    "incomeBeforeTax": 911000000,
    "incomeBeforeTaxRatio": 0.0995954958,
    "incomeTaxExpense": 308000000,
    "netIncome": 603000000,
    "netIncomeRatio": 0.0659232535,
    "eps": 1.69,
    "epsdiluted": 1.68,
    "weightedAverageShsOut": 356200000,
    "weightedAverageShsOutDil": 359400000,
    "link": "https://www.sec.gov/Archives/edgar/data/40533/000119312512066385/0001193125-12-066385-index.htm",
    "finalLink": "https://www.sec.gov/Archives/edgar/data/40533/000119312512066385/d271667d10k.htm"
  },
  {
    "date": "2011-10-02",
    "symbol": "GD",
    "reportedCurrency": "USD",
    "cik": "0000040533",
    "fillingDate": "2011-11-01",
    "acceptedDate": "2011-11-01 15:37:48",
    "calendarYear": "2011",
    "period": "Q3",
    "revenue": 7853000000,
    "costOfRevenue": 6363000000,
    "grossProfit": 1490000000,
    "grossProfitRatio": 0.1897364065,
    "researchAndDevelopmentExpenses": 0,
    "generalAndAdministrativeExpenses": 0,
    "sellingAndMarketingExpenses": 0,
    "sellingGeneralAndAdministrativeExpenses": 492000000,
    "otherExpenses": 0,
    "operatingExpenses": 492000000,
    "costAndExpenses": 6855000000,
    "interestIncome": 3000000,
    "interestExpense": 41000000,
    "depreciationAndAmortization": 147000000,
    "ebitda": 1140000000,
    "ebitdaratio": 0.1451674519,
    "operatingIncome": 998000000,
    "operatingIncomeRatio": 0.1270851904,
    "totalOtherIncomeExpensesNet": -46000000,
    "incomeBeforeTax": 952000000,
    "incomeBeforeTaxRatio": 0.1212275563,
    "incomeTaxExpense": 287000000,
    "netIncome": 652000000,
    "netIncomeRatio": 0.0830255953,
    "eps": 1.81,
    "epsdiluted": 1.8,
    "weightedAverageShsOut": 359700000,
    "weightedAverageShsOutDil": 362900000,
    "link": "https://www.sec.gov/Archives/edgar/data/40533/000119312511290604/0001193125-11-290604-index.htm",
    "finalLink": "https://www.sec.gov/Archives/edgar/data/40533/000119312511290604/d226987d10q.htm"
  },
  {
    "date": "2011-07-03",
    "symbol": "GD",
    "reportedCurrency": "USD",
    "cik": "0000040533",
    "fillingDate": "2011-08-03",
    "acceptedDate": "2011-08-03 11:19:47",
    "calendarYear": "2011",
    "period": "Q2",
    "revenue": 7879000000,
    "costOfRevenue": 6425000000,
    "grossProfit": 1454000000,
    "grossProfitRatio": 0.1845411854,
    "researchAndDevelopmentExpenses": 0,
    "generalAndAdministrativeExpenses": 0,
    "sellingAndMarketingExpenses": 0,
    "sellingGeneralAndAdministrativeExpenses": 505000000,
    "otherExpenses": 0,
    "operatingExpenses": 505000000,
    "costAndExpenses": 6930000000,
    "interestIncome": 0,
    "interestExpense": 31000000,
    "depreciationAndAmortization": 145000000,
    "ebitda": 1135000000,
    "ebitdaratio": 0.1440538139,
    "operatingIncome": 949000000,
    "operatingIncomeRatio": 0.1204467572,
    "totalOtherIncomeExpensesNet": 10000000,
    "incomeBeforeTax": 959000000,
    "incomeBeforeTaxRatio": 0.1217159538,
    "incomeTaxExpense": 293000000,
    "netIncome": 653000000,
    "netIncomeRatio": 0.0828785379,
    "eps": 1.77,
    "epsdiluted": 1.76,
    "weightedAverageShsOut": 368000000,
    "weightedAverageShsOutDil": 371400000,
    "link": "https://www.sec.gov/Archives/edgar/data/40533/000119312511207592/0001193125-11-207592-index.htm",
    "finalLink": "https://www.sec.gov/Archives/edgar/data/40533/000119312511207592/d10q.htm"
  },
  {
    "date": "2011-04-03",
    "symbol": "GD",
    "reportedCurrency": "USD",
    "cik": "0000040533",
    "fillingDate": "2011-05-03",
    "acceptedDate": "2011-05-03 16:57:09",
    "calendarYear": "2011",
    "period": "Q1",
    "revenue": 7798000000,
    "costOfRevenue": 6360000000,
    "grossProfit": 1438000000,
    "grossProfitRatio": 0.184406258,
    "researchAndDevelopmentExpenses": 0,
    "generalAndAdministrativeExpenses": 0,
    "sellingAndMarketingExpenses": 0,
    "sellingGeneralAndAdministrativeExpenses": 509000000,
    "otherExpenses": 0,
    "operatingExpenses": 509000000,
    "costAndExpenses": 6869000000,
    "interestIncome": 0,
    "interestExpense": 34000000,
    "depreciationAndAmortization": 143000000,
    "ebitda": 1073000000,
    "ebitdaratio": 0.1375993845,
    "operatingIncome": 929000000,
    "operatingIncomeRatio": 0.1191331111,
    "totalOtherIncomeExpensesNet": -33000000,
    "incomeBeforeTax": 896000000,
    "incomeBeforeTaxRatio": 0.1149012567,
    "incomeTaxExpense": 278000000,
    "netIncome": 618000000,
    "netIncomeRatio": 0.07925109,
    "eps": 1.66,
    "epsdiluted": 1.64,
    "weightedAverageShsOut": 372700000,
    "weightedAverageShsOutDil": 376400000,
    "link": "https://www.sec.gov/Archives/edgar/data/40533/000119312511124091/0001193125-11-124091-index.htm",
    "finalLink": "https://www.sec.gov/Archives/edgar/data/40533/000119312511124091/d10q.htm"
  },
  {
    "date": "2010-12-31",
    "symbol": "GD",
    "reportedCurrency": "USD",
    "cik": "0000040533",
    "fillingDate": "2011-02-18",
    "acceptedDate": "2011-02-18 08:19:26",
    "calendarYear": "2010",
    "period": "Q4",
    "revenue": 8601000000,
    "costOfRevenue": 7006000000,
    "grossProfit": 1595000000,
    "grossProfitRatio": 0.1854435531,
    "researchAndDevelopmentExpenses": 0,
    "generalAndAdministrativeExpenses": 0,
    "sellingAndMarketingExpenses": 0,
    "sellingGeneralAndAdministrativeExpenses": 519000000,
    "otherExpenses": 0,
    "operatingExpenses": 519000000,
    "costAndExpenses": 7525000000,
    "interestIncome": 3000000,
    "interestExpense": 36000000,
    "depreciationAndAmortization": 145000000,
    "ebitda": 1224000000,
    "ebitdaratio": 0.1423090338,
    "operatingIncome": 1076000000,
    "operatingIncomeRatio": 0.1251017324,
    "totalOtherIncomeExpensesNet": -33000000,
    "incomeBeforeTax": 1043000000,
    "incomeBeforeTaxRatio": 0.1212649692,
    "incomeTaxExpense": 314000000,
    "netIncome": 729000000,
    "netIncomeRatio": 0.0847575863,
    "eps": 1.94,
    "epsdiluted": 1.91,
    "weightedAverageShsOut": 376700000,
    "weightedAverageShsOutDil": 380900000,
    "link": "https://www.sec.gov/Archives/edgar/data/40533/000119312511039769/0001193125-11-039769-index.htm",
    "finalLink": "https://www.sec.gov/Archives/edgar/data/40533/000119312511039769/d10k.htm"
  },
  {
    "date": "2010-10-03",
    "symbol": "GD",
    "reportedCurrency": "USD",
    "cik": "0000040533",
    "fillingDate": "2010-11-02",
    "acceptedDate": "2010-11-02 15:31:10",
    "calendarYear": "2010",
    "period": "Q3",
    "revenue": 8011000000,
    "costOfRevenue": 6564000000,
    "grossProfit": 1447000000,
    "grossProfitRatio": 0.1806266384,
    "researchAndDevelopmentExpenses": 0,
    "generalAndAdministrativeExpenses": 0,
    "sellingAndMarketingExpenses": 0,
    "sellingGeneralAndAdministrativeExpenses": 481000000,
    "otherExpenses": 0,
    "operatingExpenses": 481000000,
    "costAndExpenses": 7045000000,
    "interestIncome": 1000000,
    "interestExpense": 39000000,
    "depreciationAndAmortization": 141000000,
    "ebitda": 1108000000,
    "ebitdaratio": 0.138309824,
    "operatingIncome": 966000000,
    "operatingIncomeRatio": 0.1205841967,
    "totalOtherIncomeExpensesNet": -38000000,
    "incomeBeforeTax": 928000000,
    "incomeBeforeTaxRatio": 0.115840719,
    "incomeTaxExpense": 279000000,
    "netIncome": 650000000,
    "netIncomeRatio": 0.0811384347,
    "eps": 1.71,
    "epsdiluted": 1.7,
    "weightedAverageShsOut": 379100000,
    "weightedAverageShsOutDil": 382500000,
    "link": "https://www.sec.gov/Archives/edgar/data/40533/000119312510244217/0001193125-10-244217-index.htm",
    "finalLink": "https://www.sec.gov/Archives/edgar/data/40533/000119312510244217/d10q.htm"
  },
  {
    "date": "2010-07-04",
    "symbol": "GD",
    "reportedCurrency": "USD",
    "cik": "0000040533",
    "fillingDate": "2010-08-03",
    "acceptedDate": "2010-08-03 16:20:22",
    "calendarYear": "2010",
    "period": "Q2",
    "revenue": 8104000000,
    "costOfRevenue": 6641000000,
    "grossProfit": 1463000000,
    "grossProfitRatio": 0.1805281343,
    "researchAndDevelopmentExpenses": 0,
    "generalAndAdministrativeExpenses": 0,
    "sellingAndMarketingExpenses": 0,
    "sellingGeneralAndAdministrativeExpenses": 478000000,
    "otherExpenses": 0,
    "operatingExpenses": 478000000,
    "costAndExpenses": 7119000000,
    "interestIncome": 3000000,
    "interestExpense": 45000000,
    "depreciationAndAmortization": 140000000,
    "ebitda": 1130000000,
    "ebitdaratio": 0.1394373149,
    "operatingIncome": 985000000,
    "operatingIncomeRatio": 0.1215449161,
    "totalOtherIncomeExpensesNet": -40000000,
    "incomeBeforeTax": 945000000,
    "incomeBeforeTaxRatio": 0.1166090819,
    "incomeTaxExpense": 294000000,
    "netIncome": 648000000,
    "netIncomeRatio": 0.0799605133,
    "eps": 1.69,
    "epsdiluted": 1.67,
    "weightedAverageShsOut": 384300000,
    "weightedAverageShsOutDil": 388500000,
    "link": "https://www.sec.gov/Archives/edgar/data/40533/000119312510175291/0001193125-10-175291-index.htm",
    "finalLink": "https://www.sec.gov/Archives/edgar/data/40533/000119312510175291/d10q.htm"
  },
  {
    "date": "2010-04-04",
    "symbol": "GD",
    "reportedCurrency": "USD",
    "cik": "0000040533",
    "fillingDate": "2010-05-04",
    "acceptedDate": "2010-05-04 16:29:27",
    "calendarYear": "2010",
    "period": "Q1",
    "revenue": 7750000000,
    "costOfRevenue": 6346000000,
    "grossProfit": 1404000000,
    "grossProfitRatio": 0.1811612903,
    "researchAndDevelopmentExpenses": 0,
    "generalAndAdministrativeExpenses": 0,
    "sellingAndMarketingExpenses": 0,
    "sellingGeneralAndAdministrativeExpenses": 486000000,
    "otherExpenses": 0,
    "operatingExpenses": 486000000,
    "costAndExpenses": 6832000000,
    "interestIncome": 3000000,
    "interestExpense": 47000000,
    "depreciationAndAmortization": 143000000,
    "ebitda": 1064000000,
    "ebitdaratio": 0.1372903226,
    "operatingIncome": 918000000,
    "operatingIncomeRatio": 0.1184516129,
    "totalOtherIncomeExpensesNet": -44000000,
    "incomeBeforeTax": 874000000,
    "incomeBeforeTaxRatio": 0.1127741935,
    "incomeTaxExpense": 275000000,
    "netIncome": 597000000,
    "netIncomeRatio": 0.0770322581,
    "eps": 1.55,
    "epsdiluted": 1.53,
    "weightedAverageShsOut": 384800000,
    "weightedAverageShsOutDil": 389000000,
    "link": "https://www.sec.gov/Archives/edgar/data/40533/000119312510106589/0001193125-10-106589-index.htm",
    "finalLink": "https://www.sec.gov/Archives/edgar/data/40533/000119312510106589/d10q.htm"
  },
  {
    "date": "2009-12-31",
    "symbol": "GD",
    "reportedCurrency": "USD",
    "cik": "0000040533",
    "fillingDate": "2010-02-19",
    "acceptedDate": "2010-02-19 11:25:11",
    "calendarYear": "2009",
    "period": "Q4",
    "revenue": 7898000000,
    "costOfRevenue": 4993000000,
    "grossProfit": 2905000000,
    "grossProfitRatio": 0.3678146366,
    "researchAndDevelopmentExpenses": 0,
    "generalAndAdministrativeExpenses": 0,
    "sellingAndMarketingExpenses": 0,
    "sellingGeneralAndAdministrativeExpenses": 483000000,
    "otherExpenses": 1471000000,
    "operatingExpenses": 1954000000,
    "costAndExpenses": 6947000000,
    "interestIncome": 1000000,
    "interestExpense": 44000000,
    "depreciationAndAmortization": 144000000,
    "ebitda": 1097000000,
    "ebitdaratio": 0.138895923,
    "operatingIncome": 951000000,
    "operatingIncomeRatio": 0.1204102304,
    "totalOtherIncomeExpensesNet": -42000000,
    "incomeBeforeTax": 909000000,
    "incomeBeforeTaxRatio": 0.1150924285,
    "incomeTaxExpense": 291000000,
    "netIncome": 614000000,
    "netIncomeRatio": 0.0777412003,
    "eps": 1.58,
    "epsdiluted": 1.58,
    "weightedAverageShsOut": 385778000,
    "weightedAverageShsOutDil": 388000000,
    "link": "https://www.sec.gov/Archives/edgar/data/40533/000119312510034883/0001193125-10-034883-index.htm",
    "finalLink": "https://www.sec.gov/Archives/edgar/data/40533/000119312510034883/d10k.htm"
  },
  {
    "date": "2009-10-04",
    "symbol": "GD",
    "reportedCurrency": "USD",
    "cik": "0000040533",
    "fillingDate": "2009-11-03",
    "acceptedDate": "2009-11-03 16:00:25",
    "calendarYear": "2009",
    "period": "Q3",
    "revenue": 7719000000,
    "costOfRevenue": 6393000000,
    "grossProfit": 1326000000,
    "grossProfitRatio": 0.1717839098,
    "researchAndDevelopmentExpenses": 0,
    "generalAndAdministrativeExpenses": 0,
    "sellingAndMarketingExpenses": 0,
    "sellingGeneralAndAdministrativeExpenses": 452000000,
    "otherExpenses": 0,
    "operatingExpenses": 452000000,
    "costAndExpenses": 6845000000,
    "interestIncome": 2000000,
    "interestExpense": 42000000,
    "depreciationAndAmortization": 139000000,
    "ebitda": 1009000000,
    "ebitdaratio": 0.130716414,
    "operatingIncome": 874000000,
    "operatingIncomeRatio": 0.113227102,
    "totalOtherIncomeExpensesNet": -46000000,
    "incomeBeforeTax": 828000000,
    "incomeBeforeTaxRatio": 0.1072677808,
    "incomeTaxExpense": 253000000,
    "netIncome": 572000000,
    "netIncomeRatio": 0.0741028631,
    "eps": 1.48,
    "epsdiluted": 1.47,
    "weightedAverageShsOut": 385200000,
    "weightedAverageShsOutDil": 388100000,
    "link": "https://www.sec.gov/Archives/edgar/data/40533/000119312509222060/0001193125-09-222060-index.htm",
    "finalLink": "https://www.sec.gov/Archives/edgar/data/40533/000119312509222060/d10q.htm"
  },
  {
    "date": "2009-07-05",
    "symbol": "GD",
    "reportedCurrency": "USD",
    "cik": "0000040533",
    "fillingDate": "2009-08-04",
    "acceptedDate": "2009-08-04 16:12:52",
    "calendarYear": "2009",
    "period": "Q2",
    "revenue": 8100000000,
    "costOfRevenue": 6646000000,
    "grossProfit": 1454000000,
    "grossProfitRatio": 0.1795061728,
    "researchAndDevelopmentExpenses": 0,
    "generalAndAdministrativeExpenses": 0,
    "sellingAndMarketingExpenses": 0,
    "sellingGeneralAndAdministrativeExpenses": 509000000,
    "otherExpenses": 0,
    "operatingExpenses": 509000000,
    "costAndExpenses": 7155000000,
    "interestIncome": 5000000,
    "interestExpense": 43000000,
    "depreciationAndAmortization": 140000000,
    "ebitda": 1090000000,
    "ebitdaratio": 0.1345679012,
    "operatingIncome": 945000000,
    "operatingIncomeRatio": 0.1166666667,
    "totalOtherIncomeExpensesNet": -38000000,
    "incomeBeforeTax": 907000000,
    "incomeBeforeTaxRatio": 0.1119753086,
    "incomeTaxExpense": 286000000,
    "netIncome": 618000000,
    "netIncomeRatio": 0.0762962963,
    "eps": 1.6,
    "epsdiluted": 1.6,
    "weightedAverageShsOut": 385000000,
    "weightedAverageShsOutDil": 387000000,
    "link": "https://www.sec.gov/Archives/edgar/data/40533/000119312509163762/0001193125-09-163762-index.htm",
    "finalLink": "https://www.sec.gov/Archives/edgar/data/40533/000119312509163762/d10q.htm"
  },
  {
    "date": "2009-04-05",
    "symbol": "GD",
    "reportedCurrency": "USD",
    "cik": "0000040533",
    "fillingDate": "2009-05-05",
    "acceptedDate": "2009-05-05 17:08:25",
    "calendarYear": "2009",
    "period": "Q1",
    "revenue": 8264000000,
    "costOfRevenue": 6849000000,
    "grossProfit": 1415000000,
    "grossProfitRatio": 0.1712245886,
    "researchAndDevelopmentExpenses": 0,
    "generalAndAdministrativeExpenses": 0,
    "sellingAndMarketingExpenses": 0,
    "sellingGeneralAndAdministrativeExpenses": 510000000,
    "otherExpenses": 0,
    "operatingExpenses": 510000000,
    "costAndExpenses": 7359000000,
    "interestIncome": 3000000,
    "interestExpense": 42000000,
    "depreciationAndAmortization": 139000000,
    "ebitda": 1050000000,
    "ebitdaratio": 0.1270571152,
    "operatingIncome": 905000000,
    "operatingIncomeRatio": 0.1095111326,
    "totalOtherIncomeExpensesNet": -36000000,
    "incomeBeforeTax": 869000000,
    "incomeBeforeTaxRatio": 0.1051548887,
    "incomeTaxExpense": 276000000,
    "netIncome": 590000000,
    "netIncomeRatio": 0.0713939981,
    "eps": 1.53,
    "epsdiluted": 1.53,
    "weightedAverageShsOut": 385845000,
    "weightedAverageShsOutDil": 386541000,
    "link": "https://www.sec.gov/Archives/edgar/data/40533/000119312509100091/0001193125-09-100091-index.htm",
    "finalLink": "https://www.sec.gov/Archives/edgar/data/40533/000119312509100091/d10q.htm"
  },
  {
    "date": "2008-12-31",
    "symbol": "GD",
    "reportedCurrency": "USD",
    "cik": "0000040533",
    "fillingDate": "2009-02-20",
    "acceptedDate": "2009-02-20 06:38:09",
    "calendarYear": "2008",
    "period": "Q4",
    "revenue": 7852000000,
    "costOfRevenue": 6914000000,
    "grossProfit": 938000000,
    "grossProfitRatio": 0.1194600102,
    "researchAndDevelopmentExpenses": 0,
    "generalAndAdministrativeExpenses": 0,
    "sellingAndMarketingExpenses": 0,
    "sellingGeneralAndAdministrativeExpenses": 0,
    "otherExpenses": 0,
    "operatingExpenses": 0,
    "costAndExpenses": 6914000000,
    "interestIncome": 0,
    "interestExpense": 0,
    "depreciationAndAmortization": 121000000,
    "ebitda": 1143000000,
    "ebitdaratio": 0.1455680082,
    "operatingIncome": 938000000,
    "operatingIncomeRatio": 0.1194600102,
    "totalOtherIncomeExpensesNet": -10000000,
    "incomeBeforeTax": 928000000,
    "incomeBeforeTaxRatio": 0.1181864493,
    "incomeTaxExpense": 298000000,
    "netIncome": 612000000,
    "netIncomeRatio": 0.0779419256,
    "eps": 1.53,
    "epsdiluted": 1.53,
    "weightedAverageShsOut": 388954000,
    "weightedAverageShsOutDil": 400000000,
    "link": "https://www.sec.gov/Archives/edgar/data/40533/000119312509033556/0001193125-09-033556-index.htm",
    "finalLink": "https://www.sec.gov/Archives/edgar/data/40533/000119312509033556/d10k.htm"
  },
  {
    "date": "2008-09-28",
    "symbol": "GD",
    "reportedCurrency": "USD",
    "cik": "0000040533",
    "fillingDate": "2008-11-04",
    "acceptedDate": "2008-11-04 16:10:23",
    "calendarYear": "2008",
    "period": "Q3",
    "revenue": 7140000000,
    "costOfRevenue": 5793000000,
    "grossProfit": 1347000000,
    "grossProfitRatio": 0.1886554622,
    "researchAndDevelopmentExpenses": 0,
    "generalAndAdministrativeExpenses": 0,
    "sellingAndMarketingExpenses": 0,
    "sellingGeneralAndAdministrativeExpenses": 414000000,
    "otherExpenses": 0,
    "operatingExpenses": 414000000,
    "costAndExpenses": 6207000000,
    "interestIncome": 16000000,
    "interestExpense": 27000000,
    "depreciationAndAmortization": 113000000,
    "ebitda": 1062000000,
    "ebitdaratio": 0.1487394958,
    "operatingIncome": 933000000,
    "operatingIncomeRatio": 0.1306722689,
    "totalOtherIncomeExpensesNet": -11000000,
    "incomeBeforeTax": 922000000,
    "incomeBeforeTaxRatio": 0.1291316527,
    "incomeTaxExpense": 288000000,
    "netIncome": 634000000,
    "netIncomeRatio": 0.0887955182,
    "eps": 1.6,
    "epsdiluted": 1.59,
    "weightedAverageShsOut": 396748000,
    "weightedAverageShsOutDil": 399777000,
    "link": "https://www.sec.gov/Archives/edgar/data/40533/000119312508224299/0001193125-08-224299-index.htm",
    "finalLink": "https://www.sec.gov/Archives/edgar/data/40533/000119312508224299/d10q.htm"
  },
  {
    "date": "2008-06-29",
    "symbol": "GD",
    "reportedCurrency": "USD",
    "cik": "0000040533",
    "fillingDate": "2008-08-05",
    "acceptedDate": "2008-08-05 17:14:45",
    "calendarYear": "2008",
    "period": "Q2",
    "revenue": 7303000000,
    "costOfRevenue": 6382000000,
    "grossProfit": 921000000,
    "grossProfitRatio": 0.1261125565,
    "researchAndDevelopmentExpenses": 0,
    "generalAndAdministrativeExpenses": 0,
    "sellingAndMarketingExpenses": 0,
    "sellingGeneralAndAdministrativeExpenses": 0,
    "otherExpenses": 0,
    "operatingExpenses": 0,
    "costAndExpenses": 6382000000,
    "interestIncome": 21000000,
    "interestExpense": 33000000,
    "depreciationAndAmortization": 111000000,
    "ebitda": 1053000000,
    "ebitdaratio": 0.1441873203,
    "operatingIncome": 921000000,
    "operatingIncomeRatio": 0.1261125565,
    "totalOtherIncomeExpensesNet": -12000000,
    "incomeBeforeTax": 909000000,
    "incomeBeforeTaxRatio": 0.1244693961,
    "incomeTaxExpense": 268000000,
    "netIncome": 641000000,
    "netIncomeRatio": 0.0877721484,
    "eps": 1.61,
    "epsdiluted": 1.6,
    "weightedAverageShsOut": 398491000,
    "weightedAverageShsOutDil": 401771000,
    "link": "https://www.sec.gov/Archives/edgar/data/40533/000119312508166642/0001193125-08-166642-index.htm",
    "finalLink": "https://www.sec.gov/Archives/edgar/data/40533/000119312508166642/d10q.htm"
  },
  {
    "date": "2008-03-30",
    "symbol": "GD",
    "reportedCurrency": "USD",
    "cik": "0000040533",
    "fillingDate": "2008-05-06",
    "acceptedDate": "2008-05-06 16:59:10",
    "calendarYear": "2008",
    "period": "Q1",
    "revenue": 7005000000,
    "costOfRevenue": 6144000000,
    "grossProfit": 861000000,
    "grossProfitRatio": 0.1229122056,
    "researchAndDevelopmentExpenses": 0,
    "generalAndAdministrativeExpenses": 0,
    "sellingAndMarketingExpenses": 0,
    "sellingGeneralAndAdministrativeExpenses": 0,
    "otherExpenses": 0,
    "operatingExpenses": 0,
    "costAndExpenses": 6144000000,
    "interestIncome": 0,
    "interestExpense": 0,
    "depreciationAndAmortization": 102000000,
    "ebitda": 963000000,
    "ebitdaratio": 0.1374732334,
    "operatingIncome": 861000000,
    "operatingIncomeRatio": 0.1229122056,
    "totalOtherIncomeExpensesNet": -16000000,
    "incomeBeforeTax": 845000000,
    "incomeBeforeTaxRatio": 0.1206281228,
    "incomeTaxExpense": 272000000,
    "netIncome": 572000000,
    "netIncomeRatio": 0.08165596,
    "eps": 1.43,
    "epsdiluted": 1.42,
    "weightedAverageShsOut": 400759000,
    "weightedAverageShsOutDil": 403858000,
    "link": "https://www.sec.gov/Archives/edgar/data/40533/000119312508104222/0001193125-08-104222-index.htm",
    "finalLink": "https://www.sec.gov/Archives/edgar/data/40533/000119312508104222/d10q.htm"
  },
  {
    "date": "2007-12-31",
    "symbol": "GD",
    "reportedCurrency": "USD",
    "cik": "0000040533",
    "fillingDate": "2008-02-22",
    "acceptedDate": "2008-02-22 08:38:05",
    "calendarYear": "2007",
    "period": "Q4",
    "revenue": 7515000000,
    "costOfRevenue": 6644000000,
    "grossProfit": 871000000,
    "grossProfitRatio": 0.1159015303,
    "researchAndDevelopmentExpenses": 0,
    "generalAndAdministrativeExpenses": 0,
    "sellingAndMarketingExpenses": 0,
    "sellingGeneralAndAdministrativeExpenses": 0,
    "otherExpenses": 0,
    "operatingExpenses": 0,
    "costAndExpenses": 6644000000,
    "interestIncome": 0,
    "interestExpense": 0,
    "depreciationAndAmortization": 111000000,
    "ebitda": 1047000000,
    "ebitdaratio": 0.1393213573,
    "operatingIncome": 871000000,
    "operatingIncomeRatio": 0.1159015303,
    "totalOtherIncomeExpensesNet": -11000000,
    "incomeBeforeTax": 860000000,
    "incomeBeforeTaxRatio": 0.1144377911,
    "incomeTaxExpense": 282000000,
    "netIncome": 579000000,
    "netIncomeRatio": 0.0770459082,
    "eps": 1.43,
    "epsdiluted": 1.43,
    "weightedAverageShsOut": 403846862,
    "weightedAverageShsOutDil": 404444444,
    "link": "https://www.sec.gov/Archives/edgar/data/40533/000119312508035841/0001193125-08-035841-index.htm",
    "finalLink": "https://www.sec.gov/Archives/edgar/data/40533/000119312508035841/d10k.htm"
  },
  {
    "date": "2007-09-30",
    "symbol": "GD",
    "reportedCurrency": "USD",
    "cik": "0000040533",
    "fillingDate": "2007-10-31",
    "acceptedDate": "2007-10-31 14:37:27",
    "calendarYear": "2007",
    "period": "Q3",
    "revenue": 6834000000,
    "costOfRevenue": 6033000000,
    "grossProfit": 801000000,
    "grossProfitRatio": 0.1172080773,
    "researchAndDevelopmentExpenses": 0,
    "generalAndAdministrativeExpenses": 0,
    "sellingAndMarketingExpenses": 0,
    "sellingGeneralAndAdministrativeExpenses": 0,
    "otherExpenses": 0,
    "operatingExpenses": 0,
    "costAndExpenses": 6033000000,
    "interestIncome": 0,
    "interestExpense": 0,
    "depreciationAndAmortization": 105000000,
    "ebitda": 906000000,
    "ebitdaratio": 0.132572432,
    "operatingIncome": 801000000,
    "operatingIncomeRatio": 0.1172080773,
    "totalOtherIncomeExpensesNet": -10000000,
    "incomeBeforeTax": 791000000,
    "incomeBeforeTaxRatio": 0.1157448054,
    "incomeTaxExpense": 247000000,
    "netIncome": 546000000,
    "netIncomeRatio": 0.0798946444,
    "eps": 1.35,
    "epsdiluted": 1.34,
    "weightedAverageShsOut": 404444444,
    "weightedAverageShsOutDil": 407462687,
    "link": "https://www.sec.gov/Archives/edgar/data/40533/000119312507230927/0001193125-07-230927-index.htm",
    "finalLink": "https://www.sec.gov/Archives/edgar/data/40533/000119312507230927/d10q.htm"
  },
  {
    "date": "2007-07-01",
    "symbol": "GD",
    "reportedCurrency": "USD",
    "cik": "0000040533",
    "fillingDate": "2007-08-01",
    "acceptedDate": "2007-08-01 16:07:48",
    "calendarYear": "2007",
    "period": "Q2",
    "revenue": 6591000000,
    "costOfRevenue": 5831000000,
    "grossProfit": 760000000,
    "grossProfitRatio": 0.1153087544,
    "researchAndDevelopmentExpenses": 0,
    "generalAndAdministrativeExpenses": 0,
    "sellingAndMarketingExpenses": 0,
    "sellingGeneralAndAdministrativeExpenses": 0,
    "otherExpenses": 0,
    "operatingExpenses": 0,
    "costAndExpenses": 5831000000,
    "interestIncome": 0,
    "interestExpense": 0,
    "depreciationAndAmortization": 106000000,
    "ebitda": 866000000,
    "ebitdaratio": 0.1313912912,
    "operatingIncome": 760000000,
    "operatingIncomeRatio": 0.1153087544,
    "totalOtherIncomeExpensesNet": -20000000,
    "incomeBeforeTax": 740000000,
    "incomeBeforeTaxRatio": 0.1122743135,
    "incomeTaxExpense": 222000000,
    "netIncome": 513000000,
    "netIncomeRatio": 0.0778334092,
    "eps": 1.27,
    "epsdiluted": 1.26,
    "weightedAverageShsOut": 403937008,
    "weightedAverageShsOutDil": 407142857,
    "link": "https://www.sec.gov/Archives/edgar/data/40533/000119312507168077/0001193125-07-168077-index.htm",
    "finalLink": "https://www.sec.gov/Archives/edgar/data/40533/000119312507168077/d10q.htm"
  },
  {
    "date": "2007-04-01",
    "symbol": "GD",
    "reportedCurrency": "USD",
    "cik": "0000040533",
    "fillingDate": "2007-05-02",
    "acceptedDate": "2007-05-02 16:04:26",
    "calendarYear": "2007",
    "period": "Q1",
    "revenue": 6300000000,
    "costOfRevenue": 5619000000,
    "grossProfit": 681000000,
    "grossProfitRatio": 0.1080952381,
    "researchAndDevelopmentExpenses": 0,
    "generalAndAdministrativeExpenses": 0,
    "sellingAndMarketingExpenses": 0,
    "sellingGeneralAndAdministrativeExpenses": 0,
    "otherExpenses": 0,
    "operatingExpenses": 0,
    "costAndExpenses": 5619000000,
    "interestIncome": 0,
    "interestExpense": 0,
    "depreciationAndAmortization": 101000000,
    "ebitda": 782000000,
    "ebitdaratio": 0.1241269841,
    "operatingIncome": 681000000,
    "operatingIncomeRatio": 0.1080952381,
    "totalOtherIncomeExpensesNet": -25000000,
    "incomeBeforeTax": 656000000,
    "incomeBeforeTaxRatio": 0.1041269841,
    "incomeTaxExpense": 216000000,
    "netIncome": 434000000,
    "netIncomeRatio": 0.0688888889,
    "eps": 1.07,
    "epsdiluted": 1.06,
    "weightedAverageShsOut": 405596000,
    "weightedAverageShsOutDil": 409435000,
    "link": "https://www.sec.gov/Archives/edgar/data/40533/000119312507099496/0001193125-07-099496-index.htm",
    "finalLink": "https://www.sec.gov/Archives/edgar/data/40533/000119312507099496/d10q.htm"
  },
  {
    "date": "2006-12-31",
    "symbol": "GD",
    "reportedCurrency": "USD",
    "cik": "0000040533",
    "fillingDate": "2007-02-23",
    "acceptedDate": "2007-02-23 09:41:41",
    "calendarYear": "2006",
    "period": "Q4",
    "revenue": 6514000000,
    "costOfRevenue": 6930000000,
    "grossProfit": -416000000,
    "grossProfitRatio": -0.0638624501,
    "researchAndDevelopmentExpenses": 0,
    "generalAndAdministrativeExpenses": 0,
    "sellingAndMarketingExpenses": 0,
    "sellingGeneralAndAdministrativeExpenses": 0,
    "otherExpenses": -1119000000,
    "operatingExpenses": -1119000000,
    "costAndExpenses": 5811000000,
    "interestIncome": 0,
    "interestExpense": 0,
    "depreciationAndAmortization": 110000000,
    "ebitda": 972000000,
    "ebitdaratio": 0.1492170709,
    "operatingIncome": 703000000,
    "operatingIncomeRatio": 0.1079214001,
    "totalOtherIncomeExpensesNet": -27000000,
    "incomeBeforeTax": 676000000,
    "incomeBeforeTaxRatio": 0.1037764814,
    "incomeTaxExpense": 213000000,
    "netIncome": 408000000,
    "netIncomeRatio": 0.0626343261,
    "eps": 1,
    "epsdiluted": 1,
    "weightedAverageShsOut": 403668145,
    "weightedAverageShsOutDil": 407000000,
    "link": "https://www.sec.gov/Archives/edgar/data/40533/000119312507037776/0001193125-07-037776-index.htm",
    "finalLink": "https://www.sec.gov/Archives/edgar/data/40533/000119312507037776/d10k.htm"
  },
  {
    "date": "2006-10-01",
    "symbol": "GD",
    "reportedCurrency": "USD",
    "cik": "0000040533",
    "fillingDate": "2006-11-02",
    "acceptedDate": "2006-11-02 10:25:26",
    "calendarYear": "2006",
    "period": "Q3",
    "revenue": 6069000000,
    "costOfRevenue": 5392000000,
    "grossProfit": 677000000,
    "grossProfitRatio": 0.1115505026,
    "researchAndDevelopmentExpenses": 0,
    "generalAndAdministrativeExpenses": 0,
    "sellingAndMarketingExpenses": 0,
    "sellingGeneralAndAdministrativeExpenses": 371000000,
    "otherExpenses": 0,
    "operatingExpenses": 371000000,
    "costAndExpenses": 5763000000,
    "interestIncome": 0,
    "interestExpense": 0,
    "depreciationAndAmortization": 97000000,
    "ebitda": 774000000,
    "ebitdaratio": 0.1275333663,
    "operatingIncome": 677000000,
    "operatingIncomeRatio": 0.1115505026,
    "totalOtherIncomeExpensesNet": -33000000,
    "incomeBeforeTax": 644000000,
    "incomeBeforeTaxRatio": 0.1061130334,
    "incomeTaxExpense": 204000000,
    "netIncome": 438000000,
    "netIncomeRatio": 0.0721700445,
    "eps": 1.09,
    "epsdiluted": 1.08,
    "weightedAverageShsOut": 401834862,
    "weightedAverageShsOutDil": 405555556,
    "link": "https://www.sec.gov/Archives/edgar/data/40533/000119312506221593/0001193125-06-221593-index.htm",
    "finalLink": "https://www.sec.gov/Archives/edgar/data/40533/000119312506221593/d10q.htm"
  },
  {
    "date": "2006-07-02",
    "symbol": "GD",
    "reportedCurrency": "USD",
    "cik": "0000040533",
    "fillingDate": "2006-08-03",
    "acceptedDate": "2006-08-03 11:45:35",
    "calendarYear": "2006",
    "period": "Q2",
    "revenue": 5934000000,
    "costOfRevenue": 4900000000,
    "grossProfit": 1034000000,
    "grossProfitRatio": 0.1742500843,
    "researchAndDevelopmentExpenses": 0,
    "generalAndAdministrativeExpenses": 0,
    "sellingAndMarketingExpenses": 0,
    "sellingGeneralAndAdministrativeExpenses": 385000000,
    "otherExpenses": 0,
    "operatingExpenses": 385000000,
    "costAndExpenses": 5285000000,
    "interestIncome": 0,
    "interestExpense": 0,
    "depreciationAndAmortization": 94000000,
    "ebitda": 743000000,
    "ebitdaratio": 0.1252106505,
    "operatingIncome": 649000000,
    "operatingIncomeRatio": 0.1093697337,
    "totalOtherIncomeExpensesNet": -21000000,
    "incomeBeforeTax": 628000000,
    "incomeBeforeTaxRatio": 0.1058308055,
    "incomeTaxExpense": 208000000,
    "netIncome": 636000000,
    "netIncomeRatio": 0.1071789687,
    "eps": 1.58,
    "epsdiluted": 1.56,
    "weightedAverageShsOut": 402531646,
    "weightedAverageShsOutDil": 407692308,
    "link": "https://www.sec.gov/Archives/edgar/data/40533/000119312506160527/0001193125-06-160527-index.htm",
    "finalLink": "https://www.sec.gov/Archives/edgar/data/40533/000119312506160527/d10q.htm"
  },
  {
    "date": "2006-04-02",
    "symbol": "GD",
    "reportedCurrency": "USD",
    "cik": "0000040533",
    "fillingDate": "2006-05-04",
    "acceptedDate": "2006-05-04 13:43:19",
    "calendarYear": "2006",
    "period": "Q1",
    "revenue": 5546000000,
    "costOfRevenue": 4950000000,
    "grossProfit": 596000000,
    "grossProfitRatio": 0.1074648395,
    "researchAndDevelopmentExpenses": 0,
    "generalAndAdministrativeExpenses": 0,
    "sellingAndMarketingExpenses": 0,
    "sellingGeneralAndAdministrativeExpenses": 364000000,
    "otherExpenses": 0,
    "operatingExpenses": 364000000,
    "costAndExpenses": 5314000000,
    "interestIncome": 0,
    "interestExpense": 0,
    "depreciationAndAmortization": 83000000,
    "ebitda": 679000000,
    "ebitdaratio": 0.1224305806,
    "operatingIncome": 596000000,
    "operatingIncomeRatio": 0.1074648395,
    "totalOtherIncomeExpensesNet": -23000000,
    "incomeBeforeTax": 579000000,
    "incomeBeforeTaxRatio": 0.1043995673,
    "incomeTaxExpense": 192000000,
    "netIncome": 374000000,
    "netIncomeRatio": 0.0674359899,
    "eps": 0.93,
    "epsdiluted": 0.92,
    "weightedAverageShsOut": 401469000,
    "weightedAverageShsOutDil": 404503000,
    "link": "https://www.sec.gov/Archives/edgar/data/40533/000119312506100022/0001193125-06-100022-index.htm",
    "finalLink": "https://www.sec.gov/Archives/edgar/data/40533/000119312506100022/d10q.htm"
  },
  {
    "date": "2005-12-31",
    "symbol": "GD",
    "reportedCurrency": "USD",
    "cik": "0000040533",
    "fillingDate": "2006-03-03",
    "acceptedDate": "2006-03-03 09:46:41",
    "calendarYear": "2005",
    "period": "Q4",
    "revenue": 5831000000,
    "costOfRevenue": 6174000000,
    "grossProfit": -343000000,
    "grossProfitRatio": -0.0588235294,
    "researchAndDevelopmentExpenses": 0,
    "generalAndAdministrativeExpenses": 0,
    "sellingAndMarketingExpenses": 0,
    "sellingGeneralAndAdministrativeExpenses": 0,
    "otherExpenses": -955000000,
    "operatingExpenses": -955000000,
    "costAndExpenses": 5219000000,
    "interestIncome": 0,
    "interestExpense": 0,
    "depreciationAndAmortization": 87000000,
    "ebitda": 874000000,
    "ebitdaratio": 0.1498885268,
    "operatingIncome": 612000000,
    "operatingIncomeRatio": 0.1049562682,
    "totalOtherIncomeExpensesNet": -1000000,
    "incomeBeforeTax": 611000000,
    "incomeBeforeTaxRatio": 0.1047847711,
    "incomeTaxExpense": 205000000,
    "netIncome": 406000000,
    "netIncomeRatio": 0.0696278511,
    "eps": 1,
    "epsdiluted": 1,
    "weightedAverageShsOut": 398532733,
    "weightedAverageShsOutDil": 406000000,
    "link": "https://www.sec.gov/Archives/edgar/data/40533/000119312506044567/0001193125-06-044567-index.htm",
    "finalLink": "https://www.sec.gov/Archives/edgar/data/40533/000119312506044567/d10k.htm"
  },
  {
    "date": "2005-10-02",
    "symbol": "GD",
    "reportedCurrency": "USD",
    "cik": "0000040533",
    "fillingDate": "2005-11-02",
    "acceptedDate": "2005-11-02 16:24:25",
    "calendarYear": "2005",
    "period": "Q3",
    "revenue": 5302000000,
    "costOfRevenue": 4410000000,
    "grossProfit": 892000000,
    "grossProfitRatio": 0.1682384006,
    "researchAndDevelopmentExpenses": 0,
    "generalAndAdministrativeExpenses": 0,
    "sellingAndMarketingExpenses": 0,
    "sellingGeneralAndAdministrativeExpenses": 317000000,
    "otherExpenses": 0,
    "operatingExpenses": 317000000,
    "costAndExpenses": 4727000000,
    "interestIncome": 0,
    "interestExpense": 0,
    "depreciationAndAmortization": 81000000,
    "ebitda": 656000000,
    "ebitdaratio": 0.1237268955,
    "operatingIncome": 575000000,
    "operatingIncomeRatio": 0.1084496416,
    "totalOtherIncomeExpensesNet": -34000000,
    "incomeBeforeTax": 525000000,
    "incomeBeforeTaxRatio": 0.099019238,
    "incomeTaxExpense": 177000000,
    "netIncome": 374000000,
    "netIncomeRatio": 0.0705394191,
    "eps": 0.93,
    "epsdiluted": 0.92,
    "weightedAverageShsOut": 402150538,
    "weightedAverageShsOutDil": 406521739,
    "link": "https://www.sec.gov/Archives/edgar/data/40533/000119312505214365/0001193125-05-214365-index.htm",
    "finalLink": "https://www.sec.gov/Archives/edgar/data/40533/000119312505214365/d10q.htm"
  },
  {
    "date": "2005-07-03",
    "symbol": "GD",
    "reportedCurrency": "USD",
    "cik": "0000040533",
    "fillingDate": "2005-08-04",
    "acceptedDate": "2005-08-04 09:59:51",
    "calendarYear": "2005",
    "period": "Q2",
    "revenue": 5137000000,
    "costOfRevenue": 4282000000,
    "grossProfit": 855000000,
    "grossProfitRatio": 0.1664395562,
    "researchAndDevelopmentExpenses": 0,
    "generalAndAdministrativeExpenses": 0,
    "sellingAndMarketingExpenses": 0,
    "sellingGeneralAndAdministrativeExpenses": 316000000,
    "otherExpenses": 0,
    "operatingExpenses": 316000000,
    "costAndExpenses": 4598000000,
    "interestIncome": 0,
    "interestExpense": 0,
    "depreciationAndAmortization": 79000000,
    "ebitda": 618000000,
    "ebitdaratio": 0.1203036792,
    "operatingIncome": 539000000,
    "operatingIncomeRatio": 0.1049250535,
    "totalOtherIncomeExpensesNet": -28000000,
    "incomeBeforeTax": 489000000,
    "incomeBeforeTaxRatio": 0.0951917462,
    "incomeTaxExpense": 173000000,
    "netIncome": 345000000,
    "netIncomeRatio": 0.0671598209,
    "eps": 0.86,
    "epsdiluted": 0.85,
    "weightedAverageShsOut": 401162791,
    "weightedAverageShsOutDil": 405882353,
    "link": "https://www.sec.gov/Archives/edgar/data/40533/000119312505157195/0001193125-05-157195-index.htm",
    "finalLink": "https://www.sec.gov/Archives/edgar/data/40533/000119312505157195/d10q.htm"
  },
  {
    "date": "2005-04-03",
    "symbol": "GD",
    "reportedCurrency": "USD",
    "cik": "0000040533",
    "fillingDate": "2005-05-05",
    "acceptedDate": "2005-05-05 10:37:09",
    "calendarYear": "2005",
    "period": "Q1",
    "revenue": 4800000000,
    "costOfRevenue": 4031000000,
    "grossProfit": 769000000,
    "grossProfitRatio": 0.1602083333,
    "researchAndDevelopmentExpenses": 0,
    "generalAndAdministrativeExpenses": 0,
    "sellingAndMarketingExpenses": 0,
    "sellingGeneralAndAdministrativeExpenses": 309000000,
    "otherExpenses": 0,
    "operatingExpenses": 309000000,
    "costAndExpenses": 4340000000,
    "interestIncome": 0,
    "interestExpense": 0,
    "depreciationAndAmortization": 84000000,
    "ebitda": 544000000,
    "ebitdaratio": 0.1133333333,
    "operatingIncome": 460000000,
    "operatingIncomeRatio": 0.0958333333,
    "totalOtherIncomeExpensesNet": -35000000,
    "incomeBeforeTax": 382000000,
    "incomeBeforeTaxRatio": 0.0795833333,
    "incomeTaxExpense": 72000000,
    "netIncome": 336000000,
    "netIncomeRatio": 0.07,
    "eps": 0.84,
    "epsdiluted": 0.83,
    "weightedAverageShsOut": 401114918,
    "weightedAverageShsOutDil": 404047548,
    "link": "https://www.sec.gov/Archives/edgar/data/40533/000119312505096820/0001193125-05-096820-index.htm",
    "finalLink": "https://www.sec.gov/Archives/edgar/data/40533/000119312505096820/d10q.htm"
  },
  {
    "date": "2004-12-31",
    "symbol": "GD",
    "reportedCurrency": "USD",
    "cik": "0000040533",
    "fillingDate": "2005-03-04",
    "acceptedDate": "2005-03-04 10:30:26",
    "calendarYear": "2004",
    "period": "Q4",
    "revenue": 4912000000,
    "costOfRevenue": 4406000000,
    "grossProfit": 506000000,
    "grossProfitRatio": 0.1030130293,
    "researchAndDevelopmentExpenses": 0,
    "generalAndAdministrativeExpenses": 0,
    "sellingAndMarketingExpenses": 0,
    "sellingGeneralAndAdministrativeExpenses": 0,
    "otherExpenses": -866000000,
    "operatingExpenses": -866000000,
    "costAndExpenses": 3540000000,
    "interestIncome": 0,
    "interestExpense": 0,
    "depreciationAndAmortization": 78000000,
    "ebitda": 1451000000,
    "ebitdaratio": 0.2953990228,
    "operatingIncome": 506000000,
    "operatingIncomeRatio": 0.1030130293,
    "totalOtherIncomeExpensesNet": -36000000,
    "incomeBeforeTax": 470000000,
    "incomeBeforeTaxRatio": 0.0956840391,
    "incomeTaxExpense": 163000000,
    "netIncome": 336000000,
    "netIncomeRatio": 0.0684039088,
    "eps": 0.83,
    "epsdiluted": 0.83,
    "weightedAverageShsOut": 400530846,
    "weightedAverageShsOutDil": 404000000,
    "link": "https://www.sec.gov/Archives/edgar/data/40533/000119312505042255/0001193125-05-042255-index.htm",
    "finalLink": "https://www.sec.gov/Archives/edgar/data/40533/000119312505042255/d10k.htm"
  },
  {
    "date": "2004-10-03",
    "symbol": "GD",
    "reportedCurrency": "USD",
    "cik": "0000040533",
    "fillingDate": "2004-11-05",
    "acceptedDate": "2004-11-05 12:16:52",
    "calendarYear": "2004",
    "period": "Q3",
    "revenue": 4647000000,
    "costOfRevenue": 3871000000,
    "grossProfit": 776000000,
    "grossProfitRatio": 0.1669894556,
    "researchAndDevelopmentExpenses": 0,
    "generalAndAdministrativeExpenses": 0,
    "sellingAndMarketingExpenses": 0,
    "sellingGeneralAndAdministrativeExpenses": 283000000,
    "otherExpenses": -6000000,
    "operatingExpenses": 277000000,
    "costAndExpenses": 4148000000,
    "interestIncome": 0,
    "interestExpense": 0,
    "depreciationAndAmortization": 80000000,
    "ebitda": 579000000,
    "ebitdaratio": 0.1245965139,
    "operatingIncome": 499000000,
    "operatingIncomeRatio": 0.1073811061,
    "totalOtherIncomeExpensesNet": -36000000,
    "incomeBeforeTax": 469000000,
    "incomeBeforeTaxRatio": 0.1009253282,
    "incomeTaxExpense": 143000000,
    "netIncome": 322000000,
    "netIncomeRatio": 0.0692920164,
    "eps": 0.81,
    "epsdiluted": 0.8,
    "weightedAverageShsOut": 400000000,
    "weightedAverageShsOutDil": 402500000,
    "link": "https://www.sec.gov/Archives/edgar/data/40533/000095013304004088/0000950133-04-004088-index.htm",
    "finalLink": "https://www.sec.gov/Archives/edgar/data/40533/000095013304004088/w68291e10vq.htm"
  },
  {
    "date": "2004-07-04",
    "symbol": "GD",
    "reportedCurrency": "USD",
    "cik": "0000040533",
    "fillingDate": "2004-08-06",
    "acceptedDate": "2004-08-06 09:12:41",
    "calendarYear": "2004",
    "period": "Q2",
    "revenue": 4652000000,
    "costOfRevenue": 3894000000,
    "grossProfit": 758000000,
    "grossProfitRatio": 0.1629406707,
    "researchAndDevelopmentExpenses": 0,
    "generalAndAdministrativeExpenses": 0,
    "sellingAndMarketingExpenses": 0,
    "sellingGeneralAndAdministrativeExpenses": 273000000,
    "otherExpenses": 0,
    "operatingExpenses": 273000000,
    "costAndExpenses": 4167000000,
    "interestIncome": 0,
    "interestExpense": 0,
    "depreciationAndAmortization": 83000000,
    "ebitda": 568000000,
    "ebitdaratio": 0.1220980224,
    "operatingIncome": 485000000,
    "operatingIncomeRatio": 0.1042562339,
    "totalOtherIncomeExpensesNet": -51000000,
    "incomeBeforeTax": 443000000,
    "incomeBeforeTaxRatio": 0.095227859,
    "incomeTaxExpense": 144000000,
    "netIncome": 300000000,
    "netIncomeRatio": 0.0644883921,
    "eps": 0.76,
    "epsdiluted": 0.75,
    "weightedAverageShsOut": 397350993,
    "weightedAverageShsOutDil": 402684564,
    "link": "https://www.sec.gov/Archives/edgar/data/40533/000095013304003060/0000950133-04-003060-index.htm",
    "finalLink": "https://www.sec.gov/Archives/edgar/data/40533/000095013304003060/w99657e10vq.htm"
  },
  {
    "date": "2004-04-04",
    "symbol": "GD",
    "reportedCurrency": "USD",
    "cik": "0000040533",
    "fillingDate": "2004-05-06",
    "acceptedDate": "2004-05-06 08:42:17",
    "calendarYear": "2004",
    "period": "Q1",
    "revenue": 4646000000,
    "costOfRevenue": 3921000000,
    "grossProfit": 725000000,
    "grossProfitRatio": 0.1560482135,
    "researchAndDevelopmentExpenses": 0,
    "generalAndAdministrativeExpenses": 0,
    "sellingAndMarketingExpenses": 0,
    "sellingGeneralAndAdministrativeExpenses": 289000000,
    "otherExpenses": 0,
    "operatingExpenses": 289000000,
    "costAndExpenses": 4210000000,
    "interestIncome": 0,
    "interestExpense": 0,
    "depreciationAndAmortization": 75000000,
    "ebitda": 511000000,
    "ebitdaratio": 0.1099870857,
    "operatingIncome": 436000000,
    "operatingIncomeRatio": 0.093844167,
    "totalOtherIncomeExpensesNet": -39000000,
    "incomeBeforeTax": 403000000,
    "incomeBeforeTaxRatio": 0.0867412828,
    "incomeTaxExpense": 132000000,
    "netIncome": 269000000,
    "netIncomeRatio": 0.0578992682,
    "eps": 0.68,
    "epsdiluted": 0.67,
    "weightedAverageShsOut": 396879034,
    "weightedAverageShsOutDil": 400606364,
    "link": "https://www.sec.gov/Archives/edgar/data/40533/000095013304001796/0000950133-04-001796-index.htm",
    "finalLink": "https://www.sec.gov/Archives/edgar/data/40533/000095013304001796/w97014e10vq.htm"
  },
  {
    "date": "2003-12-31",
    "symbol": "GD",
    "reportedCurrency": "USD",
    "cik": "0000040533",
    "fillingDate": "2004-03-05",
    "acceptedDate": "2004-03-05 09:40:51",
    "calendarYear": "2003",
    "period": "Q4",
    "revenue": 4834000000,
    "costOfRevenue": 5187000000,
    "grossProfit": -353000000,
    "grossProfitRatio": -0.0730244104,
    "researchAndDevelopmentExpenses": 0,
    "generalAndAdministrativeExpenses": 0,
    "sellingAndMarketingExpenses": 0,
    "sellingGeneralAndAdministrativeExpenses": 0,
    "otherExpenses": -767000000,
    "operatingExpenses": -767000000,
    "costAndExpenses": 4420000000,
    "interestIncome": 0,
    "interestExpense": 0,
    "depreciationAndAmortization": 84000000,
    "ebitda": 511000000,
    "ebitdaratio": 0.1057095573,
    "operatingIncome": 414000000,
    "operatingIncomeRatio": 0.0856433595,
    "totalOtherIncomeExpensesNet": -39000000,
    "incomeBeforeTax": 375000000,
    "incomeBeforeTaxRatio": 0.0775755068,
    "incomeTaxExpense": 96000000,
    "netIncome": 279000000,
    "netIncomeRatio": 0.0577161771,
    "eps": 0.7,
    "epsdiluted": 0.7,
    "weightedAverageShsOut": 395496000,
    "weightedAverageShsOutDil": 400000000,
    "link": "https://www.sec.gov/Archives/edgar/data/40533/000095013304000738/0000950133-04-000738-index.htm",
    "finalLink": "https://www.sec.gov/Archives/edgar/data/40533/000095013304000738/w94591e10vk.htm"
  },
  {
    "date": "2003-09-28",
    "symbol": "GD",
    "reportedCurrency": "USD",
    "cik": "0000040533",
    "fillingDate": "2003-11-05",
    "acceptedDate": "2003-11-05 17:25:15",
    "calendarYear": "2003",
    "period": "Q3",
    "revenue": 4427000000,
    "costOfRevenue": 3797000000,
    "grossProfit": 630000000,
    "grossProfitRatio": 0.1423085611,
    "researchAndDevelopmentExpenses": 0,
    "generalAndAdministrativeExpenses": 0,
    "sellingAndMarketingExpenses": 0,
    "sellingGeneralAndAdministrativeExpenses": 273000000,
    "otherExpenses": 0,
    "operatingExpenses": 273000000,
    "costAndExpenses": 4070000000,
    "interestIncome": 0,
    "interestExpense": 0,
    "depreciationAndAmortization": 80000000,
    "ebitda": 437000000,
    "ebitdaratio": 0.0987124464,
    "operatingIncome": 357000000,
    "operatingIncomeRatio": 0.080641518,
    "totalOtherIncomeExpensesNet": -32000000,
    "incomeBeforeTax": 325000000,
    "incomeBeforeTaxRatio": 0.0734131466,
    "incomeTaxExpense": 70000000,
    "netIncome": 262000000,
    "netIncomeRatio": 0.0591822905,
    "eps": 0.67,
    "epsdiluted": 0.66,
    "weightedAverageShsOut": 394622000,
    "weightedAverageShsOutDil": 398044000,
    "link": "https://www.sec.gov/Archives/edgar/data/40533/000095013303003684/0000950133-03-003684-index.htm",
    "finalLink": "https://www.sec.gov/Archives/edgar/data/40533/000095013303003684/w91235e10vq.htm"
  },
  {
    "date": "2003-06-29",
    "symbol": "GD",
    "reportedCurrency": "USD",
    "cik": "0000040533",
    "fillingDate": "2003-08-07",
    "acceptedDate": "2003-08-07 16:33:13",
    "calendarYear": "2003",
    "period": "Q2",
    "revenue": 3935000000,
    "costOfRevenue": 3557000000,
    "grossProfit": 378000000,
    "grossProfitRatio": 0.0960609911,
    "researchAndDevelopmentExpenses": 0,
    "generalAndAdministrativeExpenses": 0,
    "sellingAndMarketingExpenses": 0,
    "sellingGeneralAndAdministrativeExpenses": 0,
    "otherExpenses": 0,
    "operatingExpenses": 0,
    "costAndExpenses": 3557000000,
    "interestIncome": 0,
    "interestExpense": 0,
    "depreciationAndAmortization": 56000000,
    "ebitda": 434000000,
    "ebitdaratio": 0.110292249,
    "operatingIncome": 378000000,
    "operatingIncomeRatio": 0.0960609911,
    "totalOtherIncomeExpensesNet": -17000000,
    "incomeBeforeTax": 361000000,
    "incomeBeforeTaxRatio": 0.0917407878,
    "incomeTaxExpense": 119000000,
    "netIncome": 242000000,
    "netIncomeRatio": 0.0614993647,
    "eps": 0.62,
    "epsdiluted": 0.61,
    "weightedAverageShsOut": 394448000,
    "weightedAverageShsOutDil": 397158000,
    "link": "https://www.sec.gov/Archives/edgar/data/40533/000095013303002735/0000950133-03-002735-index.htm",
    "finalLink": "https://www.sec.gov/Archives/edgar/data/40533/000095013303002735/w88976e10vq.htm"
  },
  {
    "date": "2003-03-30",
    "symbol": "GD",
    "reportedCurrency": "USD",
    "cik": "0000040533",
    "fillingDate": "2003-05-06",
    "acceptedDate": "2003-05-06 11:47:16",
    "calendarYear": "2003",
    "period": "Q1",
    "revenue": 3421000000,
    "costOfRevenue": 3103000000,
    "grossProfit": 318000000,
    "grossProfitRatio": 0.0929552762,
    "researchAndDevelopmentExpenses": 0,
    "generalAndAdministrativeExpenses": 0,
    "sellingAndMarketingExpenses": 0,
    "sellingGeneralAndAdministrativeExpenses": 0,
    "otherExpenses": 0,
    "operatingExpenses": 0,
    "costAndExpenses": 3103000000,
    "interestIncome": 0,
    "interestExpense": 0,
    "depreciationAndAmortization": 57000000,
    "ebitda": 375000000,
    "ebitdaratio": 0.109617071,
    "operatingIncome": 318000000,
    "operatingIncomeRatio": 0.0929552762,
    "totalOtherIncomeExpensesNet": -7000000,
    "incomeBeforeTax": 311000000,
    "incomeBeforeTaxRatio": 0.0909090909,
    "incomeTaxExpense": 90000000,
    "netIncome": 221000000,
    "netIncomeRatio": 0.0646009939,
    "eps": 0.56,
    "epsdiluted": 0.56,
    "weightedAverageShsOut": 397756000,
    "weightedAverageShsOutDil": 399436000,
    "link": "https://www.sec.gov/Archives/edgar/data/40533/000095013303001667/0000950133-03-001667-index.htm",
    "finalLink": "https://www.sec.gov/Archives/edgar/data/40533/000095013303001667/w86146e10vq.htm"
  },
  {
    "date": "2002-12-31",
    "symbol": "GD",
    "reportedCurrency": "USD",
    "cik": "0000040533",
    "fillingDate": "2003-03-24",
    "acceptedDate": "2003-03-24 17:21:30",
    "calendarYear": "2002",
    "period": "Q4",
    "revenue": 3908000000,
    "costOfRevenue": 4148000000,
    "grossProfit": -240000000,
    "grossProfitRatio": -0.0614124872,
    "researchAndDevelopmentExpenses": 0,
    "generalAndAdministrativeExpenses": 0,
    "sellingAndMarketingExpenses": 0,
    "sellingGeneralAndAdministrativeExpenses": 0,
    "otherExpenses": -639000000,
    "operatingExpenses": -639000000,
    "costAndExpenses": 3509000000,
    "interestIncome": 0,
    "interestExpense": 0,
    "depreciationAndAmortization": 44000000,
    "ebitda": 503000000,
    "ebitdaratio": 0.1287103378,
    "operatingIncome": 399000000,
    "operatingIncomeRatio": 0.10209826,
    "totalOtherIncomeExpensesNet": 28000000,
    "incomeBeforeTax": 427000000,
    "incomeBeforeTaxRatio": 0.1092630502,
    "incomeTaxExpense": 136000000,
    "netIncome": 157000000,
    "netIncomeRatio": 0.040174002,
    "eps": 0.39,
    "epsdiluted": 0.39,
    "weightedAverageShsOut": 401958000,
    "weightedAverageShsOutDil": 406000000,
    "link": "https://www.sec.gov/Archives/edgar/data/40533/000095013303000882/0000950133-03-000882-index.htm",
    "finalLink": "https://www.sec.gov/Archives/edgar/data/40533/000095013303000882/w84261e10vk.htm"
  },
  {
    "date": "2002-09-29",
    "symbol": "GD",
    "reportedCurrency": "USD",
    "cik": "0000040533",
    "fillingDate": "2002-11-12",
    "acceptedDate": "2002-11-12 08:54:25",
    "calendarYear": "2002",
    "period": "Q3",
    "revenue": 3289000000,
    "costOfRevenue": 2671000000,
    "grossProfit": 618000000,
    "grossProfitRatio": 0.1878990575,
    "researchAndDevelopmentExpenses": 0,
    "generalAndAdministrativeExpenses": 0,
    "sellingAndMarketingExpenses": 0,
    "sellingGeneralAndAdministrativeExpenses": 189000000,
    "otherExpenses": 5000000,
    "operatingExpenses": 194000000,
    "costAndExpenses": 2865000000,
    "interestIncome": 0,
    "interestExpense": 0,
    "depreciationAndAmortization": 58000000,
    "ebitda": 481000000,
    "ebitdaratio": 0.1462450593,
    "operatingIncome": 424000000,
    "operatingIncomeRatio": 0.1289145637,
    "totalOtherIncomeExpensesNet": -3000000,
    "incomeBeforeTax": 405000000,
    "incomeBeforeTaxRatio": 0.1231377318,
    "incomeTaxExpense": 143000000,
    "netIncome": 268000000,
    "netIncomeRatio": 0.0814837337,
    "eps": 0.67,
    "epsdiluted": 0.66,
    "weightedAverageShsOut": 403254000,
    "weightedAverageShsOutDil": 406242000,
    "link": "https://www.sec.gov/Archives/edgar/data/40533/000095013302003657/0000950133-02-003657-index.htm",
    "finalLink": "https://www.sec.gov/Archives/edgar/data/40533/000095013302003657/w64756e10vq.htm"
  },
  {
    "date": "2002-06-30",
    "symbol": "GD",
    "reportedCurrency": "USD",
    "cik": "0000040533",
    "fillingDate": "2002-08-14",
    "acceptedDate": "2002-08-14 14:59:47",
    "calendarYear": "2002",
    "period": "Q2",
    "revenue": 3506000000,
    "costOfRevenue": 3083000000,
    "grossProfit": 423000000,
    "grossProfitRatio": 0.1206503137,
    "researchAndDevelopmentExpenses": 0,
    "generalAndAdministrativeExpenses": 0,
    "sellingAndMarketingExpenses": 0,
    "sellingGeneralAndAdministrativeExpenses": 224000000,
    "otherExpenses": 0,
    "operatingExpenses": 224000000,
    "costAndExpenses": 3307000000,
    "interestIncome": 0,
    "interestExpense": 0,
    "depreciationAndAmortization": 56000000,
    "ebitda": 479000000,
    "ebitdaratio": 0.1366229321,
    "operatingIncome": 423000000,
    "operatingIncomeRatio": 0.1206503137,
    "totalOtherIncomeExpensesNet": -8000000,
    "incomeBeforeTax": 402000000,
    "incomeBeforeTaxRatio": 0.1146605819,
    "incomeTaxExpense": 143000000,
    "netIncome": 263000000,
    "netIncomeRatio": 0.0750142613,
    "eps": 0.65,
    "epsdiluted": 0.65,
    "weightedAverageShsOut": 403654000,
    "weightedAverageShsOutDil": 407672000,
    "link": "https://www.sec.gov/Archives/edgar/data/40533/000095013302002965/0000950133-02-002965-index.htm",
    "finalLink": "https://www.sec.gov/Archives/edgar/data/40533/000095013302002965/w63040e10vq.htm"
  },
  {
    "date": "2002-03-31",
    "symbol": "GD",
    "reportedCurrency": "USD",
    "cik": "0000040533",
    "fillingDate": "2002-05-15",
    "acceptedDate": "2002-05-15 15:22:23",
    "calendarYear": "2002",
    "period": "Q1",
    "revenue": 3102000000,
    "costOfRevenue": 2733000000,
    "grossProfit": 369000000,
    "grossProfitRatio": 0.1189555126,
    "researchAndDevelopmentExpenses": 0,
    "generalAndAdministrativeExpenses": 0,
    "sellingAndMarketingExpenses": 0,
    "sellingGeneralAndAdministrativeExpenses": 0,
    "otherExpenses": 0,
    "operatingExpenses": 0,
    "costAndExpenses": 2733000000,
    "interestIncome": 0,
    "interestExpense": 0,
    "depreciationAndAmortization": 52000000,
    "ebitda": 421000000,
    "ebitdaratio": 0.135718891,
    "operatingIncome": 369000000,
    "operatingIncomeRatio": 0.1189555126,
    "totalOtherIncomeExpensesNet": -15000000,
    "incomeBeforeTax": 350000000,
    "incomeBeforeTaxRatio": 0.112830432,
    "incomeTaxExpense": 122000000,
    "netIncome": 229000000,
    "netIncomeRatio": 0.0738233398,
    "eps": 0.57,
    "epsdiluted": 0.56,
    "weightedAverageShsOut": 401986000,
    "weightedAverageShsOutDil": 405406000,
    "link": "https://www.sec.gov/Archives/edgar/data/40533/000095013302002008/0000950133-02-002008-index.htm",
    "finalLink": "https://www.sec.gov/Archives/edgar/data/40533/000095013302002008/w60644e10-q.htm"
  },
  {
    "date": "2001-12-31",
    "symbol": "GD",
    "reportedCurrency": "USD",
    "cik": "0000040533",
    "fillingDate": "2002-03-29",
    "acceptedDate": "2002-03-29 00:00:00",
    "calendarYear": "2001",
    "period": "Q4",
    "revenue": 3508000000,
    "costOfRevenue": 3681000000,
    "grossProfit": -173000000,
    "grossProfitRatio": -0.0493158495,
    "researchAndDevelopmentExpenses": 0,
    "generalAndAdministrativeExpenses": 0,
    "sellingAndMarketingExpenses": 0,
    "sellingGeneralAndAdministrativeExpenses": 0,
    "otherExpenses": -577000000,
    "operatingExpenses": -577000000,
    "costAndExpenses": 3104000000,
    "interestIncome": 0,
    "interestExpense": 0,
    "depreciationAndAmortization": 76000000,
    "ebitda": 487000000,
    "ebitdaratio": 0.1388255416,
    "operatingIncome": 404000000,
    "operatingIncomeRatio": 0.1151653364,
    "totalOtherIncomeExpensesNet": -21000000,
    "incomeBeforeTax": 383000000,
    "incomeBeforeTaxRatio": 0.1091790194,
    "incomeTaxExpense": 137000000,
    "netIncome": 246000000,
    "netIncomeRatio": 0.0701254276,
    "eps": 0.61,
    "epsdiluted": 0.61,
    "weightedAverageShsOut": 402904000,
    "weightedAverageShsOutDil": 402904000,
    "link": "https://www.sec.gov/Archives/edgar/data/40533/000095013302001284/0000950133-02-001284-index.htm",
    "finalLink": "https://www.sec.gov/Archives/edgar/data/40533/000095013302001284/w58696e10-k405.htm"
  },
  {
    "date": "2001-09-30",
    "symbol": "GD",
    "reportedCurrency": "USD",
    "cik": "0000040533",
    "fillingDate": "2001-11-13",
    "acceptedDate": "2001-11-13 00:00:00",
    "calendarYear": "2001",
    "period": "Q3",
    "revenue": 3020000000,
    "costOfRevenue": 2458000000,
    "grossProfit": 562000000,
    "grossProfitRatio": 0.1860927152,
    "researchAndDevelopmentExpenses": 0,
    "generalAndAdministrativeExpenses": 0,
    "sellingAndMarketingExpenses": 0,
    "sellingGeneralAndAdministrativeExpenses": 186000000,
    "otherExpenses": 0,
    "operatingExpenses": 186000000,
    "costAndExpenses": 2644000000,
    "interestIncome": 0,
    "interestExpense": 0,
    "depreciationAndAmortization": 68000000,
    "ebitda": 444000000,
    "ebitdaratio": 0.1470198675,
    "operatingIncome": 376000000,
    "operatingIncomeRatio": 0.1245033113,
    "totalOtherIncomeExpensesNet": -18000000,
    "incomeBeforeTax": 358000000,
    "incomeBeforeTaxRatio": 0.1185430464,
    "incomeTaxExpense": 128000000,
    "netIncome": 230000000,
    "netIncomeRatio": 0.0761589404,
    "eps": 0.57,
    "epsdiluted": 0.56,
    "weightedAverageShsOut": 402904000,
    "weightedAverageShsOutDil": 407140000,
    "link": "https://www.sec.gov/Archives/edgar/data/40533/000095013301503208/0000950133-01-503208-index.htm",
    "finalLink": "https://www.sec.gov/Archives/edgar/data/40533/000095013301503208/w54810e10-q.htm"
  },
  {
    "date": "2001-07-01",
    "symbol": "GD",
    "reportedCurrency": "USD",
    "cik": "0000040533",
    "fillingDate": "2001-08-14",
    "acceptedDate": "2001-08-14 00:00:00",
    "calendarYear": "2001",
    "period": "Q2",
    "revenue": 2962000000,
    "costOfRevenue": 2382000000,
    "grossProfit": 580000000,
    "grossProfitRatio": 0.1958136394,
    "researchAndDevelopmentExpenses": 0,
    "generalAndAdministrativeExpenses": 0,
    "sellingAndMarketingExpenses": 0,
    "sellingGeneralAndAdministrativeExpenses": 209000000,
    "otherExpenses": 18000000,
    "operatingExpenses": 227000000,
    "costAndExpenses": 2609000000,
    "interestIncome": 0,
    "interestExpense": 0,
    "depreciationAndAmortization": 67000000,
    "ebitda": 420000000,
    "ebitdaratio": 0.1417960837,
    "operatingIncome": 353000000,
    "operatingIncomeRatio": 0.1191762323,
    "totalOtherIncomeExpensesNet": 0,
    "incomeBeforeTax": 353000000,
    "incomeBeforeTaxRatio": 0.1191762323,
    "incomeTaxExpense": 126000000,
    "netIncome": 227000000,
    "netIncomeRatio": 0.0766374072,
    "eps": 0.56,
    "epsdiluted": 0.56,
    "weightedAverageShsOut": 402058000,
    "weightedAverageShsOutDil": 406020000,
    "link": "https://www.sec.gov/Archives/edgar/data/40533/000095013301502302/0000950133-01-502302-index.htm",
    "finalLink": "https://www.sec.gov/Archives/edgar/data/40533/000095013301502302/w52274e10-q.htm"
  },
  {
    "date": "2001-04-01",
    "symbol": "GD",
    "reportedCurrency": "USD",
    "cik": "0000040533",
    "fillingDate": "2001-05-16",
    "acceptedDate": "2001-05-16 00:00:00",
    "calendarYear": "2001",
    "period": "Q1",
    "revenue": 2673000000,
    "costOfRevenue": 2157000000,
    "grossProfit": 516000000,
    "grossProfitRatio": 0.1930415264,
    "researchAndDevelopmentExpenses": 0,
    "generalAndAdministrativeExpenses": 0,
    "sellingAndMarketingExpenses": 0,
    "sellingGeneralAndAdministrativeExpenses": 182000000,
    "otherExpenses": 0,
    "operatingExpenses": 182000000,
    "costAndExpenses": 2339000000,
    "interestIncome": 0,
    "interestExpense": 0,
    "depreciationAndAmortization": 60000000,
    "ebitda": 394000000,
    "ebitdaratio": 0.1473999252,
    "operatingIncome": 334000000,
    "operatingIncomeRatio": 0.1249532361,
    "totalOtherIncomeExpensesNet": -4000000,
    "incomeBeforeTax": 330000000,
    "incomeBeforeTaxRatio": 0.1234567901,
    "incomeTaxExpense": 90000000,
    "netIncome": 240000000,
    "netIncomeRatio": 0.0897867565,
    "eps": 0.6,
    "epsdiluted": 0.6,
    "weightedAverageShsOut": 400802000,
    "weightedAverageShsOutDil": 404350000,
    "link": "https://www.sec.gov/Archives/edgar/data/40533/000095013301501214/0000950133-01-501214-index.htm",
    "finalLink": "https://www.sec.gov/Archives/edgar/data/40533/000095013301501214/w49173e10-q.txt"
  },
  {
    "date": "2000-12-31",
    "symbol": "GD",
    "reportedCurrency": "USD",
    "cik": "0000040533",
    "fillingDate": "2001-03-29",
    "acceptedDate": "2001-03-29 00:00:00",
    "calendarYear": "2000",
    "period": "Q4",
    "revenue": 2691000000,
    "costOfRevenue": 2113000000,
    "grossProfit": 578000000,
    "grossProfitRatio": 0.2147900409,
    "researchAndDevelopmentExpenses": 0,
    "generalAndAdministrativeExpenses": 0,
    "sellingAndMarketingExpenses": 0,
    "sellingGeneralAndAdministrativeExpenses": 172000000,
    "otherExpenses": 55000000,
    "operatingExpenses": 227000000,
    "costAndExpenses": 2340000000,
    "interestIncome": 0,
    "interestExpense": 0,
    "depreciationAndAmortization": 55000000,
    "ebitda": 406000000,
    "ebitdaratio": 0.1508732813,
    "operatingIncome": 351000000,
    "operatingIncomeRatio": 0.1304347826,
    "totalOtherIncomeExpensesNet": -10000000,
    "incomeBeforeTax": 341000000,
    "incomeBeforeTaxRatio": 0.1267186919,
    "incomeTaxExpense": 122000000,
    "netIncome": 219000000,
    "netIncomeRatio": 0.0813823857,
    "eps": 0.55,
    "epsdiluted": 0.55,
    "weightedAverageShsOut": 399368000,
    "weightedAverageShsOutDil": 401000000,
    "link": "https://www.sec.gov/Archives/edgar/data/40533/000095013301001070/0000950133-01-001070-index.htm",
    "finalLink": "https://www.sec.gov/Archives/edgar/data/40533/000095013301001070/w46524e10-k.htm"
  },
  {
    "date": "2000-10-01",
    "symbol": "GD",
    "reportedCurrency": "USD",
    "cik": "0000040533",
    "fillingDate": "2000-11-13",
    "acceptedDate": "2000-11-13 00:00:00",
    "calendarYear": "2000",
    "period": "Q3",
    "revenue": 2502000000,
    "costOfRevenue": 1950000000,
    "grossProfit": 552000000,
    "grossProfitRatio": 0.2206235012,
    "researchAndDevelopmentExpenses": 0,
    "generalAndAdministrativeExpenses": 0,
    "sellingAndMarketingExpenses": 0,
    "sellingGeneralAndAdministrativeExpenses": 155000000,
    "otherExpenses": 60000000,
    "operatingExpenses": 215000000,
    "costAndExpenses": 2165000000,
    "interestIncome": 0,
    "interestExpense": 0,
    "depreciationAndAmortization": 60000000,
    "ebitda": 397000000,
    "ebitdaratio": 0.1586730616,
    "operatingIncome": 337000000,
    "operatingIncomeRatio": 0.1346922462,
    "totalOtherIncomeExpensesNet": -20000000,
    "incomeBeforeTax": 317000000,
    "incomeBeforeTaxRatio": 0.1266986411,
    "incomeTaxExpense": 23000000,
    "netIncome": 294000000,
    "netIncomeRatio": 0.1175059952,
    "eps": 0.74,
    "epsdiluted": 0.74,
    "weightedAverageShsOut": 397350000,
    "weightedAverageShsOutDil": 401174000,
    "link": "https://www.sec.gov/Archives/edgar/data/40533/000095013300004466/0000950133-00-004466-index.htm",
    "finalLink": "https://www.sec.gov/Archives/edgar/data/40533/000095013300004466/w42338e10-q.txt"
  },
  {
    "date": "2000-07-02",
    "symbol": "GD",
    "reportedCurrency": "USD",
    "cik": "0000040533",
    "fillingDate": "2000-08-14",
    "acceptedDate": "2000-08-14 00:00:00",
    "calendarYear": "2000",
    "period": "Q2",
    "revenue": 2617000000,
    "costOfRevenue": 2064000000,
    "grossProfit": 553000000,
    "grossProfitRatio": 0.2113106611,
    "researchAndDevelopmentExpenses": 0,
    "generalAndAdministrativeExpenses": 0,
    "sellingAndMarketingExpenses": 0,
    "sellingGeneralAndAdministrativeExpenses": 163000000,
    "otherExpenses": 55000000,
    "operatingExpenses": 218000000,
    "costAndExpenses": 2282000000,
    "interestIncome": 0,
    "interestExpense": 0,
    "depreciationAndAmortization": 55000000,
    "ebitda": 390000000,
    "ebitdaratio": 0.1490256018,
    "operatingIncome": 335000000,
    "operatingIncomeRatio": 0.1280091708,
    "totalOtherIncomeExpensesNet": -17000000,
    "incomeBeforeTax": 318000000,
    "incomeBeforeTaxRatio": 0.121513183,
    "incomeTaxExpense": 114000000,
    "netIncome": 204000000,
    "netIncomeRatio": 0.0779518533,
    "eps": 0.51,
    "epsdiluted": 0.51,
    "weightedAverageShsOut": 400208000,
    "weightedAverageShsOutDil": 403684000,
    "link": "https://www.sec.gov/Archives/edgar/data/40533/000095013300003457/0000950133-00-003457-index.htm",
    "finalLink": "https://www.sec.gov/Archives/edgar/data/40533/000095013300003457/e10-q.txt"
  },
  {
    "date": "2000-04-02",
    "symbol": "GD",
    "reportedCurrency": "USD",
    "cik": "0000040533",
    "fillingDate": "2000-05-12",
    "acceptedDate": "2000-05-12 00:00:00",
    "calendarYear": "2000",
    "period": "Q1",
    "revenue": 2546000000,
    "costOfRevenue": 2083000000,
    "grossProfit": 463000000,
    "grossProfitRatio": 0.1818538885,
    "researchAndDevelopmentExpenses": 0,
    "generalAndAdministrativeExpenses": 0,
    "sellingAndMarketingExpenses": 0,
    "sellingGeneralAndAdministrativeExpenses": 157000000,
    "otherExpenses": 0,
    "operatingExpenses": 157000000,
    "costAndExpenses": 2240000000,
    "interestIncome": 0,
    "interestExpense": 0,
    "depreciationAndAmortization": 56000000,
    "ebitda": 362000000,
    "ebitdaratio": 0.1421838178,
    "operatingIncome": 306000000,
    "operatingIncomeRatio": 0.120188531,
    "totalOtherIncomeExpensesNet": -20000000,
    "incomeBeforeTax": 286000000,
    "incomeBeforeTaxRatio": 0.1123330715,
    "incomeTaxExpense": 102000000,
    "netIncome": 184000000,
    "netIncomeRatio": 0.0722702278,
    "eps": 0.46,
    "epsdiluted": 0.46,
    "weightedAverageShsOut": 401792000,
    "weightedAverageShsOutDil": 404562000,
    "link": "https://www.sec.gov/Archives/edgar/data/40533/000095013300001998/0000950133-00-001998-index.html",
    "finalLink": "https://www.sec.gov/Archives/edgar/data/40533/000095013300001998/"
  },
  {
    "date": "1999-12-31",
    "symbol": "GD",
    "reportedCurrency": "USD",
    "cik": "0000040533",
    "fillingDate": "2000-03-27",
    "acceptedDate": "2000-03-27 00:00:00",
    "calendarYear": "1999",
    "period": "Q4",
    "revenue": 2655000000,
    "costOfRevenue": 2274000000,
    "grossProfit": 381000000,
    "grossProfitRatio": 0.1435028249,
    "researchAndDevelopmentExpenses": 0,
    "generalAndAdministrativeExpenses": 0,
    "sellingAndMarketingExpenses": 0,
    "sellingGeneralAndAdministrativeExpenses": 0,
    "otherExpenses": 53000000,
    "operatingExpenses": 53000000,
    "costAndExpenses": 2327000000,
    "interestIncome": 0,
    "interestExpense": 0,
    "depreciationAndAmortization": 53000000,
    "ebitda": 381000000,
    "ebitdaratio": 0.1435028249,
    "operatingIncome": 328000000,
    "operatingIncomeRatio": 0.1235404896,
    "totalOtherIncomeExpensesNet": -21000000,
    "incomeBeforeTax": 307000000,
    "incomeBeforeTaxRatio": 0.1156308851,
    "incomeTaxExpense": 109000000,
    "netIncome": 198000000,
    "netIncomeRatio": 0.0745762712,
    "eps": 0.49,
    "epsdiluted": 0.49,
    "weightedAverageShsOut": 402564000,
    "weightedAverageShsOutDil": 405000000,
    "link": "https://www.sec.gov/Archives/edgar/data/40533/000095013300001131/0000950133-00-001131-index.html",
    "finalLink": "https://www.sec.gov/Archives/edgar/data/40533/000095013300001131/"
  },
  {
    "date": "1999-10-03",
    "symbol": "GD",
    "reportedCurrency": "USD",
    "cik": "0000040533",
    "fillingDate": "1999-11-12",
    "acceptedDate": "1999-11-12 00:00:00",
    "calendarYear": "1999",
    "period": "Q3",
    "revenue": 2215000000,
    "costOfRevenue": 1785000000,
    "grossProfit": 430000000,
    "grossProfitRatio": 0.1941309255,
    "researchAndDevelopmentExpenses": 0,
    "generalAndAdministrativeExpenses": 0,
    "sellingAndMarketingExpenses": 0,
    "sellingGeneralAndAdministrativeExpenses": 0,
    "otherExpenses": 75000000,
    "operatingExpenses": 75000000,
    "costAndExpenses": 1860000000,
    "interestIncome": 0,
    "interestExpense": 0,
    "depreciationAndAmortization": 75000000,
    "ebitda": 430000000,
    "ebitdaratio": 0.1941309255,
    "operatingIncome": 355000000,
    "operatingIncomeRatio": 0.1602708804,
    "totalOtherIncomeExpensesNet": -50000000,
    "incomeBeforeTax": 305000000,
    "incomeBeforeTaxRatio": 0.1376975169,
    "incomeTaxExpense": 121000000,
    "netIncome": 184000000,
    "netIncomeRatio": 0.0830699774,
    "eps": 0.46,
    "epsdiluted": 0.45,
    "weightedAverageShsOut": 400481000,
    "weightedAverageShsOutDil": 404816000,
    "link": "https://www.sec.gov/Archives/edgar/data/40533/000095013399003530/0000950133-99-003530-index.html",
    "finalLink": "https://www.sec.gov/Archives/edgar/data/40533/000095013399003530/"
  },
  {
    "date": "1999-07-04",
    "symbol": "GD",
    "reportedCurrency": "USD",
    "cik": "0000040533",
    "fillingDate": "1999-08-12",
    "acceptedDate": "1999-08-12 00:00:00",
    "calendarYear": "1999",
    "period": "Q2",
    "revenue": 2087000000,
    "costOfRevenue": 1633000000,
    "grossProfit": 454000000,
    "grossProfitRatio": 0.2175371346,
    "researchAndDevelopmentExpenses": 0,
    "generalAndAdministrativeExpenses": 0,
    "sellingAndMarketingExpenses": 0,
    "sellingGeneralAndAdministrativeExpenses": 136000000,
    "otherExpenses": 39000000,
    "operatingExpenses": 175000000,
    "costAndExpenses": 1808000000,
    "interestIncome": 0,
    "interestExpense": 0,
    "depreciationAndAmortization": 49000000,
    "ebitda": 328000000,
    "ebitdaratio": 0.1571633924,
    "operatingIncome": 279000000,
    "operatingIncomeRatio": 0.1336847149,
    "totalOtherIncomeExpensesNet": -9000000,
    "incomeBeforeTax": 270000000,
    "incomeBeforeTaxRatio": 0.1293723047,
    "incomeTaxExpense": 95000000,
    "netIncome": 175000000,
    "netIncomeRatio": 0.0838524197,
    "eps": 0.44,
    "epsdiluted": 0.43,
    "weightedAverageShsOut": 398398000,
    "weightedAverageShsOutDil": 404632000,
    "link": "https://www.sec.gov/Archives/edgar/data/40533/000095013399002714/0000950133-99-002714-index.html",
    "finalLink": "https://www.sec.gov/Archives/edgar/data/40533/000095013399002714/"
  },
  {
    "date": "1999-04-04",
    "symbol": "GD",
    "reportedCurrency": "USD",
    "cik": "0000040533",
    "fillingDate": "1999-05-18",
    "acceptedDate": "1999-05-18 00:00:00",
    "calendarYear": "1999",
    "period": "Q1",
    "revenue": 2002000000,
    "costOfRevenue": 1592000000,
    "grossProfit": 410000000,
    "grossProfitRatio": 0.2047952048,
    "researchAndDevelopmentExpenses": 0,
    "generalAndAdministrativeExpenses": 0,
    "sellingAndMarketingExpenses": 0,
    "sellingGeneralAndAdministrativeExpenses": 126000000,
    "otherExpenses": 43000000,
    "operatingExpenses": 169000000,
    "costAndExpenses": 1761000000,
    "interestIncome": 0,
    "interestExpense": 0,
    "depreciationAndAmortization": 43000000,
    "ebitda": 284000000,
    "ebitdaratio": 0.1418581419,
    "operatingIncome": 241000000,
    "operatingIncomeRatio": 0.1203796204,
    "totalOtherIncomeExpensesNet": 3000000,
    "incomeBeforeTax": 244000000,
    "incomeBeforeTaxRatio": 0.1218781219,
    "incomeTaxExpense": -79000000,
    "netIncome": 323000000,
    "netIncomeRatio": 0.1613386613,
    "eps": 0.81,
    "epsdiluted": 0.8,
    "weightedAverageShsOut": 398916000,
    "weightedAverageShsOutDil": 404480000,
    "link": "https://www.sec.gov/Archives/edgar/data/40533/000095013399001943/0000950133-99-001943-index.html",
    "finalLink": "https://www.sec.gov/Archives/edgar/data/40533/"
  },
  {
    "date": "1998-12-31",
    "symbol": "GD",
    "reportedCurrency": "USD",
    "cik": "0000040533",
    "fillingDate": "1999-03-18",
    "acceptedDate": "1999-03-18 00:00:00",
    "calendarYear": "1998",
    "period": "Q4",
    "revenue": 1466000000,
    "costOfRevenue": 1284000000,
    "grossProfit": 182000000,
    "grossProfitRatio": 0.1241473397,
    "researchAndDevelopmentExpenses": 0,
    "generalAndAdministrativeExpenses": 0,
    "sellingAndMarketingExpenses": 0,
    "sellingGeneralAndAdministrativeExpenses": 0,
    "otherExpenses": 35000000,
    "operatingExpenses": 35000000,
    "costAndExpenses": 1319000000,
    "interestIncome": 0,
    "interestExpense": 0,
    "depreciationAndAmortization": 35000000,
    "ebitda": 182000000,
    "ebitdaratio": 0.1241473397,
    "operatingIncome": 147000000,
    "operatingIncomeRatio": 0.1002728513,
    "totalOtherIncomeExpensesNet": -2000000,
    "incomeBeforeTax": 145000000,
    "incomeBeforeTaxRatio": 0.0989085948,
    "incomeTaxExpense": 49000000,
    "netIncome": 96000000,
    "netIncomeRatio": 0.0654843111,
    "eps": 0.38,
    "epsdiluted": 0.38,
    "weightedAverageShsOut": 252754000,
    "weightedAverageShsOutDil": 254420000,
    "link": "https://www.sec.gov/Archives/edgar/data/40533/000095013399000806/0000950133-99-000806-index.html",
    "finalLink": "https://www.sec.gov/Archives/edgar/data/40533/"
  },
  {
    "date": "1998-09-27",
    "symbol": "GD",
    "reportedCurrency": "USD",
    "cik": "0000040533",
    "fillingDate": "1998-11-10",
    "acceptedDate": "1998-11-10 00:00:00",
    "calendarYear": "1998",
    "period": "Q3",
    "revenue": 1798000000,
    "costOfRevenue": 1516000000,
    "grossProfit": 282000000,
    "grossProfitRatio": 0.1568409344,
    "researchAndDevelopmentExpenses": 0,
    "generalAndAdministrativeExpenses": 0,
    "sellingAndMarketingExpenses": 0,
    "sellingGeneralAndAdministrativeExpenses": 0,
    "otherExpenses": 39000000,
    "operatingExpenses": 39000000,
    "costAndExpenses": 1555000000,
    "interestIncome": 0,
    "interestExpense": 0,
    "depreciationAndAmortization": 55000000,
    "ebitda": 298000000,
    "ebitdaratio": 0.1657397108,
    "operatingIncome": 243000000,
    "operatingIncomeRatio": 0.1351501669,
    "totalOtherIncomeExpensesNet": 0,
    "incomeBeforeTax": 243000000,
    "incomeBeforeTaxRatio": 0.1351501669,
    "incomeTaxExpense": 84000000,
    "netIncome": 159000000,
    "netIncomeRatio": 0.0884315907,
    "eps": 0.54,
    "epsdiluted": 0.53,
    "weightedAverageShsOut": 252173913,
    "weightedAverageShsOutDil": 254014599,
    "link": "https://www.sec.gov/Archives/edgar/data/40533/000095013398003737/0000950133-98-003737-index.html",
    "finalLink": "https://www.sec.gov/Archives/edgar/data/40533/"
  },
  {
    "date": "1998-06-28",
    "symbol": "GD",
    "reportedCurrency": "USD",
    "cik": "0000040533",
    "fillingDate": "1998-08-04",
    "acceptedDate": "1998-08-04 00:00:00",
    "calendarYear": "1998",
    "period": "Q2",
    "revenue": 1178000000,
    "costOfRevenue": 923000000,
    "grossProfit": 255000000,
    "grossProfitRatio": 0.2164685908,
    "researchAndDevelopmentExpenses": 0,
    "generalAndAdministrativeExpenses": 0,
    "sellingAndMarketingExpenses": 0,
    "sellingGeneralAndAdministrativeExpenses": 90000000,
    "otherExpenses": 30000000,
    "operatingExpenses": 120000000,
    "costAndExpenses": 1043000000,
    "interestIncome": 0,
    "interestExpense": 0,
    "depreciationAndAmortization": 30000000,
    "ebitda": 165000000,
    "ebitdaratio": 0.1400679117,
    "operatingIncome": 135000000,
    "operatingIncomeRatio": 0.1146010187,
    "totalOtherIncomeExpensesNet": 4000000,
    "incomeBeforeTax": 139000000,
    "incomeBeforeTaxRatio": 0.1179966044,
    "incomeTaxExpense": 47000000,
    "netIncome": 92000000,
    "netIncomeRatio": 0.078098472,
    "eps": 0.37,
    "epsdiluted": 0.36,
    "weightedAverageShsOut": 252054795,
    "weightedAverageShsOutDil": 255555556,
    "link": "https://www.sec.gov/Archives/edgar/data/40533/000095013398002832/0000950133-98-002832-index.html",
    "finalLink": "https://www.sec.gov/Archives/edgar/data/40533/"
  },
  {
    "date": "1998-03-29",
    "symbol": "GD",
    "reportedCurrency": "USD",
    "cik": "0000040533",
    "fillingDate": "1998-05-05",
    "acceptedDate": "1998-05-05 00:00:00",
    "calendarYear": "1998",
    "period": "Q1",
    "revenue": 1154000000,
    "costOfRevenue": 907000000,
    "grossProfit": 247000000,
    "grossProfitRatio": 0.2140381282,
    "researchAndDevelopmentExpenses": 0,
    "generalAndAdministrativeExpenses": 0,
    "sellingAndMarketingExpenses": 0,
    "sellingGeneralAndAdministrativeExpenses": 92000000,
    "otherExpenses": 31000000,
    "operatingExpenses": 123000000,
    "costAndExpenses": 1030000000,
    "interestIncome": 0,
    "interestExpense": 0,
    "depreciationAndAmortization": 31000000,
    "ebitda": 155000000,
    "ebitdaratio": 0.1343154246,
    "operatingIncome": 124000000,
    "operatingIncomeRatio": 0.1074523397,
    "totalOtherIncomeExpensesNet": 0,
    "incomeBeforeTax": 124000000,
    "incomeBeforeTaxRatio": 0.1074523397,
    "incomeTaxExpense": 42000000,
    "netIncome": 82000000,
    "netIncomeRatio": 0.0710571924,
    "eps": 0.33,
    "epsdiluted": 0.33,
    "weightedAverageShsOut": 252307692,
    "weightedAverageShsOutDil": 252307692,
    "link": "https://www.sec.gov/Archives/edgar/data/40533/000004053398000010/0000040533-98-000010-index.html",
    "finalLink": "https://www.sec.gov/Archives/edgar/data/40533/"
  },
  {
    "date": "1997-12-31",
    "symbol": "GD",
    "reportedCurrency": "USD",
    "cik": "0000040533",
    "fillingDate": "1998-03-18",
    "acceptedDate": "1998-03-18 00:00:00",
    "calendarYear": "1997",
    "period": "Q4",
    "revenue": 1101000000,
    "costOfRevenue": 957000000,
    "grossProfit": 144000000,
    "grossProfitRatio": 0.1307901907,
    "researchAndDevelopmentExpenses": 0,
    "generalAndAdministrativeExpenses": 0,
    "sellingAndMarketingExpenses": 0,
    "sellingGeneralAndAdministrativeExpenses": 0,
    "otherExpenses": 27000000,
    "operatingExpenses": 27000000,
    "costAndExpenses": 984000000,
    "interestIncome": 0,
    "interestExpense": 0,
    "depreciationAndAmortization": 27000000,
    "ebitda": 144000000,
    "ebitdaratio": 0.1307901907,
    "operatingIncome": 117000000,
    "operatingIncomeRatio": 0.10626703,
    "totalOtherIncomeExpensesNet": 9000000,
    "incomeBeforeTax": 126000000,
    "incomeBeforeTaxRatio": 0.1144414169,
    "incomeTaxExpense": 43000000,
    "netIncome": 83000000,
    "netIncomeRatio": 0.0753860127,
    "eps": 0.33,
    "epsdiluted": 0.33,
    "weightedAverageShsOut": 251891892,
    "weightedAverageShsOutDil": 254000000,
    "link": "https://www.sec.gov/Archives/edgar/data/40533/000095013398000793/0000950133-98-000793-index.html",
    "finalLink": "https://www.sec.gov/Archives/edgar/data/40533/"
  },
  {
    "date": "1997-09-28",
    "symbol": "GD",
    "reportedCurrency": "USD",
    "cik": "0000040533",
    "fillingDate": "1997-11-05",
    "acceptedDate": "1997-11-05 00:00:00",
    "calendarYear": "1997",
    "period": "Q3",
    "revenue": 988000000,
    "costOfRevenue": 854000000,
    "grossProfit": 134000000,
    "grossProfitRatio": 0.1356275304,
    "researchAndDevelopmentExpenses": 0,
    "generalAndAdministrativeExpenses": 0,
    "sellingAndMarketingExpenses": 0,
    "sellingGeneralAndAdministrativeExpenses": 0,
    "otherExpenses": 21000000,
    "operatingExpenses": 21000000,
    "costAndExpenses": 875000000,
    "interestIncome": 0,
    "interestExpense": 0,
    "depreciationAndAmortization": 21000000,
    "ebitda": 134000000,
    "ebitdaratio": 0.1356275304,
    "operatingIncome": 113000000,
    "operatingIncomeRatio": 0.1143724696,
    "totalOtherIncomeExpensesNet": 10000000,
    "incomeBeforeTax": 123000000,
    "incomeBeforeTaxRatio": 0.1244939271,
    "incomeTaxExpense": 41000000,
    "netIncome": 82000000,
    "netIncomeRatio": 0.0829959514,
    "eps": 0.33,
    "epsdiluted": 0.33,
    "weightedAverageShsOut": 252307692,
    "weightedAverageShsOutDil": 252307692,
    "link": "https://www.sec.gov/Archives/edgar/data/40533/000004053397000011/0000040533-97-000011-index.html",
    "finalLink": "https://www.sec.gov/Archives/edgar/data/40533/"
  },
  {
    "date": "1997-06-29",
    "symbol": "GD",
    "reportedCurrency": "USD",
    "cik": "0000040533",
    "fillingDate": "1997-08-12",
    "acceptedDate": "1997-08-12 00:00:00",
    "calendarYear": "1997",
    "period": "Q2",
    "revenue": 1032000000,
    "costOfRevenue": 896000000,
    "grossProfit": 136000000,
    "grossProfitRatio": 0.1317829457,
    "researchAndDevelopmentExpenses": 0,
    "generalAndAdministrativeExpenses": 0,
    "sellingAndMarketingExpenses": 0,
    "sellingGeneralAndAdministrativeExpenses": 0,
    "otherExpenses": 22000000,
    "operatingExpenses": 22000000,
    "costAndExpenses": 918000000,
    "interestIncome": 0,
    "interestExpense": 0,
    "depreciationAndAmortization": 22000000,
    "ebitda": 136000000,
    "ebitdaratio": 0.1317829457,
    "operatingIncome": 114000000,
    "operatingIncomeRatio": 0.1104651163,
    "totalOtherIncomeExpensesNet": 8000000,
    "incomeBeforeTax": 122000000,
    "incomeBeforeTaxRatio": 0.1182170543,
    "incomeTaxExpense": 42000000,
    "netIncome": 80000000,
    "netIncomeRatio": 0.0775193798,
    "eps": 0.32,
    "epsdiluted": 0.32,
    "weightedAverageShsOut": 250000000,
    "weightedAverageShsOutDil": 250000000,
    "link": "https://www.sec.gov/Archives/edgar/data/40533/000004053397000009/0000040533-97-000009-index.html",
    "finalLink": "https://www.sec.gov/Archives/edgar/data/40533/"
  },
  {
    "date": "1997-03-30",
    "symbol": "GD",
    "reportedCurrency": "USD",
    "cik": "0000040533",
    "fillingDate": "1997-05-09",
    "acceptedDate": "1997-05-09 00:00:00",
    "calendarYear": "1997",
    "period": "Q1",
    "revenue": 941000000,
    "costOfRevenue": 818000000,
    "grossProfit": 123000000,
    "grossProfitRatio": 0.1307120085,
    "researchAndDevelopmentExpenses": 0,
    "generalAndAdministrativeExpenses": 0,
    "sellingAndMarketingExpenses": 0,
    "sellingGeneralAndAdministrativeExpenses": 0,
    "otherExpenses": 21000000,
    "operatingExpenses": 21000000,
    "costAndExpenses": 839000000,
    "interestIncome": 0,
    "interestExpense": 0,
    "depreciationAndAmortization": 21000000,
    "ebitda": 123000000,
    "ebitdaratio": 0.1307120085,
    "operatingIncome": 102000000,
    "operatingIncomeRatio": 0.1083953241,
    "totalOtherIncomeExpensesNet": 6000000,
    "incomeBeforeTax": 108000000,
    "incomeBeforeTaxRatio": 0.1147715197,
    "incomeTaxExpense": 37000000,
    "netIncome": 71000000,
    "netIncomeRatio": 0.0754516472,
    "eps": 0.28,
    "epsdiluted": 0.28,
    "weightedAverageShsOut": 253571429,
    "weightedAverageShsOutDil": 253571429,
    "link": "https://www.sec.gov/Archives/edgar/data/40533/000004053397000007/0000040533-97-000007-index.html",
    "finalLink": "https://www.sec.gov/Archives/edgar/data/40533/"
  },
  {
    "date": "1996-12-31",
    "symbol": "GD",
    "reportedCurrency": "USD",
    "cik": "0000040533",
    "fillingDate": "1997-03-21",
    "acceptedDate": "1997-03-21 00:00:00",
    "calendarYear": "1996",
    "period": "Q4",
    "revenue": 896000000,
    "costOfRevenue": 786000000,
    "grossProfit": 110000000,
    "grossProfitRatio": 0.1227678571,
    "researchAndDevelopmentExpenses": 0,
    "generalAndAdministrativeExpenses": 0,
    "sellingAndMarketingExpenses": 0,
    "sellingGeneralAndAdministrativeExpenses": 0,
    "otherExpenses": 18000000,
    "operatingExpenses": 18000000,
    "costAndExpenses": 804000000,
    "interestIncome": 0,
    "interestExpense": 0,
    "depreciationAndAmortization": 18000000,
    "ebitda": 110000000,
    "ebitdaratio": 0.1227678571,
    "operatingIncome": 92000000,
    "operatingIncomeRatio": 0.1026785714,
    "totalOtherIncomeExpensesNet": 14000000,
    "incomeBeforeTax": 106000000,
    "incomeBeforeTaxRatio": 0.1183035714,
    "incomeTaxExpense": 36000000,
    "netIncome": 70000000,
    "netIncomeRatio": 0.078125,
    "eps": 0.28,
    "epsdiluted": 0.28,
    "weightedAverageShsOut": 249852124,
    "weightedAverageShsOutDil": 251851852,
    "link": "https://www.sec.gov/Archives/edgar/data/40533/000095013397000914/0000950133-97-000914-index.html",
    "finalLink": "https://www.sec.gov/Archives/edgar/data/40533/"
  },
  {
    "date": "1996-09-29",
    "symbol": "GD",
    "reportedCurrency": "USD",
    "cik": "0000040533",
    "fillingDate": "1996-11-12",
    "acceptedDate": "1996-11-12 00:00:00",
    "calendarYear": "1996",
    "period": "Q3",
    "revenue": 862000000,
    "costOfRevenue": 753000000,
    "grossProfit": 109000000,
    "grossProfitRatio": 0.126450116,
    "researchAndDevelopmentExpenses": 0,
    "generalAndAdministrativeExpenses": 0,
    "sellingAndMarketingExpenses": 0,
    "sellingGeneralAndAdministrativeExpenses": 0,
    "otherExpenses": 20000000,
    "operatingExpenses": 20000000,
    "costAndExpenses": 773000000,
    "interestIncome": 0,
    "interestExpense": 0,
    "depreciationAndAmortization": 20000000,
    "ebitda": 109000000,
    "ebitdaratio": 0.126450116,
    "operatingIncome": 89000000,
    "operatingIncomeRatio": 0.1032482599,
    "totalOtherIncomeExpensesNet": 14000000,
    "incomeBeforeTax": 103000000,
    "incomeBeforeTaxRatio": 0.1194895592,
    "incomeTaxExpense": 35000000,
    "netIncome": 68000000,
    "netIncomeRatio": 0.0788863109,
    "eps": 0.27,
    "epsdiluted": 0.27,
    "weightedAverageShsOut": 251851852,
    "weightedAverageShsOutDil": 251851852,
    "link": "https://www.sec.gov/Archives/edgar/data/40533/000004053396000012/0000040533-96-000012-index.html",
    "finalLink": "https://www.sec.gov/Archives/edgar/data/40533/"
  },
  {
    "date": "1996-06-30",
    "symbol": "GD",
    "reportedCurrency": "USD",
    "cik": "0000040533",
    "fillingDate": "1996-08-13",
    "acceptedDate": "1996-08-13 00:00:00",
    "calendarYear": "1996",
    "period": "Q2",
    "revenue": 930000000,
    "costOfRevenue": 825000000,
    "grossProfit": 105000000,
    "grossProfitRatio": 0.1129032258,
    "researchAndDevelopmentExpenses": 0,
    "generalAndAdministrativeExpenses": 0,
    "sellingAndMarketingExpenses": 0,
    "sellingGeneralAndAdministrativeExpenses": 0,
    "otherExpenses": 16000000,
    "operatingExpenses": 16000000,
    "costAndExpenses": 841000000,
    "interestIncome": 0,
    "interestExpense": 0,
    "depreciationAndAmortization": 16000000,
    "ebitda": 105000000,
    "ebitdaratio": 0.1129032258,
    "operatingIncome": 89000000,
    "operatingIncomeRatio": 0.0956989247,
    "totalOtherIncomeExpensesNet": 13000000,
    "incomeBeforeTax": 102000000,
    "incomeBeforeTaxRatio": 0.1096774194,
    "incomeTaxExpense": 35000000,
    "netIncome": 67000000,
    "netIncomeRatio": 0.0720430108,
    "eps": 0.27,
    "epsdiluted": 0.27,
    "weightedAverageShsOut": 252830189,
    "weightedAverageShsOutDil": 252830189,
    "link": "https://www.sec.gov/Archives/edgar/data/40533/000004053396000005/0000040533-96-000005-index.html",
    "finalLink": "https://www.sec.gov/Archives/edgar/data/40533/"
  },
  {
    "date": "1996-03-31",
    "symbol": "GD",
    "reportedCurrency": "USD",
    "cik": "0000040533",
    "fillingDate": "1996-05-13",
    "acceptedDate": "1996-05-13 00:00:00",
    "calendarYear": "1996",
    "period": "Q1",
    "revenue": 893000000,
    "costOfRevenue": 797000000,
    "grossProfit": 96000000,
    "grossProfitRatio": 0.1075027996,
    "researchAndDevelopmentExpenses": 0,
    "generalAndAdministrativeExpenses": 0,
    "sellingAndMarketingExpenses": 0,
    "sellingGeneralAndAdministrativeExpenses": 0,
    "otherExpenses": 13000000,
    "operatingExpenses": 13000000,
    "costAndExpenses": 810000000,
    "interestIncome": 0,
    "interestExpense": 0,
    "depreciationAndAmortization": 13000000,
    "ebitda": 96000000,
    "ebitdaratio": 0.1075027996,
    "operatingIncome": 83000000,
    "operatingIncomeRatio": 0.0929451288,
    "totalOtherIncomeExpensesNet": 15000000,
    "incomeBeforeTax": 98000000,
    "incomeBeforeTaxRatio": 0.1097424412,
    "incomeTaxExpense": 33000000,
    "netIncome": 65000000,
    "netIncomeRatio": 0.0727883539,
    "eps": 0.26,
    "epsdiluted": 0.26,
    "weightedAverageShsOut": 254901961,
    "weightedAverageShsOutDil": 254901961,
    "link": "https://www.sec.gov/Archives/edgar/data/40533/000004053396000002/0000040533-96-000002-index.html",
    "finalLink": "https://www.sec.gov/Archives/edgar/data/40533/"
  },
  {
    "date": "1995-12-31",
    "symbol": "GD",
    "reportedCurrency": "USD",
    "cik": "0000040533",
    "fillingDate": "1996-06-26",
    "acceptedDate": "1996-06-26 00:00:00",
    "calendarYear": "1995",
    "period": "Q4",
    "revenue": 893000000,
    "costOfRevenue": 798000000,
    "grossProfit": 95000000,
    "grossProfitRatio": 0.1063829787,
    "researchAndDevelopmentExpenses": 0,
    "generalAndAdministrativeExpenses": 0,
    "sellingAndMarketingExpenses": 0,
    "sellingGeneralAndAdministrativeExpenses": 0,
    "otherExpenses": 12000000,
    "operatingExpenses": 12000000,
    "costAndExpenses": 810000000,
    "interestIncome": 0,
    "interestExpense": 0,
    "depreciationAndAmortization": 12000000,
    "ebitda": 95000000,
    "ebitdaratio": 0.1063829787,
    "operatingIncome": 83000000,
    "operatingIncomeRatio": 0.0929451288,
    "totalOtherIncomeExpensesNet": 14000000,
    "incomeBeforeTax": 97000000,
    "incomeBeforeTaxRatio": 0.1086226204,
    "incomeTaxExpense": 33000000,
    "netIncome": 88000000,
    "netIncomeRatio": 0.0985442329,
    "eps": 0.35,
    "epsdiluted": 0.35,
    "weightedAverageShsOut": 252205252,
    "weightedAverageShsOutDil": 253000000,
    "link": "https://www.sec.gov/Archives/edgar/data/40533/000095013396001012/0000950133-96-001012-index.html",
    "finalLink": "https://www.sec.gov/Archives/edgar/data/40533/"
  },
  {
    "date": "1995-10-01",
    "symbol": "GD",
    "reportedCurrency": "USD",
    "cik": "0000040533",
    "fillingDate": "1995-11-03",
    "acceptedDate": "1995-11-03 00:00:00",
    "calendarYear": "1995",
    "period": "Q3",
    "revenue": 718000000,
    "costOfRevenue": 632000000,
    "grossProfit": 86000000,
    "grossProfitRatio": 0.1197771588,
    "researchAndDevelopmentExpenses": 0,
    "generalAndAdministrativeExpenses": 0,
    "sellingAndMarketingExpenses": 0,
    "sellingGeneralAndAdministrativeExpenses": 0,
    "otherExpenses": 9000000,
    "operatingExpenses": 9000000,
    "costAndExpenses": 641000000,
    "interestIncome": 0,
    "interestExpense": 0,
    "depreciationAndAmortization": 9000000,
    "ebitda": 86000000,
    "ebitdaratio": 0.1197771588,
    "operatingIncome": 77000000,
    "operatingIncomeRatio": 0.1072423398,
    "totalOtherIncomeExpensesNet": 16000000,
    "incomeBeforeTax": 93000000,
    "incomeBeforeTaxRatio": 0.1295264624,
    "incomeTaxExpense": 31000000,
    "netIncome": 91000000,
    "netIncomeRatio": 0.1267409471,
    "eps": 0.37,
    "epsdiluted": 0.37,
    "weightedAverageShsOut": 249315068,
    "weightedAverageShsOutDil": 249315068,
    "link": "https://www.sec.gov/Archives/edgar/data/40533/000004053395000009/0000040533-95-000009-index.html",
    "finalLink": "https://www.sec.gov/Archives/edgar/data/40533/"
  }
]