[
  {
    "date": "2025-06-30",
    "symbol": "GDDY",
    "reportedCurrency": "USD",
    "cik": "0001609711",
    "fillingDate": "2025-08-08",
    "acceptedDate": "2025-08-07 19:04:01",
    "calendarYear": "2025",
    "period": "Q2",
    "revenue": 1217600000,
    "costOfRevenue": 442300000,
    "grossProfit": 775300000,
    "grossProfitRatio": 0.6367444152,
    "researchAndDevelopmentExpenses": 214300000,
    "generalAndAdministrativeExpenses": 96900000,
    "sellingAndMarketingExpenses": 93400000,
    "sellingGeneralAndAdministrativeExpenses": 190300000,
    "otherExpenses": 104400000,
    "operatingExpenses": 509000000,
    "costAndExpenses": 951300000,
    "interestIncome": 0,
    "interestExpense": 38300000,
    "depreciationAndAmortization": 30600000,
    "ebitda": 308000000,
    "ebitdaratio": 0.252956636,
    "operatingIncome": 266300000,
    "operatingIncomeRatio": 0.2187089356,
    "totalOtherIncomeExpensesNet": -27200000,
    "incomeBeforeTax": 239100000,
    "incomeBeforeTaxRatio": 0.196369908,
    "incomeTaxExpense": 39200000,
    "netIncome": 199900000,
    "netIncomeRatio": 0.1641754271,
    "eps": 1.44,
    "epsdiluted": 1.41,
    "weightedAverageShsOut": 138734000,
    "weightedAverageShsOutDil": 141408000,
    "link": "https://www.sec.gov/Archives/edgar/data/1609711/000160971125000154/0001609711-25-000154-index.htm",
    "finalLink": "https://www.sec.gov/Archives/edgar/data/1609711/000160971125000154/gddy-20250630.htm"
  },
  {
    "date": "2025-03-31",
    "symbol": "GDDY",
    "reportedCurrency": "USD",
    "cik": "0001609711",
    "fillingDate": "2025-05-02",
    "acceptedDate": "2025-05-01 19:03:26",
    "calendarYear": "2025",
    "period": "Q1",
    "revenue": 1194300000,
    "costOfRevenue": 440500000,
    "grossProfit": 753800000,
    "grossProfitRatio": 0.631164699,
    "researchAndDevelopmentExpenses": 205300000,
    "generalAndAdministrativeExpenses": 97100000,
    "sellingAndMarketingExpenses": 100100000,
    "sellingGeneralAndAdministrativeExpenses": 197200000,
    "otherExpenses": 104000000,
    "operatingExpenses": 506500000,
    "costAndExpenses": 947000000,
    "interestIncome": 0,
    "interestExpense": 37200000,
    "depreciationAndAmortization": 30800000,
    "ebitda": 288000000,
    "ebitdaratio": 0.2411454408,
    "operatingIncome": 247300000,
    "operatingIncomeRatio": 0.2070669011,
    "totalOtherIncomeExpensesNet": -27300000,
    "incomeBeforeTax": 220000000,
    "incomeBeforeTaxRatio": 0.1842083229,
    "incomeTaxExpense": 500000,
    "netIncome": 219500000,
    "netIncomeRatio": 0.1837896676,
    "eps": 1.55,
    "epsdiluted": 1.51,
    "weightedAverageShsOut": 141684000,
    "weightedAverageShsOutDil": 145173000,
    "link": "https://www.sec.gov/Archives/edgar/data/1609711/000160971125000077/0001609711-25-000077-index.htm",
    "finalLink": "https://www.sec.gov/Archives/edgar/data/1609711/000160971125000077/gddy-20250331.htm"
  },
  {
    "date": "2024-12-31",
    "symbol": "GDDY",
    "reportedCurrency": "USD",
    "cik": "0001609711",
    "fillingDate": "2025-02-20",
    "acceptedDate": "2025-02-20 16:55:56",
    "calendarYear": "2024",
    "period": "Q4",
    "revenue": 1192600000,
    "costOfRevenue": 421800000,
    "grossProfit": 770800000,
    "grossProfitRatio": 0.646318967,
    "researchAndDevelopmentExpenses": 200500000,
    "generalAndAdministrativeExpenses": 112100000,
    "sellingAndMarketingExpenses": 91800000,
    "sellingGeneralAndAdministrativeExpenses": 203900000,
    "otherExpenses": 110800000,
    "operatingExpenses": 515200000,
    "costAndExpenses": 937000000,
    "interestIncome": 0,
    "interestExpense": 38100000,
    "depreciationAndAmortization": 32200000,
    "ebitda": 296600000,
    "ebitdaratio": 0.2487003186,
    "operatingIncome": 255600000,
    "operatingIncomeRatio": 0.2143216502,
    "totalOtherIncomeExpensesNet": -29300000,
    "incomeBeforeTax": 226300000,
    "incomeBeforeTaxRatio": 0.1897534798,
    "incomeTaxExpense": 27700000,
    "netIncome": 198600000,
    "netIncomeRatio": 0.166526916,
    "eps": 1.4,
    "epsdiluted": 1.36,
    "weightedAverageShsOut": 141694000,
    "weightedAverageShsOutDil": 145582000,
    "link": "https://www.sec.gov/Archives/edgar/data/1609711/000160971125000023/0001609711-25-000023-index.htm",
    "finalLink": "https://www.sec.gov/Archives/edgar/data/1609711/000160971125000023/gddy-20241231.htm"
  },
  {
    "date": "2024-09-30",
    "symbol": "GDDY",
    "reportedCurrency": "USD",
    "cik": "0001609711",
    "fillingDate": "2024-10-31",
    "acceptedDate": "2024-10-30 18:19:42",
    "calendarYear": "2024",
    "period": "Q3",
    "revenue": 1147600000,
    "costOfRevenue": 407400000,
    "grossProfit": 740200000,
    "grossProfitRatio": 0.6449982572,
    "researchAndDevelopmentExpenses": 205100000,
    "generalAndAdministrativeExpenses": 94800000,
    "sellingAndMarketingExpenses": 84400000,
    "sellingGeneralAndAdministrativeExpenses": 179200000,
    "otherExpenses": 102100000,
    "operatingExpenses": 486400000,
    "costAndExpenses": 893800000,
    "interestIncome": 0,
    "interestExpense": 39400000,
    "depreciationAndAmortization": 32800000,
    "ebitda": 293200000,
    "ebitdaratio": 0.2554897177,
    "operatingIncome": 253800000,
    "operatingIncomeRatio": 0.2211571976,
    "totalOtherIncomeExpensesNet": -32800000,
    "incomeBeforeTax": 221000000,
    "incomeBeforeTaxRatio": 0.1925758104,
    "incomeTaxExpense": 30500000,
    "netIncome": 190500000,
    "netIncomeRatio": 0.1659986058,
    "eps": 1.36,
    "epsdiluted": 1.32,
    "weightedAverageShsOut": 140523000,
    "weightedAverageShsOutDil": 144138000,
    "link": "https://www.sec.gov/Archives/edgar/data/1609711/000160971124000167/0001609711-24-000167-index.htm",
    "finalLink": "https://www.sec.gov/Archives/edgar/data/1609711/000160971124000167/gddy-20240930.htm"
  },
  {
    "date": "2024-06-30",
    "symbol": "GDDY",
    "reportedCurrency": "USD",
    "cik": "0001609711",
    "fillingDate": "2024-08-02",
    "acceptedDate": "2024-08-01 18:09:40",
    "calendarYear": "2024",
    "period": "Q2",
    "revenue": 1124500000,
    "costOfRevenue": 408300000,
    "grossProfit": 716200000,
    "grossProfitRatio": 0.6369052912,
    "researchAndDevelopmentExpenses": 205900000,
    "generalAndAdministrativeExpenses": 95600000,
    "sellingAndMarketingExpenses": 93200000,
    "sellingGeneralAndAdministrativeExpenses": 188800000,
    "otherExpenses": 113300000,
    "operatingExpenses": 508000000,
    "costAndExpenses": 916300000,
    "interestIncome": 0,
    "interestExpense": 39500000,
    "depreciationAndAmortization": 33100000,
    "ebitda": 247500000,
    "ebitdaratio": 0.2200978213,
    "operatingIncome": 208200000,
    "operatingIncomeRatio": 0.1851489551,
    "totalOtherIncomeExpensesNet": -33300000,
    "incomeBeforeTax": 174900000,
    "incomeBeforeTaxRatio": 0.1555357937,
    "incomeTaxExpense": 28600000,
    "netIncome": 146300000,
    "netIncomeRatio": 0.1301022677,
    "eps": 1.04,
    "epsdiluted": 1.01,
    "weightedAverageShsOut": 141269000,
    "weightedAverageShsOutDil": 144644000,
    "link": "https://www.sec.gov/Archives/edgar/data/1609711/000160971124000133/0001609711-24-000133-index.htm",
    "finalLink": "https://www.sec.gov/Archives/edgar/data/1609711/000160971124000133/gddy-20240630.htm"
  },
  {
    "date": "2024-03-31",
    "symbol": "GDDY",
    "reportedCurrency": "USD",
    "cik": "0001609711",
    "fillingDate": "2024-05-03",
    "acceptedDate": "2024-05-02 19:05:22",
    "calendarYear": "2024",
    "period": "Q1",
    "revenue": 1108500000,
    "costOfRevenue": 414500000,
    "grossProfit": 694000000,
    "grossProfitRatio": 0.6260712675,
    "researchAndDevelopmentExpenses": 202900000,
    "generalAndAdministrativeExpenses": 91700000,
    "sellingAndMarketingExpenses": 87500000,
    "sellingGeneralAndAdministrativeExpenses": 179200000,
    "otherExpenses": 136000000,
    "operatingExpenses": 518100000,
    "costAndExpenses": 932600000,
    "interestIncome": 0,
    "interestExpense": 41300000,
    "depreciationAndAmortization": 37200000,
    "ebitda": 221700000,
    "ebitdaratio": 0.2,
    "operatingIncome": 175900000,
    "operatingIncomeRatio": 0.1586829048,
    "totalOtherIncomeExpensesNet": -32700000,
    "incomeBeforeTax": 143200000,
    "incomeBeforeTaxRatio": 0.1291835814,
    "incomeTaxExpense": -258300000,
    "netIncome": 401500000,
    "netIncomeRatio": 0.3622011728,
    "eps": 2.82,
    "epsdiluted": 2.76,
    "weightedAverageShsOut": 142528000,
    "weightedAverageShsOutDil": 145676000,
    "link": "https://www.sec.gov/Archives/edgar/data/1609711/000160971124000072/0001609711-24-000072-index.htm",
    "finalLink": "https://www.sec.gov/Archives/edgar/data/1609711/000160971124000072/gddy-20240331.htm"
  },
  {
    "date": "2023-12-31",
    "symbol": "GDDY",
    "reportedCurrency": "USD",
    "cik": "0001609711",
    "fillingDate": "2024-02-29",
    "acceptedDate": "2024-02-29 16:50:35",
    "calendarYear": "2023",
    "period": "Q4",
    "revenue": 1100300000,
    "costOfRevenue": 402200000,
    "grossProfit": 698100000,
    "grossProfitRatio": 0.6344633282,
    "researchAndDevelopmentExpenses": 203800000,
    "generalAndAdministrativeExpenses": 95600000,
    "sellingAndMarketingExpenses": 84600000,
    "sellingGeneralAndAdministrativeExpenses": 180200000,
    "otherExpenses": 124200000,
    "operatingExpenses": 508200000,
    "costAndExpenses": 910400000,
    "interestIncome": 0,
    "interestExpense": 43600000,
    "depreciationAndAmortization": 38700000,
    "ebitda": 229800000,
    "ebitdaratio": 0.2088521312,
    "operatingIncome": 189900000,
    "operatingIncomeRatio": 0.1725892938,
    "totalOtherIncomeExpensesNet": -42400000,
    "incomeBeforeTax": 147500000,
    "incomeBeforeTaxRatio": 0.1340543488,
    "incomeTaxExpense": -966600000,
    "netIncome": 1113900000,
    "netIncomeRatio": 1.0123602654,
    "eps": 8.01,
    "epsdiluted": 7.85,
    "weightedAverageShsOut": 141418000,
    "weightedAverageShsOutDil": 144253000,
    "link": "https://www.sec.gov/Archives/edgar/data/1609711/000160971124000022/0001609711-24-000022-index.htm",
    "finalLink": "https://www.sec.gov/Archives/edgar/data/1609711/000160971124000022/gddy-20231231.htm"
  },
  {
    "date": "2023-09-30",
    "symbol": "GDDY",
    "reportedCurrency": "USD",
    "cik": "0001609711",
    "fillingDate": "2023-11-03",
    "acceptedDate": "2023-11-02 17:59:13",
    "calendarYear": "2023",
    "period": "Q3",
    "revenue": 1069700000,
    "costOfRevenue": 396900000,
    "grossProfit": 672800000,
    "grossProfitRatio": 0.628961391,
    "researchAndDevelopmentExpenses": 201600000,
    "generalAndAdministrativeExpenses": 91600000,
    "sellingAndMarketingExpenses": 86400000,
    "sellingGeneralAndAdministrativeExpenses": 178000000,
    "otherExpenses": 126100000,
    "operatingExpenses": 505700000,
    "costAndExpenses": 902600000,
    "interestIncome": 0,
    "interestExpense": 44000000,
    "depreciationAndAmortization": 40600000,
    "ebitda": 212500000,
    "ebitdaratio": 0.1986538282,
    "operatingIncome": 167100000,
    "operatingIncomeRatio": 0.1562120221,
    "totalOtherIncomeExpensesNet": -39200000,
    "incomeBeforeTax": 127900000,
    "incomeBeforeTaxRatio": 0.1195662335,
    "incomeTaxExpense": -3100000,
    "netIncome": 130700000,
    "netIncomeRatio": 0.1221837898,
    "eps": 0.9,
    "epsdiluted": 0.89,
    "weightedAverageShsOut": 145484000,
    "weightedAverageShsOutDil": 147291000,
    "link": "https://www.sec.gov/Archives/edgar/data/1609711/000160971123000167/0001609711-23-000167-index.htm",
    "finalLink": "https://www.sec.gov/Archives/edgar/data/1609711/000160971123000167/gddy-20230930.htm"
  },
  {
    "date": "2023-06-30",
    "symbol": "GDDY",
    "reportedCurrency": "USD",
    "cik": "0001609711",
    "fillingDate": "2023-08-04",
    "acceptedDate": "2023-08-03 18:10:39",
    "calendarYear": "2023",
    "period": "Q2",
    "revenue": 1048100000,
    "costOfRevenue": 388400000,
    "grossProfit": 659700000,
    "grossProfitRatio": 0.6294246732,
    "researchAndDevelopmentExpenses": 219200000,
    "generalAndAdministrativeExpenses": 92700000,
    "sellingAndMarketingExpenses": 89500000,
    "sellingGeneralAndAdministrativeExpenses": 182200000,
    "otherExpenses": 138700000,
    "operatingExpenses": 540100000,
    "costAndExpenses": 928500000,
    "interestIncome": 0,
    "interestExpense": 45600000,
    "depreciationAndAmortization": 43500000,
    "ebitda": 169900000,
    "ebitdaratio": 0.1621028528,
    "operatingIncome": 119600000,
    "operatingIncomeRatio": 0.1141112489,
    "totalOtherIncomeExpensesNet": -38800000,
    "incomeBeforeTax": 80800000,
    "incomeBeforeTaxRatio": 0.0770918805,
    "incomeTaxExpense": -2300000,
    "netIncome": 82900000,
    "netIncomeRatio": 0.0790955062,
    "eps": 0.54,
    "epsdiluted": 0.54,
    "weightedAverageShsOut": 152328000,
    "weightedAverageShsOutDil": 154064000,
    "link": "https://www.sec.gov/Archives/edgar/data/1609711/000160971123000129/0001609711-23-000129-index.htm",
    "finalLink": "https://www.sec.gov/Archives/edgar/data/1609711/000160971123000129/gddy-20230630.htm"
  },
  {
    "date": "2023-03-31",
    "symbol": "GDDY",
    "reportedCurrency": "USD",
    "cik": "0001609711",
    "fillingDate": "2023-05-05",
    "acceptedDate": "2023-05-04 18:09:49",
    "calendarYear": "2023",
    "period": "Q1",
    "revenue": 1036000000,
    "costOfRevenue": 386100000,
    "grossProfit": 649900000,
    "grossProfitRatio": 0.6273166023,
    "researchAndDevelopmentExpenses": 215000000,
    "generalAndAdministrativeExpenses": 94100000,
    "sellingAndMarketingExpenses": 92400000,
    "sellingGeneralAndAdministrativeExpenses": 186500000,
    "otherExpenses": 177600000,
    "operatingExpenses": 579100000,
    "costAndExpenses": 965200000,
    "interestIncome": 0,
    "interestExpense": 45800000,
    "depreciationAndAmortization": 48500000,
    "ebitda": 141900000,
    "ebitdaratio": 0.136969112,
    "operatingIncome": 70800000,
    "operatingIncomeRatio": 0.0683397683,
    "totalOtherIncomeExpensesNet": -23200000,
    "incomeBeforeTax": 47600000,
    "incomeBeforeTaxRatio": 0.0459459459,
    "incomeTaxExpense": 200000,
    "netIncome": 47300000,
    "netIncomeRatio": 0.0456563707,
    "eps": 0.31,
    "epsdiluted": 0.3,
    "weightedAverageShsOut": 154124000,
    "weightedAverageShsOutDil": 156644000,
    "link": "https://www.sec.gov/Archives/edgar/data/1609711/000160971123000082/0001609711-23-000082-index.htm",
    "finalLink": "https://www.sec.gov/Archives/edgar/data/1609711/000160971123000082/gddy-20230331.htm"
  },
  {
    "date": "2022-12-31",
    "symbol": "GDDY",
    "reportedCurrency": "USD",
    "cik": "0001609711",
    "fillingDate": "2023-02-16",
    "acceptedDate": "2023-02-16 17:07:41",
    "calendarYear": "2022",
    "period": "Q4",
    "revenue": 1039900000,
    "costOfRevenue": 379500000,
    "grossProfit": 660400000,
    "grossProfitRatio": 0.6350610636,
    "researchAndDevelopmentExpenses": 206300000,
    "generalAndAdministrativeExpenses": 98600000,
    "sellingAndMarketingExpenses": 94900000,
    "sellingGeneralAndAdministrativeExpenses": 193500000,
    "otherExpenses": 125700000,
    "operatingExpenses": 525500000,
    "costAndExpenses": 905000000,
    "interestIncome": 0,
    "interestExpense": 42200000,
    "depreciationAndAmortization": 49500000,
    "ebitda": 187600000,
    "ebitdaratio": 0.1804019617,
    "operatingIncome": 134900000,
    "operatingIncomeRatio": 0.1297240119,
    "totalOtherIncomeExpensesNet": -39000000,
    "incomeBeforeTax": 95900000,
    "incomeBeforeTaxRatio": 0.0922204058,
    "incomeTaxExpense": 2100000,
    "netIncome": 93600000,
    "netIncomeRatio": 0.0900086547,
    "eps": 0.6,
    "epsdiluted": 0.6,
    "weightedAverageShsOut": 154745000,
    "weightedAverageShsOutDil": 157083000,
    "link": "https://www.sec.gov/Archives/edgar/data/1609711/000160971123000031/0001609711-23-000031-index.htm",
    "finalLink": "https://www.sec.gov/Archives/edgar/data/1609711/000160971123000031/gddy-20221231.htm"
  },
  {
    "date": "2022-09-30",
    "symbol": "GDDY",
    "reportedCurrency": "USD",
    "cik": "0001609711",
    "fillingDate": "2022-11-04",
    "acceptedDate": "2022-11-03 18:23:02",
    "calendarYear": "2022",
    "period": "Q3",
    "revenue": 1033200000,
    "costOfRevenue": 374300000,
    "grossProfit": 658900000,
    "grossProfitRatio": 0.6377274487,
    "researchAndDevelopmentExpenses": 199500000,
    "generalAndAdministrativeExpenses": 101600000,
    "sellingAndMarketingExpenses": 100400000,
    "sellingGeneralAndAdministrativeExpenses": 202000000,
    "otherExpenses": 127700000,
    "operatingExpenses": 529200000,
    "costAndExpenses": 903500000,
    "interestIncome": 0,
    "interestExpense": 35600000,
    "depreciationAndAmortization": 48500000,
    "ebitda": 181300000,
    "ebitdaratio": 0.1754742547,
    "operatingIncome": 129700000,
    "operatingIncomeRatio": 0.1255323268,
    "totalOtherIncomeExpensesNet": -32500000,
    "incomeBeforeTax": 97200000,
    "incomeBeforeTaxRatio": 0.0940766551,
    "incomeTaxExpense": -2800000,
    "netIncome": 99800000,
    "netIncomeRatio": 0.0965931088,
    "eps": 0.64,
    "epsdiluted": 0.63,
    "weightedAverageShsOut": 156393000,
    "weightedAverageShsOutDil": 158418000,
    "link": "https://www.sec.gov/Archives/edgar/data/1609711/000160971122000133/0001609711-22-000133-index.htm",
    "finalLink": "https://www.sec.gov/Archives/edgar/data/1609711/000160971122000133/gddy-20220930.htm"
  },
  {
    "date": "2022-06-30",
    "symbol": "GDDY",
    "reportedCurrency": "USD",
    "cik": "0001609711",
    "fillingDate": "2022-08-04",
    "acceptedDate": "2022-08-03 18:25:45",
    "calendarYear": "2022",
    "period": "Q2",
    "revenue": 1015500000,
    "costOfRevenue": 360500000,
    "grossProfit": 655000000,
    "grossProfitRatio": 0.6450024618,
    "researchAndDevelopmentExpenses": 198100000,
    "generalAndAdministrativeExpenses": 94700000,
    "sellingAndMarketingExpenses": 100700000,
    "sellingGeneralAndAdministrativeExpenses": 195400000,
    "otherExpenses": 136900000,
    "operatingExpenses": 530400000,
    "costAndExpenses": 890900000,
    "interestIncome": 0,
    "interestExpense": 34900000,
    "depreciationAndAmortization": 48400000,
    "ebitda": 171800000,
    "ebitdaratio": 0.169177745,
    "operatingIncome": 124600000,
    "operatingIncomeRatio": 0.1226981782,
    "totalOtherIncomeExpensesNet": -36100000,
    "incomeBeforeTax": 88500000,
    "incomeBeforeTaxRatio": 0.0871491876,
    "incomeTaxExpense": -2000000,
    "netIncome": 90400000,
    "netIncomeRatio": 0.0890201871,
    "eps": 0.57,
    "epsdiluted": 0.56,
    "weightedAverageShsOut": 159822000,
    "weightedAverageShsOutDil": 161739000,
    "link": "https://www.sec.gov/Archives/edgar/data/1609711/000160971122000103/0001609711-22-000103-index.htm",
    "finalLink": "https://www.sec.gov/Archives/edgar/data/1609711/000160971122000103/gddy-20220630.htm"
  },
  {
    "date": "2022-03-31",
    "symbol": "GDDY",
    "reportedCurrency": "USD",
    "cik": "0001609711",
    "fillingDate": "2022-05-05",
    "acceptedDate": "2022-05-04 18:03:53",
    "calendarYear": "2022",
    "period": "Q1",
    "revenue": 1002700000,
    "costOfRevenue": 370200000,
    "grossProfit": 632500000,
    "grossProfitRatio": 0.6307968485,
    "researchAndDevelopmentExpenses": 190100000,
    "generalAndAdministrativeExpenses": 90600000,
    "sellingAndMarketingExpenses": 116300000,
    "sellingGeneralAndAdministrativeExpenses": 206900000,
    "otherExpenses": 125900000,
    "operatingExpenses": 522900000,
    "costAndExpenses": 893100000,
    "interestIncome": 0,
    "interestExpense": 33600000,
    "depreciationAndAmortization": 48200000,
    "ebitda": 156700000,
    "ebitdaratio": 0.1562780493,
    "operatingIncome": 109600000,
    "operatingIncomeRatio": 0.1093048768,
    "totalOtherIncomeExpensesNet": -34700000,
    "incomeBeforeTax": 74900000,
    "incomeBeforeTaxRatio": 0.0746983146,
    "incomeTaxExpense": 6300000,
    "netIncome": 68400000,
    "netIncomeRatio": 0.0682158173,
    "eps": 0.42,
    "epsdiluted": 0.41,
    "weightedAverageShsOut": 164323000,
    "weightedAverageShsOutDil": 166811000,
    "link": "https://www.sec.gov/Archives/edgar/data/1609711/000160971122000061/0001609711-22-000061-index.htm",
    "finalLink": "https://www.sec.gov/Archives/edgar/data/1609711/000160971122000061/gddy-20220331.htm"
  },
  {
    "date": "2021-12-31",
    "symbol": "GDDY",
    "reportedCurrency": "USD",
    "cik": "0001609711",
    "fillingDate": "2022-02-17",
    "acceptedDate": "2022-02-17 17:09:21",
    "calendarYear": "2021",
    "period": "Q4",
    "revenue": 1019300000,
    "costOfRevenue": 373200000,
    "grossProfit": 646100000,
    "grossProfitRatio": 0.6338663789,
    "researchAndDevelopmentExpenses": 175500000,
    "generalAndAdministrativeExpenses": 84900000,
    "sellingAndMarketingExpenses": 120700000,
    "sellingGeneralAndAdministrativeExpenses": 205600000,
    "otherExpenses": 140200000,
    "operatingExpenses": 521300000,
    "costAndExpenses": 894500000,
    "interestIncome": 0,
    "interestExpense": 32200000,
    "depreciationAndAmortization": 49900000,
    "ebitda": 173600000,
    "ebitdaratio": 0.1703129599,
    "operatingIncome": 124800000,
    "operatingIncomeRatio": 0.1224369665,
    "totalOtherIncomeExpensesNet": -33300000,
    "incomeBeforeTax": 91500000,
    "incomeBeforeTaxRatio": 0.0897674875,
    "incomeTaxExpense": 4100000,
    "netIncome": 87200000,
    "netIncomeRatio": 0.0855489061,
    "eps": 0.52,
    "epsdiluted": 0.52,
    "weightedAverageShsOut": 166481000,
    "weightedAverageShsOutDil": 168304000,
    "link": "https://www.sec.gov/Archives/edgar/data/1609711/000160971122000024/0001609711-22-000024-index.htm",
    "finalLink": "https://www.sec.gov/Archives/edgar/data/1609711/000160971122000024/gddy-20211231.htm"
  },
  {
    "date": "2021-09-30",
    "symbol": "GDDY",
    "reportedCurrency": "USD",
    "cik": "0001609711",
    "fillingDate": "2021-11-04",
    "acceptedDate": "2021-11-03 17:58:05",
    "calendarYear": "2021",
    "period": "Q3",
    "revenue": 964000000,
    "costOfRevenue": 345800000,
    "grossProfit": 618200000,
    "grossProfitRatio": 0.6412863071,
    "researchAndDevelopmentExpenses": 172400000,
    "generalAndAdministrativeExpenses": 81200000,
    "sellingAndMarketingExpenses": 124000000,
    "sellingGeneralAndAdministrativeExpenses": 205200000,
    "otherExpenses": 109300000,
    "operatingExpenses": 486900000,
    "costAndExpenses": 832700000,
    "interestIncome": 0,
    "interestExpense": 32500000,
    "depreciationAndAmortization": 50700000,
    "ebitda": 180800000,
    "ebitdaratio": 0.1875518672,
    "operatingIncome": 131300000,
    "operatingIncomeRatio": 0.1362033195,
    "totalOtherIncomeExpensesNet": -33700000,
    "incomeBeforeTax": 97600000,
    "incomeBeforeTaxRatio": 0.1012448133,
    "incomeTaxExpense": -100000,
    "netIncome": 97500000,
    "netIncomeRatio": 0.1011410788,
    "eps": 0.58,
    "epsdiluted": 0.57,
    "weightedAverageShsOut": 167542000,
    "weightedAverageShsOutDil": 169823000,
    "link": "https://www.sec.gov/Archives/edgar/data/1609711/000160971121000115/0001609711-21-000115-index.htm",
    "finalLink": "https://www.sec.gov/Archives/edgar/data/1609711/000160971121000115/gddy-20210930.htm"
  },
  {
    "date": "2021-06-30",
    "symbol": "GDDY",
    "reportedCurrency": "USD",
    "cik": "0001609711",
    "fillingDate": "2021-08-05",
    "acceptedDate": "2021-08-04 18:04:32",
    "calendarYear": "2021",
    "period": "Q2",
    "revenue": 931300000,
    "costOfRevenue": 332000000,
    "grossProfit": 599300000,
    "grossProfitRatio": 0.6435090733,
    "researchAndDevelopmentExpenses": 172000000,
    "generalAndAdministrativeExpenses": 84500000,
    "sellingAndMarketingExpenses": 126500000,
    "sellingGeneralAndAdministrativeExpenses": 211000000,
    "otherExpenses": 128300000,
    "operatingExpenses": 511300000,
    "costAndExpenses": 843300000,
    "interestIncome": 0,
    "interestExpense": 32600000,
    "depreciationAndAmortization": 50000000,
    "ebitda": 137100000,
    "ebitdaratio": 0.1472135724,
    "operatingIncome": 88000000,
    "operatingIncomeRatio": 0.0944915709,
    "totalOtherIncomeExpensesNet": -33500000,
    "incomeBeforeTax": 54500000,
    "incomeBeforeTaxRatio": 0.0585203479,
    "incomeTaxExpense": 7600000,
    "netIncome": 46800000,
    "netIncomeRatio": 0.0502523354,
    "eps": 0.28,
    "epsdiluted": 0.27,
    "weightedAverageShsOut": 168204000,
    "weightedAverageShsOutDil": 171129000,
    "link": "https://www.sec.gov/Archives/edgar/data/1609711/000160971121000102/0001609711-21-000102-index.htm",
    "finalLink": "https://www.sec.gov/Archives/edgar/data/1609711/000160971121000102/gddy-20210630.htm"
  },
  {
    "date": "2021-03-31",
    "symbol": "GDDY",
    "reportedCurrency": "USD",
    "cik": "0001609711",
    "fillingDate": "2021-05-06",
    "acceptedDate": "2021-05-05 18:08:14",
    "calendarYear": "2021",
    "period": "Q1",
    "revenue": 901100000,
    "costOfRevenue": 321200000,
    "grossProfit": 579900000,
    "grossProfitRatio": 0.6435467762,
    "researchAndDevelopmentExpenses": 186400000,
    "generalAndAdministrativeExpenses": 95200000,
    "sellingAndMarketingExpenses": 132700000,
    "sellingGeneralAndAdministrativeExpenses": 227900000,
    "otherExpenses": 127600000,
    "operatingExpenses": 541900000,
    "costAndExpenses": 863100000,
    "interestIncome": 0,
    "interestExpense": 28700000,
    "depreciationAndAmortization": 49000000,
    "ebitda": 87700000,
    "ebitdaratio": 0.0973254911,
    "operatingIncome": 38000000,
    "operatingIncomeRatio": 0.0421706803,
    "totalOtherIncomeExpensesNet": -28000000,
    "incomeBeforeTax": 10000000,
    "incomeBeforeTaxRatio": 0.0110975474,
    "incomeTaxExpense": -800000,
    "netIncome": 10800000,
    "netIncomeRatio": 0.0119853512,
    "eps": 0.0637,
    "epsdiluted": 0.0624,
    "weightedAverageShsOut": 169435000,
    "weightedAverageShsOutDil": 173053000,
    "link": "https://www.sec.gov/Archives/edgar/data/1609711/000160971121000060/0001609711-21-000060-index.htm",
    "finalLink": "https://www.sec.gov/Archives/edgar/data/1609711/000160971121000060/gddy-20210331.htm"
  },
  {
    "date": "2020-12-31",
    "symbol": "GDDY",
    "reportedCurrency": "USD",
    "cik": "0001609711",
    "fillingDate": "2021-02-19",
    "acceptedDate": "2021-02-19 16:10:07",
    "calendarYear": "2020",
    "period": "Q4",
    "revenue": 873900000,
    "costOfRevenue": 301900000,
    "grossProfit": 572000000,
    "grossProfitRatio": 0.6545371324,
    "researchAndDevelopmentExpenses": 148600000,
    "generalAndAdministrativeExpenses": 79700000,
    "sellingAndMarketingExpenses": 125600000,
    "sellingGeneralAndAdministrativeExpenses": 205300000,
    "otherExpenses": 125600000,
    "operatingExpenses": 479500000,
    "costAndExpenses": 781400000,
    "interestIncome": 0,
    "interestExpense": 26800000,
    "depreciationAndAmortization": 51400000,
    "ebitda": 143600000,
    "ebitdaratio": 0.1643208605,
    "operatingIncome": 92500000,
    "operatingIncomeRatio": 0.105847351,
    "totalOtherIncomeExpensesNet": -27100000,
    "incomeBeforeTax": 65400000,
    "incomeBeforeTaxRatio": 0.0748369379,
    "incomeTaxExpense": -5400000,
    "netIncome": 70500000,
    "netIncomeRatio": 0.0806728459,
    "eps": 0.42,
    "epsdiluted": 0.41,
    "weightedAverageShsOut": 168345000,
    "weightedAverageShsOutDil": 172423000,
    "link": "https://www.sec.gov/Archives/edgar/data/1609711/000160971121000017/0001609711-21-000017-index.htm",
    "finalLink": "https://www.sec.gov/Archives/edgar/data/1609711/000160971121000017/gddy-20201231.htm"
  },
  {
    "date": "2020-09-30",
    "symbol": "GDDY",
    "reportedCurrency": "USD",
    "cik": "0001609711",
    "fillingDate": "2020-11-05",
    "acceptedDate": "2020-11-04 18:14:24",
    "calendarYear": "2020",
    "period": "Q3",
    "revenue": 844400000,
    "costOfRevenue": 290200000,
    "grossProfit": 554200000,
    "grossProfitRatio": 0.6563240171,
    "researchAndDevelopmentExpenses": 141400000,
    "generalAndAdministrativeExpenses": 76400000,
    "sellingAndMarketingExpenses": 115400000,
    "sellingGeneralAndAdministrativeExpenses": 191800000,
    "otherExpenses": 128600000,
    "operatingExpenses": 461800000,
    "costAndExpenses": 752000000,
    "interestIncome": 0,
    "interestExpense": 23900000,
    "depreciationAndAmortization": 50700000,
    "ebitda": 144300000,
    "ebitdaratio": 0.1708905732,
    "operatingIncome": 92400000,
    "operatingIncomeRatio": 0.1094268119,
    "totalOtherIncomeExpensesNet": -22700000,
    "incomeBeforeTax": 69700000,
    "incomeBeforeTaxRatio": 0.0825438181,
    "incomeTaxExpense": 4600000,
    "netIncome": 64700000,
    "netIncomeRatio": 0.0766224538,
    "eps": 0.39,
    "epsdiluted": 0.38,
    "weightedAverageShsOut": 167258000,
    "weightedAverageShsOutDil": 171405000,
    "link": "https://www.sec.gov/Archives/edgar/data/1609711/000160971120000145/0001609711-20-000145-index.htm",
    "finalLink": "https://www.sec.gov/Archives/edgar/data/1609711/000160971120000145/gddy-20200930.htm"
  },
  {
    "date": "2020-06-30",
    "symbol": "GDDY",
    "reportedCurrency": "USD",
    "cik": "0001609711",
    "fillingDate": "2020-08-06",
    "acceptedDate": "2020-08-05 18:10:05",
    "calendarYear": "2020",
    "period": "Q2",
    "revenue": 806400000,
    "costOfRevenue": 289400000,
    "grossProfit": 517000000,
    "grossProfitRatio": 0.6411210317,
    "researchAndDevelopmentExpenses": 135900000,
    "generalAndAdministrativeExpenses": 82200000,
    "sellingAndMarketingExpenses": 104400000,
    "sellingGeneralAndAdministrativeExpenses": 186600000,
    "otherExpenses": 171600000,
    "operatingExpenses": 494100000,
    "costAndExpenses": 783500000,
    "interestIncome": 0,
    "interestExpense": 19400000,
    "depreciationAndAmortization": 48400000,
    "ebitda": -604500000,
    "ebitdaratio": -0.7496279762,
    "operatingIncome": 22900000,
    "operatingIncomeRatio": 0.0283978175,
    "totalOtherIncomeExpensesNet": -695200000,
    "incomeBeforeTax": -672300000,
    "incomeBeforeTaxRatio": -0.8337053571,
    "incomeTaxExpense": 900000,
    "netIncome": -673200000,
    "netIncomeRatio": -0.8348214286,
    "eps": -4.06,
    "epsdiluted": -4.06,
    "weightedAverageShsOut": 165812807,
    "weightedAverageShsOutDil": 165845000,
    "link": "https://www.sec.gov/Archives/edgar/data/1609711/000160971120000108/0001609711-20-000108-index.htm",
    "finalLink": "https://www.sec.gov/Archives/edgar/data/1609711/000160971120000108/gddy-20200630.htm"
  },
  {
    "date": "2020-03-31",
    "symbol": "GDDY",
    "reportedCurrency": "USD",
    "cik": "0001609711",
    "fillingDate": "2020-05-07",
    "acceptedDate": "2020-05-06 21:47:43",
    "calendarYear": "2020",
    "period": "Q1",
    "revenue": 792000000,
    "costOfRevenue": 277100000,
    "grossProfit": 514900000,
    "grossProfitRatio": 0.6501262626,
    "researchAndDevelopmentExpenses": 134500000,
    "generalAndAdministrativeExpenses": 85500000,
    "sellingAndMarketingExpenses": 93100000,
    "sellingGeneralAndAdministrativeExpenses": 178600000,
    "otherExpenses": 137400000,
    "operatingExpenses": 450500000,
    "costAndExpenses": 727600000,
    "interestIncome": 0,
    "interestExpense": 21200000,
    "depreciationAndAmortization": 52200000,
    "ebitda": 115200000,
    "ebitdaratio": 0.1454545455,
    "operatingIncome": 64400000,
    "operatingIncomeRatio": 0.0813131313,
    "totalOtherIncomeExpensesNet": -22600000,
    "incomeBeforeTax": 41800000,
    "incomeBeforeTaxRatio": 0.0527777778,
    "incomeTaxExpense": -1400000,
    "netIncome": 42900000,
    "netIncomeRatio": 0.0541666667,
    "eps": 0.25,
    "epsdiluted": 0.24,
    "weightedAverageShsOut": 173113000,
    "weightedAverageShsOutDil": 177857000,
    "link": "https://www.sec.gov/Archives/edgar/data/1609711/000160971120000060/0001609711-20-000060-index.htm",
    "finalLink": "https://www.sec.gov/Archives/edgar/data/1609711/000160971120000060/gddy-20200331.htm"
  },
  {
    "date": "2019-12-31",
    "symbol": "GDDY",
    "reportedCurrency": "USD",
    "cik": "0001609711",
    "fillingDate": "2020-02-21",
    "acceptedDate": "2020-02-20 17:43:18",
    "calendarYear": "2019",
    "period": "Q4",
    "revenue": 780400000,
    "costOfRevenue": 270800000,
    "grossProfit": 509600000,
    "grossProfitRatio": 0.6529984623,
    "researchAndDevelopmentExpenses": 125000000,
    "generalAndAdministrativeExpenses": 92100000,
    "sellingAndMarketingExpenses": 85400000,
    "sellingGeneralAndAdministrativeExpenses": 177500000,
    "otherExpenses": 133600000,
    "operatingExpenses": 436100000,
    "costAndExpenses": 706900000,
    "interestIncome": 0,
    "interestExpense": 21700000,
    "depreciationAndAmortization": 48800000,
    "ebitda": 127000000,
    "ebitdaratio": 0.1627370579,
    "operatingIncome": 73500000,
    "operatingIncomeRatio": 0.0941824705,
    "totalOtherIncomeExpensesNet": -17000000,
    "incomeBeforeTax": 56500000,
    "incomeBeforeTaxRatio": 0.0723987699,
    "incomeTaxExpense": -4600000,
    "netIncome": 60500000,
    "netIncomeRatio": 0.0775243465,
    "eps": 0.35,
    "epsdiluted": 0.34,
    "weightedAverageShsOut": 171870000,
    "weightedAverageShsOutDil": 177642000,
    "link": "https://www.sec.gov/Archives/edgar/data/1609711/000160971120000022/0001609711-20-000022-index.htm",
    "finalLink": "https://www.sec.gov/Archives/edgar/data/1609711/000160971120000022/gddy-20191231.htm"
  },
  {
    "date": "2019-09-30",
    "symbol": "GDDY",
    "reportedCurrency": "USD",
    "cik": "0001609711",
    "fillingDate": "2019-11-07",
    "acceptedDate": "2019-11-06 17:48:13",
    "calendarYear": "2019",
    "period": "Q3",
    "revenue": 760500000,
    "costOfRevenue": 265000000,
    "grossProfit": 495500000,
    "grossProfitRatio": 0.6515450362,
    "researchAndDevelopmentExpenses": 116400000,
    "generalAndAdministrativeExpenses": 72200000,
    "sellingAndMarketingExpenses": 79600000,
    "sellingGeneralAndAdministrativeExpenses": 151800000,
    "otherExpenses": 135900000,
    "operatingExpenses": 404100000,
    "costAndExpenses": 669100000,
    "interestIncome": 0,
    "interestExpense": 22900000,
    "depreciationAndAmortization": 49900000,
    "ebitda": 146900000,
    "ebitdaratio": 0.1931623932,
    "operatingIncome": 91400000,
    "operatingIncomeRatio": 0.1201840894,
    "totalOtherIncomeExpensesNet": -17300000,
    "incomeBeforeTax": 74100000,
    "incomeBeforeTaxRatio": 0.0974358974,
    "incomeTaxExpense": -2700000,
    "netIncome": 76200000,
    "netIncomeRatio": 0.1001972387,
    "eps": 0.44,
    "epsdiluted": 0.42,
    "weightedAverageShsOut": 174820000,
    "weightedAverageShsOutDil": 181654000,
    "link": "https://www.sec.gov/Archives/edgar/data/1609711/000160971119000228/0001609711-19-000228-index.htm",
    "finalLink": "https://www.sec.gov/Archives/edgar/data/1609711/000160971119000228/gddy10q-20190930xq3.htm"
  },
  {
    "date": "2019-06-30",
    "symbol": "GDDY",
    "reportedCurrency": "USD",
    "cik": "0001609711",
    "fillingDate": "2019-08-02",
    "acceptedDate": "2019-08-01 20:17:48",
    "calendarYear": "2019",
    "period": "Q2",
    "revenue": 737200000,
    "costOfRevenue": 254600000,
    "grossProfit": 482600000,
    "grossProfitRatio": 0.6546391753,
    "researchAndDevelopmentExpenses": 127200000,
    "generalAndAdministrativeExpenses": 104800000,
    "sellingAndMarketingExpenses": 90300000,
    "sellingGeneralAndAdministrativeExpenses": 195100000,
    "otherExpenses": 141400000,
    "operatingExpenses": 463700000,
    "costAndExpenses": 718300000,
    "interestIncome": 0,
    "interestExpense": 23100000,
    "depreciationAndAmortization": 53800000,
    "ebitda": 63400000,
    "ebitdaratio": 0.0860010852,
    "operatingIncome": 18900000,
    "operatingIncomeRatio": 0.0256375475,
    "totalOtherIncomeExpensesNet": -32400000,
    "incomeBeforeTax": -13500000,
    "incomeBeforeTaxRatio": -0.0183125339,
    "incomeTaxExpense": -800000,
    "netIncome": -12600000,
    "netIncomeRatio": -0.0170916983,
    "eps": -0.0716,
    "epsdiluted": -0.0716,
    "weightedAverageShsOut": 176007000,
    "weightedAverageShsOutDil": 176007000,
    "link": "https://www.sec.gov/Archives/edgar/data/1609711/000160971119000192/0001609711-19-000192-index.htm",
    "finalLink": "https://www.sec.gov/Archives/edgar/data/1609711/000160971119000192/gddy10q-20190630xq2.htm"
  },
  {
    "date": "2019-03-31",
    "symbol": "GDDY",
    "reportedCurrency": "USD",
    "cik": "0001609711",
    "fillingDate": "2019-05-03",
    "acceptedDate": "2019-05-02 18:10:19",
    "calendarYear": "2019",
    "period": "Q1",
    "revenue": 710000000,
    "costOfRevenue": 236400000,
    "grossProfit": 473600000,
    "grossProfitRatio": 0.6670422535,
    "researchAndDevelopmentExpenses": 124000000,
    "generalAndAdministrativeExpenses": 93000000,
    "sellingAndMarketingExpenses": 90300000,
    "sellingGeneralAndAdministrativeExpenses": 183300000,
    "otherExpenses": 147500000,
    "operatingExpenses": 454800000,
    "costAndExpenses": 691200000,
    "interestIncome": 0,
    "interestExpense": 24400000,
    "depreciationAndAmortization": 57200000,
    "ebitda": 90900000,
    "ebitdaratio": 0.128028169,
    "operatingIncome": 18800000,
    "operatingIncomeRatio": 0.0264788732,
    "totalOtherIncomeExpensesNet": -9500000,
    "incomeBeforeTax": 9300000,
    "incomeBeforeTaxRatio": 0.0130985915,
    "incomeTaxExpense": -3900000,
    "netIncome": 12900000,
    "netIncomeRatio": 0.0181690141,
    "eps": 0.0754,
    "epsdiluted": 0.0704,
    "weightedAverageShsOut": 171001000,
    "weightedAverageShsOutDil": 183148000,
    "link": "https://www.sec.gov/Archives/edgar/data/1609711/000160971119000089/0001609711-19-000089-index.htm",
    "finalLink": "https://www.sec.gov/Archives/edgar/data/1609711/000160971119000089/gddy10q-20190331xq1.htm"
  },
  {
    "date": "2018-12-31",
    "symbol": "GDDY",
    "reportedCurrency": "USD",
    "cik": "0001609711",
    "fillingDate": "2019-02-22",
    "acceptedDate": "2019-02-21 17:42:14",
    "calendarYear": "2018",
    "period": "Q4",
    "revenue": 695800000,
    "costOfRevenue": 230400000,
    "grossProfit": 465400000,
    "grossProfitRatio": 0.668870365,
    "researchAndDevelopmentExpenses": 114700000,
    "generalAndAdministrativeExpenses": 86900000,
    "sellingAndMarketingExpenses": 79400000,
    "sellingGeneralAndAdministrativeExpenses": 166300000,
    "otherExpenses": 142600000,
    "operatingExpenses": 423600000,
    "costAndExpenses": 654000000,
    "interestIncome": 0,
    "interestExpense": 24900000,
    "depreciationAndAmortization": 58000000,
    "ebitda": 119800000,
    "ebitdaratio": 0.1721759126,
    "operatingIncome": 41800000,
    "operatingIncomeRatio": 0.0600747341,
    "totalOtherIncomeExpensesNet": -4900000,
    "incomeBeforeTax": 36900000,
    "incomeBeforeTaxRatio": 0.0530324806,
    "incomeTaxExpense": -6600000,
    "netIncome": 42500000,
    "netIncomeRatio": 0.0610807703,
    "eps": 0.25,
    "epsdiluted": 0.23,
    "weightedAverageShsOut": 167753000,
    "weightedAverageShsOutDil": 182244000,
    "link": "https://www.sec.gov/Archives/edgar/data/1609711/000160971119000012/0001609711-19-000012-index.htm",
    "finalLink": "https://www.sec.gov/Archives/edgar/data/1609711/000160971119000012/a201810-kx10kdocument.htm"
  },
  {
    "date": "2018-09-30",
    "symbol": "GDDY",
    "reportedCurrency": "USD",
    "cik": "0001609711",
    "fillingDate": "2018-11-07",
    "acceptedDate": "2018-11-06 18:19:45",
    "calendarYear": "2018",
    "period": "Q3",
    "revenue": 679500000,
    "costOfRevenue": 226900000,
    "grossProfit": 452600000,
    "grossProfitRatio": 0.6660779985,
    "researchAndDevelopmentExpenses": 112200000,
    "generalAndAdministrativeExpenses": 89700000,
    "sellingAndMarketingExpenses": 70100000,
    "sellingGeneralAndAdministrativeExpenses": 159800000,
    "otherExpenses": 143100000,
    "operatingExpenses": 415100000,
    "costAndExpenses": 642000000,
    "interestIncome": 0,
    "interestExpense": 25000000,
    "depreciationAndAmortization": 61300000,
    "ebitda": 99500000,
    "ebitdaratio": 0.1464311994,
    "operatingIncome": 37500000,
    "operatingIncomeRatio": 0.055187638,
    "totalOtherIncomeExpensesNet": -24300000,
    "incomeBeforeTax": 13200000,
    "incomeBeforeTaxRatio": 0.0194260486,
    "incomeTaxExpense": -900000,
    "netIncome": 13200000,
    "netIncomeRatio": 0.0194260486,
    "eps": 0.0813,
    "epsdiluted": 0.0724,
    "weightedAverageShsOut": 162359000,
    "weightedAverageShsOutDil": 182392000,
    "link": "https://www.sec.gov/Archives/edgar/data/1609711/000160971118000228/0001609711-18-000228-index.htm",
    "finalLink": "https://www.sec.gov/Archives/edgar/data/1609711/000160971118000228/gddy10q-20180930xq3.htm"
  },
  {
    "date": "2018-06-30",
    "symbol": "GDDY",
    "reportedCurrency": "USD",
    "cik": "0001609711",
    "fillingDate": "2018-08-03",
    "acceptedDate": "2018-08-02 19:54:19",
    "calendarYear": "2018",
    "period": "Q2",
    "revenue": 651600000,
    "costOfRevenue": 221300000,
    "grossProfit": 430300000,
    "grossProfitRatio": 0.6603744629,
    "researchAndDevelopmentExpenses": 105100000,
    "generalAndAdministrativeExpenses": 81000000,
    "sellingAndMarketingExpenses": 67400000,
    "sellingGeneralAndAdministrativeExpenses": 148400000,
    "otherExpenses": 133300000,
    "operatingExpenses": 386800000,
    "costAndExpenses": 608100000,
    "interestIncome": 0,
    "interestExpense": 24700000,
    "depreciationAndAmortization": 57000000,
    "ebitda": 100700000,
    "ebitdaratio": 0.1545426642,
    "operatingIncome": 43500000,
    "operatingIncomeRatio": 0.0667587477,
    "totalOtherIncomeExpensesNet": -24500000,
    "incomeBeforeTax": 19000000,
    "incomeBeforeTaxRatio": 0.0291589932,
    "incomeTaxExpense": -1200000,
    "netIncome": 18100000,
    "netIncomeRatio": 0.0277777778,
    "eps": 0.12,
    "epsdiluted": 0.1,
    "weightedAverageShsOut": 152577000,
    "weightedAverageShsOutDil": 180881000,
    "link": "https://www.sec.gov/Archives/edgar/data/1609711/000160971118000186/0001609711-18-000186-index.htm",
    "finalLink": "https://www.sec.gov/Archives/edgar/data/1609711/000160971118000186/gddy10q-20180630xq2.htm"
  },
  {
    "date": "2018-03-31",
    "symbol": "GDDY",
    "reportedCurrency": "USD",
    "cik": "0001609711",
    "fillingDate": "2018-05-09",
    "acceptedDate": "2018-05-08 18:02:21",
    "calendarYear": "2018",
    "period": "Q1",
    "revenue": 633200000,
    "costOfRevenue": 215300000,
    "grossProfit": 417900000,
    "grossProfitRatio": 0.6599810486,
    "researchAndDevelopmentExpenses": 102000000,
    "generalAndAdministrativeExpenses": 76400000,
    "sellingAndMarketingExpenses": 74500000,
    "sellingGeneralAndAdministrativeExpenses": 150900000,
    "otherExpenses": 138200000,
    "operatingExpenses": 391100000,
    "costAndExpenses": 606400000,
    "interestIncome": 0,
    "interestExpense": 23800000,
    "depreciationAndAmortization": 57800000,
    "ebitda": 85500000,
    "ebitdaratio": 0.135028427,
    "operatingIncome": 26800000,
    "operatingIncomeRatio": 0.0423246999,
    "totalOtherIncomeExpensesNet": -22900000,
    "incomeBeforeTax": 3900000,
    "incomeBeforeTaxRatio": 0.0061591914,
    "incomeTaxExpense": -300000,
    "netIncome": 3300000,
    "netIncomeRatio": 0.0052116235,
    "eps": 0.0239,
    "epsdiluted": 0.0185,
    "weightedAverageShsOut": 137841000,
    "weightedAverageShsOutDil": 178787000,
    "link": "https://www.sec.gov/Archives/edgar/data/1609711/000160971118000129/0001609711-18-000129-index.htm",
    "finalLink": "https://www.sec.gov/Archives/edgar/data/1609711/000160971118000129/gddy10q-20180331xq1.htm"
  },
  {
    "date": "2017-12-31",
    "symbol": "GDDY",
    "reportedCurrency": "USD",
    "cik": "0001609711",
    "fillingDate": "2018-02-27",
    "acceptedDate": "2018-02-27 16:09:16",
    "calendarYear": "2017",
    "period": "Q4",
    "revenue": 602200000,
    "costOfRevenue": 202000000,
    "grossProfit": 400200000,
    "grossProfitRatio": 0.664563268,
    "researchAndDevelopmentExpenses": 94500000,
    "generalAndAdministrativeExpenses": 84200000,
    "sellingAndMarketingExpenses": 64500000,
    "sellingGeneralAndAdministrativeExpenses": 148700000,
    "otherExpenses": 134000000,
    "operatingExpenses": 377200000,
    "costAndExpenses": 579200000,
    "interestIncome": 0,
    "interestExpense": 23800000,
    "depreciationAndAmortization": 58700000,
    "ebitda": 168500000,
    "ebitdaratio": 0.279807373,
    "operatingIncome": 23000000,
    "operatingIncomeRatio": 0.0381932913,
    "totalOtherIncomeExpensesNet": 63000000,
    "incomeBeforeTax": 86000000,
    "incomeBeforeTaxRatio": 0.1428096978,
    "incomeTaxExpense": -12300000,
    "netIncome": 92600000,
    "netIncomeRatio": 0.1537695118,
    "eps": 0.72,
    "epsdiluted": 0.52,
    "weightedAverageShsOut": 128388000,
    "weightedAverageShsOutDil": 176732000,
    "link": "https://www.sec.gov/Archives/edgar/data/1609711/000160971118000035/0001609711-18-000035-index.htm",
    "finalLink": "https://www.sec.gov/Archives/edgar/data/1609711/000160971118000035/a12312017-10k.htm"
  },
  {
    "date": "2017-09-30",
    "symbol": "GDDY",
    "reportedCurrency": "USD",
    "cik": "0001609711",
    "fillingDate": "2017-11-08",
    "acceptedDate": "2017-11-08 08:31:40",
    "calendarYear": "2017",
    "period": "Q3",
    "revenue": 582200000,
    "costOfRevenue": 200300000,
    "grossProfit": 381900000,
    "grossProfitRatio": 0.6559601512,
    "researchAndDevelopmentExpenses": 91000000,
    "generalAndAdministrativeExpenses": 65400000,
    "sellingAndMarketingExpenses": 58800000,
    "sellingGeneralAndAdministrativeExpenses": 124200000,
    "otherExpenses": 134600000,
    "operatingExpenses": 349800000,
    "costAndExpenses": 550100000,
    "interestIncome": 0,
    "interestExpense": 24400000,
    "depreciationAndAmortization": 60000000,
    "ebitda": 88500000,
    "ebitdaratio": 0.1520096187,
    "operatingIncome": 32100000,
    "operatingIncomeRatio": 0.0551356922,
    "totalOtherIncomeExpensesNet": -28000000,
    "incomeBeforeTax": 4100000,
    "incomeBeforeTaxRatio": 0.0070422535,
    "incomeTaxExpense": -3000000,
    "netIncome": 22400000,
    "netIncomeRatio": 0.0384747509,
    "eps": 0.2,
    "epsdiluted": 0.13,
    "weightedAverageShsOut": 114836000,
    "weightedAverageShsOutDil": 175219000,
    "link": "https://www.sec.gov/Archives/edgar/data/1609711/000160971117000249/0001609711-17-000249-index.htm",
    "finalLink": "https://www.sec.gov/Archives/edgar/data/1609711/000160971117000249/gddy10q-20170930xq3.htm"
  },
  {
    "date": "2017-06-30",
    "symbol": "GDDY",
    "reportedCurrency": "USD",
    "cik": "0001609711",
    "fillingDate": "2017-08-09",
    "acceptedDate": "2017-08-09 17:04:26",
    "calendarYear": "2017",
    "period": "Q2",
    "revenue": 557800000,
    "costOfRevenue": 196400000,
    "grossProfit": 361400000,
    "grossProfitRatio": 0.647902474,
    "researchAndDevelopmentExpenses": 90100000,
    "generalAndAdministrativeExpenses": 71800000,
    "sellingAndMarketingExpenses": 62500000,
    "sellingGeneralAndAdministrativeExpenses": 134300000,
    "otherExpenses": 130900000,
    "operatingExpenses": 355300000,
    "costAndExpenses": 551700000,
    "interestIncome": 0,
    "interestExpense": 22000000,
    "depreciationAndAmortization": 55500000,
    "ebitda": 96300000,
    "ebitdaratio": 0.1726425242,
    "operatingIncome": 6100000,
    "operatingIncomeRatio": 0.0109358193,
    "totalOtherIncomeExpensesNet": 12700000,
    "incomeBeforeTax": 18800000,
    "incomeBeforeTaxRatio": 0.0337038365,
    "incomeTaxExpense": -4600000,
    "netIncome": 20800000,
    "netIncomeRatio": 0.037289351,
    "eps": 0.2,
    "epsdiluted": 0.12,
    "weightedAverageShsOut": 101800000,
    "weightedAverageShsOutDil": 176716000,
    "link": "https://www.sec.gov/Archives/edgar/data/1609711/000160971117000164/0001609711-17-000164-index.htm",
    "finalLink": "https://www.sec.gov/Archives/edgar/data/1609711/000160971117000164/gddy10q-20170630xq2.htm"
  },
  {
    "date": "2017-03-31",
    "symbol": "GDDY",
    "reportedCurrency": "USD",
    "cik": "0001609711",
    "fillingDate": "2017-05-08",
    "acceptedDate": "2017-05-08 16:34:09",
    "calendarYear": "2017",
    "period": "Q1",
    "revenue": 489700000,
    "costOfRevenue": 176800000,
    "grossProfit": 312900000,
    "grossProfitRatio": 0.6389626302,
    "researchAndDevelopmentExpenses": 80200000,
    "generalAndAdministrativeExpenses": 61000000,
    "sellingAndMarketingExpenses": 67400000,
    "sellingGeneralAndAdministrativeExpenses": 128400000,
    "otherExpenses": 98600000,
    "operatingExpenses": 307200000,
    "costAndExpenses": 484000000,
    "interestIncome": 0,
    "interestExpense": 12800000,
    "depreciationAndAmortization": 31600000,
    "ebitda": 42300000,
    "ebitdaratio": 0.086379416,
    "operatingIncome": 5700000,
    "operatingIncomeRatio": 0.0116397795,
    "totalOtherIncomeExpensesNet": -7800000,
    "incomeBeforeTax": -2100000,
    "incomeBeforeTaxRatio": -0.0042883398,
    "incomeTaxExpense": 1000000,
    "netIncome": 600000,
    "netIncomeRatio": 0.0012252399,
    "eps": 0.0067,
    "epsdiluted": 0.006,
    "weightedAverageShsOut": 89600000,
    "weightedAverageShsOutDil": 100242000,
    "link": "https://www.sec.gov/Archives/edgar/data/1609711/000160971117000091/0001609711-17-000091-index.htm",
    "finalLink": "https://www.sec.gov/Archives/edgar/data/1609711/000160971117000091/gddy10q-20170331xq1.htm"
  },
  {
    "date": "2016-12-31",
    "symbol": "GDDY",
    "reportedCurrency": "USD",
    "cik": "0001609711",
    "fillingDate": "2017-02-28",
    "acceptedDate": "2017-02-28 16:12:05",
    "calendarYear": "2016",
    "period": "Q4",
    "revenue": 485900000,
    "costOfRevenue": 172100000,
    "grossProfit": 313800000,
    "grossProfitRatio": 0.6458118955,
    "researchAndDevelopmentExpenses": 73600000,
    "generalAndAdministrativeExpenses": 67400000,
    "sellingAndMarketingExpenses": 57900000,
    "sellingGeneralAndAdministrativeExpenses": 125300000,
    "otherExpenses": 97000000,
    "operatingExpenses": 295900000,
    "costAndExpenses": 468000000,
    "interestIncome": 0,
    "interestExpense": 14200000,
    "depreciationAndAmortization": 38500000,
    "ebitda": 52200000,
    "ebitdaratio": 0.1074295122,
    "operatingIncome": 17900000,
    "operatingIncomeRatio": 0.0368388557,
    "totalOtherIncomeExpensesNet": -18400000,
    "incomeBeforeTax": -500000,
    "incomeBeforeTaxRatio": -0.0010290183,
    "incomeTaxExpense": 300000,
    "netIncome": -1900000,
    "netIncomeRatio": -0.0039102696,
    "eps": -0.0216,
    "epsdiluted": -0.0216,
    "weightedAverageShsOut": 87774000,
    "weightedAverageShsOutDil": 87774000,
    "link": "https://www.sec.gov/Archives/edgar/data/1609711/000160971117000042/0001609711-17-000042-index.htm",
    "finalLink": "https://www.sec.gov/Archives/edgar/data/1609711/000160971117000042/gddy-12312016x10k.htm"
  },
  {
    "date": "2016-09-30",
    "symbol": "GDDY",
    "reportedCurrency": "USD",
    "cik": "0001609711",
    "fillingDate": "2016-11-03",
    "acceptedDate": "2016-11-02 19:01:23",
    "calendarYear": "2016",
    "period": "Q3",
    "revenue": 472100000,
    "costOfRevenue": 169200000,
    "grossProfit": 302900000,
    "grossProfitRatio": 0.6416013556,
    "researchAndDevelopmentExpenses": 72300000,
    "generalAndAdministrativeExpenses": 52800000,
    "sellingAndMarketingExpenses": 53400000,
    "sellingGeneralAndAdministrativeExpenses": 106200000,
    "otherExpenses": 103200000,
    "operatingExpenses": 281700000,
    "costAndExpenses": 450900000,
    "interestIncome": 0,
    "interestExpense": 14400000,
    "depreciationAndAmortization": 43400000,
    "ebitda": 65200000,
    "ebitdaratio": 0.1381063334,
    "operatingIncome": 21200000,
    "operatingIncomeRatio": 0.0449057403,
    "totalOtherIncomeExpensesNet": -13800000,
    "incomeBeforeTax": 7400000,
    "incomeBeforeTaxRatio": 0.0156746452,
    "incomeTaxExpense": -900000,
    "netIncome": 4800000,
    "netIncomeRatio": 0.0101673374,
    "eps": 0.0573,
    "epsdiluted": 0.0496,
    "weightedAverageShsOut": 83733000,
    "weightedAverageShsOutDil": 96743000,
    "link": "https://www.sec.gov/Archives/edgar/data/1609711/000160971116000295/0001609711-16-000295-index.htm",
    "finalLink": "https://www.sec.gov/Archives/edgar/data/1609711/000160971116000295/gddy10q-20160930xq3.htm"
  },
  {
    "date": "2016-06-30",
    "symbol": "GDDY",
    "reportedCurrency": "USD",
    "cik": "0001609711",
    "fillingDate": "2016-08-04",
    "acceptedDate": "2016-08-03 18:38:03",
    "calendarYear": "2016",
    "period": "Q2",
    "revenue": 456200000,
    "costOfRevenue": 162100000,
    "grossProfit": 294100000,
    "grossProfitRatio": 0.6446733889,
    "researchAndDevelopmentExpenses": 70200000,
    "generalAndAdministrativeExpenses": 52800000,
    "sellingAndMarketingExpenses": 60000000,
    "sellingGeneralAndAdministrativeExpenses": 112800000,
    "otherExpenses": 101400000,
    "operatingExpenses": 284400000,
    "costAndExpenses": 446500000,
    "interestIncome": 0,
    "interestExpense": 14300000,
    "depreciationAndAmortization": 39300000,
    "ebitda": 42100000,
    "ebitdaratio": 0.0922840859,
    "operatingIncome": 9700000,
    "operatingIncomeRatio": 0.0212626041,
    "totalOtherIncomeExpensesNet": -21200000,
    "incomeBeforeTax": -11500000,
    "incomeBeforeTaxRatio": -0.025208242,
    "incomeTaxExpense": -400000,
    "netIncome": -8900000,
    "netIncomeRatio": -0.0195089873,
    "eps": -0.11,
    "epsdiluted": -0.11,
    "weightedAverageShsOut": 79872000,
    "weightedAverageShsOutDil": 79872000,
    "link": "https://www.sec.gov/Archives/edgar/data/1609711/000160971116000172/0001609711-16-000172-index.htm",
    "finalLink": "https://www.sec.gov/Archives/edgar/data/1609711/000160971116000172/a6302016-2qx2016x10xq.htm"
  },
  {
    "date": "2016-03-31",
    "symbol": "GDDY",
    "reportedCurrency": "USD",
    "cik": "0001609711",
    "fillingDate": "2016-05-06",
    "acceptedDate": "2016-05-06 16:33:40",
    "calendarYear": "2016",
    "period": "Q1",
    "revenue": 433700000,
    "costOfRevenue": 154400000,
    "grossProfit": 279300000,
    "grossProfitRatio": 0.6439935439,
    "researchAndDevelopmentExpenses": 71700000,
    "generalAndAdministrativeExpenses": 48200000,
    "sellingAndMarketingExpenses": 57500000,
    "sellingGeneralAndAdministrativeExpenses": 105700000,
    "otherExpenses": 100600000,
    "operatingExpenses": 278000000,
    "costAndExpenses": 432400000,
    "interestIncome": 0,
    "interestExpense": 14300000,
    "depreciationAndAmortization": 38900000,
    "ebitda": 36300000,
    "ebitdaratio": 0.083698409,
    "operatingIncome": 1300000,
    "operatingIncomeRatio": 0.0029974637,
    "totalOtherIncomeExpensesNet": -18200000,
    "incomeBeforeTax": -16900000,
    "incomeBeforeTaxRatio": -0.0389670279,
    "incomeTaxExpense": 1400000,
    "netIncome": -10500000,
    "netIncomeRatio": -0.0242102836,
    "eps": -0.15,
    "epsdiluted": -0.15,
    "weightedAverageShsOut": 67834000,
    "weightedAverageShsOutDil": 67834000,
    "link": "https://www.sec.gov/Archives/edgar/data/1609711/000160971116000114/0001609711-16-000114-index.htm",
    "finalLink": "https://www.sec.gov/Archives/edgar/data/1609711/000160971116000114/a1q201610-q.htm"
  },
  {
    "date": "2015-12-31",
    "symbol": "GDDY",
    "reportedCurrency": "USD",
    "cik": "0001609711",
    "fillingDate": "2016-03-03",
    "acceptedDate": "2016-03-02 17:59:12",
    "calendarYear": "2015",
    "period": "Q4",
    "revenue": 425400000,
    "costOfRevenue": 145000000,
    "grossProfit": 280400000,
    "grossProfitRatio": 0.6591443347,
    "researchAndDevelopmentExpenses": 69000000,
    "generalAndAdministrativeExpenses": 50500000,
    "sellingAndMarketingExpenses": 51400000,
    "sellingGeneralAndAdministrativeExpenses": 103500000,
    "otherExpenses": 96700000,
    "operatingExpenses": 267600000,
    "costAndExpenses": 412600000,
    "interestIncome": 0,
    "interestExpense": 14500000,
    "depreciationAndAmortization": 42400000,
    "ebitda": 55500000,
    "ebitdaratio": 0.1304654443,
    "operatingIncome": 12800000,
    "operatingIncomeRatio": 0.0300893277,
    "totalOtherIncomeExpensesNet": -14200000,
    "incomeBeforeTax": -1400000,
    "incomeBeforeTaxRatio": -0.0032910202,
    "incomeTaxExpense": -900000,
    "netIncome": 100000,
    "netIncomeRatio": 0.0002350729,
    "eps": 0.0015,
    "epsdiluted": 0.0015,
    "weightedAverageShsOut": 66244000,
    "weightedAverageShsOutDil": 66244000,
    "link": "https://www.sec.gov/Archives/edgar/data/1609711/000160971116000048/0001609711-16-000048-index.htm",
    "finalLink": "https://www.sec.gov/Archives/edgar/data/1609711/000160971116000048/gddy-12312015x10k.htm"
  },
  {
    "date": "2015-09-30",
    "symbol": "GDDY",
    "reportedCurrency": "USD",
    "cik": "0001609711",
    "fillingDate": "2015-11-05",
    "acceptedDate": "2015-11-04 19:00:39",
    "calendarYear": "2015",
    "period": "Q3",
    "revenue": 411100000,
    "costOfRevenue": 144000000,
    "grossProfit": 267100000,
    "grossProfitRatio": 0.6497202627,
    "researchAndDevelopmentExpenses": 67500000,
    "generalAndAdministrativeExpenses": 44600000,
    "sellingAndMarketingExpenses": 49300000,
    "sellingGeneralAndAdministrativeExpenses": 93500000,
    "otherExpenses": 95400000,
    "operatingExpenses": 256200000,
    "costAndExpenses": 400200000,
    "interestIncome": 0,
    "interestExpense": 14600000,
    "depreciationAndAmortization": 40600000,
    "ebitda": 50900000,
    "ebitdaratio": 0.1238141571,
    "operatingIncome": 10900000,
    "operatingIncomeRatio": 0.0265142301,
    "totalOtherIncomeExpensesNet": -15200000,
    "incomeBeforeTax": -4300000,
    "incomeBeforeTaxRatio": -0.0104597422,
    "incomeTaxExpense": 900000,
    "netIncome": -2500000,
    "netIncomeRatio": -0.0060812454,
    "eps": -0.04,
    "epsdiluted": -0.0385,
    "weightedAverageShsOut": 62500000,
    "weightedAverageShsOutDil": 64999000,
    "link": "https://www.sec.gov/Archives/edgar/data/1609711/000160971115000027/0001609711-15-000027-index.htm",
    "finalLink": "https://www.sec.gov/Archives/edgar/data/1609711/000160971115000027/gddy-9302015x10q.htm"
  },
  {
    "date": "2015-06-30",
    "symbol": "GDDY",
    "reportedCurrency": "USD",
    "cik": "0001609711",
    "fillingDate": "2015-08-06",
    "acceptedDate": "2015-08-05 19:17:33",
    "calendarYear": "2015",
    "period": "Q2",
    "revenue": 394500000,
    "costOfRevenue": 139700000,
    "grossProfit": 254800000,
    "grossProfitRatio": 0.6458808619,
    "researchAndDevelopmentExpenses": 67700000,
    "generalAndAdministrativeExpenses": 75800000,
    "sellingAndMarketingExpenses": 50800000,
    "sellingGeneralAndAdministrativeExpenses": 127300000,
    "otherExpenses": 94100000,
    "operatingExpenses": 288400000,
    "costAndExpenses": 428100000,
    "interestIncome": 0,
    "interestExpense": 16600000,
    "depreciationAndAmortization": 38400000,
    "ebitda": -16100000,
    "ebitdaratio": -0.0408111534,
    "operatingIncome": -33600000,
    "operatingIncomeRatio": -0.0851711027,
    "totalOtherIncomeExpensesNet": -37500000,
    "incomeBeforeTax": -71100000,
    "incomeBeforeTaxRatio": -0.1802281369,
    "incomeTaxExpense": 200000,
    "netIncome": -29800000,
    "netIncomeRatio": -0.0755386565,
    "eps": -0.46,
    "epsdiluted": -0.46,
    "weightedAverageShsOut": 64635000,
    "weightedAverageShsOutDil": 64635000,
    "link": "https://www.sec.gov/Archives/edgar/data/1609711/000160971115000018/0001609711-15-000018-index.htm",
    "finalLink": "https://www.sec.gov/Archives/edgar/data/1609711/000160971115000018/gddy-2015630x10q.htm"
  },
  {
    "date": "2015-03-31",
    "symbol": "GDDY",
    "reportedCurrency": "USD",
    "cik": "0001609711",
    "fillingDate": "2015-05-14",
    "acceptedDate": "2015-05-13 19:27:41",
    "calendarYear": "2015",
    "period": "Q1",
    "revenue": 376300000,
    "costOfRevenue": 137200000,
    "grossProfit": 239100000,
    "grossProfitRatio": 0.6353972894,
    "researchAndDevelopmentExpenses": 67600000,
    "generalAndAdministrativeExpenses": 47200000,
    "sellingAndMarketingExpenses": 50700000,
    "sellingGeneralAndAdministrativeExpenses": 98600000,
    "otherExpenses": 94100000,
    "operatingExpenses": 259600000,
    "costAndExpenses": 396800000,
    "interestIncome": 0,
    "interestExpense": 23500000,
    "depreciationAndAmortization": 37400000,
    "ebitda": 17100000,
    "ebitdaratio": 0.0454424661,
    "operatingIncome": -20500000,
    "operatingIncomeRatio": -0.0544778103,
    "totalOtherIncomeExpensesNet": -23300000,
    "incomeBeforeTax": -43800000,
    "incomeBeforeTaxRatio": -0.1163964922,
    "incomeTaxExpense": -400000,
    "netIncome": -43400000,
    "netIncomeRatio": -0.1153335105,
    "eps": -0.7,
    "epsdiluted": -0.7,
    "weightedAverageShsOut": 61825912,
    "weightedAverageShsOutDil": 61825912,
    "link": "https://www.sec.gov/Archives/edgar/data/1609711/000160971115000009/0001609711-15-000009-index.htm",
    "finalLink": "https://www.sec.gov/Archives/edgar/data/1609711/000160971115000009/gddy-2015331x10q.htm"
  },
  {
    "date": "2014-12-31",
    "symbol": "GDDY",
    "reportedCurrency": "USD",
    "cik": "0001609711",
    "fillingDate": "2014-12-31",
    "acceptedDate": "2014-12-30 19:00:00",
    "calendarYear": "2014",
    "period": "Q4",
    "revenue": 371661000,
    "costOfRevenue": 133764000,
    "grossProfit": 237897000,
    "grossProfitRatio": 0.6400913736,
    "researchAndDevelopmentExpenses": 67058000,
    "generalAndAdministrativeExpenses": 40813000,
    "sellingAndMarketingExpenses": 42989000,
    "sellingGeneralAndAdministrativeExpenses": 83802000,
    "otherExpenses": 89643000,
    "operatingExpenses": 240503000,
    "costAndExpenses": 374267000,
    "interestIncome": 0,
    "interestExpense": 23721000,
    "depreciationAndAmortization": 39737000,
    "ebitda": 36864000,
    "ebitdaratio": 0.0991871625,
    "operatingIncome": -2606000,
    "operatingIncomeRatio": -0.0070117661,
    "totalOtherIncomeExpensesNet": -23988000,
    "incomeBeforeTax": -26594000,
    "incomeBeforeTaxRatio": -0.0715544542,
    "incomeTaxExpense": 178000,
    "netIncome": -26772000,
    "netIncomeRatio": -0.0720333853,
    "eps": -0.21,
    "epsdiluted": -0.21,
    "weightedAverageShsOut": 128567000,
    "weightedAverageShsOutDil": 128567000,
    "link": "",
    "finalLink": ""
  },
  {
    "date": "2014-09-30",
    "symbol": "GDDY",
    "reportedCurrency": "USD",
    "cik": "0001609711",
    "fillingDate": "2014-09-30",
    "acceptedDate": "2014-09-29 20:00:00",
    "calendarYear": "2014",
    "period": "Q3",
    "revenue": 356900000,
    "costOfRevenue": 131700000,
    "grossProfit": 225200000,
    "grossProfitRatio": 0.6309890726,
    "researchAndDevelopmentExpenses": 62400000,
    "generalAndAdministrativeExpenses": 41800000,
    "sellingAndMarketingExpenses": 40200000,
    "sellingGeneralAndAdministrativeExpenses": 82000000,
    "otherExpenses": 87400000,
    "operatingExpenses": 231800000,
    "costAndExpenses": 363500000,
    "interestIncome": 0,
    "interestExpense": 23100000,
    "depreciationAndAmortization": 38531000,
    "ebitda": 33000000,
    "ebitdaratio": 0.0924628748,
    "operatingIncome": -6600000,
    "operatingIncomeRatio": -0.018492575,
    "totalOtherIncomeExpensesNet": -22000000,
    "incomeBeforeTax": -28600000,
    "incomeBeforeTaxRatio": -0.0801344915,
    "incomeTaxExpense": -1000000,
    "netIncome": -27600000,
    "netIncomeRatio": -0.0773325862,
    "eps": -0.21,
    "epsdiluted": -0.21,
    "weightedAverageShsOut": 128567000,
    "weightedAverageShsOutDil": 128567000,
    "link": "",
    "finalLink": ""
  },
  {
    "date": "2014-06-30",
    "symbol": "GDDY",
    "reportedCurrency": "USD",
    "cik": "0001609711",
    "fillingDate": "2014-06-30",
    "acceptedDate": "2014-06-29 20:00:00",
    "calendarYear": "2014",
    "period": "Q2",
    "revenue": 338500000,
    "costOfRevenue": 127100000,
    "grossProfit": 211400000,
    "grossProfitRatio": 0.6245199409,
    "researchAndDevelopmentExpenses": 63400000,
    "generalAndAdministrativeExpenses": 42900000,
    "sellingAndMarketingExpenses": 40500000,
    "sellingGeneralAndAdministrativeExpenses": 83400000,
    "otherExpenses": 83100000,
    "operatingExpenses": 229900000,
    "costAndExpenses": 357000000,
    "interestIncome": 0,
    "interestExpense": 20600000,
    "depreciationAndAmortization": 37765000,
    "ebitda": 20000000,
    "ebitdaratio": 0.059084195,
    "operatingIncome": -18500000,
    "operatingIncomeRatio": -0.0546528804,
    "totalOtherIncomeExpensesNet": -19900000,
    "incomeBeforeTax": -38400000,
    "incomeBeforeTaxRatio": -0.1134416544,
    "incomeTaxExpense": -800000,
    "netIncome": -37600000,
    "netIncomeRatio": -0.1110782866,
    "eps": -0.29,
    "epsdiluted": -0.29,
    "weightedAverageShsOut": 128567000,
    "weightedAverageShsOutDil": 128567000,
    "link": "",
    "finalLink": ""
  },
  {
    "date": "2014-03-31",
    "symbol": "GDDY",
    "reportedCurrency": "USD",
    "cik": "0001609711",
    "fillingDate": "2014-03-31",
    "acceptedDate": "2014-03-30 20:00:00",
    "calendarYear": "2014",
    "period": "Q1",
    "revenue": 320200000,
    "costOfRevenue": 125800000,
    "grossProfit": 194400000,
    "grossProfitRatio": 0.6071205497,
    "researchAndDevelopmentExpenses": 61586000,
    "generalAndAdministrativeExpenses": 42780000,
    "sellingAndMarketingExpenses": 41000000,
    "sellingGeneralAndAdministrativeExpenses": 83800000,
    "otherExpenses": 83100000,
    "operatingExpenses": 228500000,
    "costAndExpenses": 354300000,
    "interestIncome": 0,
    "interestExpense": 17600000,
    "depreciationAndAmortization": 36726000,
    "ebitda": 1800000,
    "ebitdaratio": 0.0056214866,
    "operatingIncome": -34100000,
    "operatingIncomeRatio": -0.10649594,
    "totalOtherIncomeExpensesNet": -18400000,
    "incomeBeforeTax": -52500000,
    "incomeBeforeTaxRatio": -0.163960025,
    "incomeTaxExpense": -1226000,
    "netIncome": -51300000,
    "netIncomeRatio": -0.1602123673,
    "eps": -0.4,
    "epsdiluted": -0.4,
    "weightedAverageShsOut": 128567000,
    "weightedAverageShsOutDil": 128567000,
    "link": "",
    "finalLink": ""
  },
  {
    "date": "2013-12-31",
    "symbol": "GDDY",
    "reportedCurrency": "USD",
    "cik": "0001609711",
    "fillingDate": "2013-12-31",
    "acceptedDate": "2013-12-30 19:00:00",
    "calendarYear": "2013",
    "period": "Q4",
    "revenue": 305929000,
    "costOfRevenue": 123059000,
    "grossProfit": 182870000,
    "grossProfitRatio": 0.5977530734,
    "researchAndDevelopmentExpenses": 62055000,
    "generalAndAdministrativeExpenses": 54409000,
    "sellingAndMarketingExpenses": 35611000,
    "sellingGeneralAndAdministrativeExpenses": 90020000,
    "otherExpenses": 81400000,
    "operatingExpenses": 233475000,
    "costAndExpenses": 356534000,
    "interestIncome": 0,
    "interestExpense": 18113000,
    "depreciationAndAmortization": 37894000,
    "ebitda": -11877000,
    "ebitdaratio": -0.0388227334,
    "operatingIncome": -50605000,
    "operatingIncomeRatio": -0.1654141974,
    "totalOtherIncomeExpensesNet": -17279000,
    "incomeBeforeTax": -67884000,
    "incomeBeforeTaxRatio": -0.2218946226,
    "incomeTaxExpense": -2433000,
    "netIncome": -65451000,
    "netIncomeRatio": -0.213941797,
    "eps": -0.52,
    "epsdiluted": -0.51,
    "weightedAverageShsOut": 126118086,
    "weightedAverageShsOutDil": 128567000,
    "link": "",
    "finalLink": ""
  },
  {
    "date": "2013-09-30",
    "symbol": "GDDY",
    "reportedCurrency": "USD",
    "cik": "0001609711",
    "fillingDate": "2013-09-30",
    "acceptedDate": "2013-09-29 20:00:00",
    "calendarYear": "2013",
    "period": "Q3",
    "revenue": 286126000,
    "costOfRevenue": 119774000,
    "grossProfit": 166352000,
    "grossProfitRatio": 0.5813942109,
    "researchAndDevelopmentExpenses": 53567000,
    "generalAndAdministrativeExpenses": 32784000,
    "sellingAndMarketingExpenses": 37452000,
    "sellingGeneralAndAdministrativeExpenses": 70236000,
    "otherExpenses": 73643000,
    "operatingExpenses": 197446000,
    "costAndExpenses": 317220000,
    "interestIncome": 0,
    "interestExpense": 17156000,
    "depreciationAndAmortization": 34067000,
    "ebitda": 4513000,
    "ebitdaratio": 0.0157727714,
    "operatingIncome": -31094000,
    "operatingIncomeRatio": -0.1086724031,
    "totalOtherIncomeExpensesNet": -15616000,
    "incomeBeforeTax": -46710000,
    "incomeBeforeTaxRatio": -0.1632497571,
    "incomeTaxExpense": 618000,
    "netIncome": -47328000,
    "netIncomeRatio": -0.1654096447,
    "eps": -0.37,
    "epsdiluted": -0.37,
    "weightedAverageShsOut": 126399790,
    "weightedAverageShsOutDil": 128567000,
    "link": "",
    "finalLink": ""
  },
  {
    "date": "2013-06-30",
    "symbol": "GDDY",
    "reportedCurrency": "USD",
    "cik": "0001609711",
    "fillingDate": "2013-06-30",
    "acceptedDate": "2013-06-29 20:00:00",
    "calendarYear": "2013",
    "period": "Q2",
    "revenue": 276018000,
    "costOfRevenue": 116498000,
    "grossProfit": 159520000,
    "grossProfitRatio": 0.5779333232,
    "researchAndDevelopmentExpenses": 45347000,
    "generalAndAdministrativeExpenses": 30638000,
    "sellingAndMarketingExpenses": 34626000,
    "sellingGeneralAndAdministrativeExpenses": 65264000,
    "otherExpenses": 66874000,
    "operatingExpenses": 177485000,
    "costAndExpenses": 293983000,
    "interestIncome": 0,
    "interestExpense": 17079000,
    "depreciationAndAmortization": 33486000,
    "ebitda": 15577000,
    "ebitdaratio": 0.0564347253,
    "operatingIncome": -17965000,
    "operatingIncomeRatio": -0.0650863349,
    "totalOtherIncomeExpensesNet": -17023000,
    "incomeBeforeTax": -34988000,
    "incomeBeforeTaxRatio": -0.126759849,
    "incomeTaxExpense": 351000,
    "netIncome": -35339000,
    "netIncomeRatio": -0.1280315052,
    "eps": -0.28,
    "epsdiluted": -0.27,
    "weightedAverageShsOut": 126243627,
    "weightedAverageShsOutDil": 128567000,
    "link": "",
    "finalLink": ""
  },
  {
    "date": "2013-03-31",
    "symbol": "GDDY",
    "reportedCurrency": "USD",
    "cik": "0001609711",
    "fillingDate": "2013-03-31",
    "acceptedDate": "2013-03-31 00:00:00",
    "calendarYear": "2013",
    "period": "Q1",
    "revenue": 262772000,
    "costOfRevenue": 114537000,
    "grossProfit": 148235000,
    "grossProfitRatio": 0.5641202259,
    "researchAndDevelopmentExpenses": 46972000,
    "generalAndAdministrativeExpenses": 26149000,
    "sellingAndMarketingExpenses": 37793000,
    "sellingGeneralAndAdministrativeExpenses": 63942000,
    "otherExpenses": 69582000,
    "operatingExpenses": 180496000,
    "costAndExpenses": 295033000,
    "interestIncome": 0,
    "interestExpense": 18630000,
    "depreciationAndAmortization": 35120000,
    "ebitda": 2306000,
    "ebitdaratio": 0.0087756686,
    "operatingIncome": -32261000,
    "operatingIncomeRatio": -0.1227718326,
    "totalOtherIncomeExpensesNet": -19183000,
    "incomeBeforeTax": -51444000,
    "incomeBeforeTaxRatio": -0.1957742834,
    "incomeTaxExpense": 322000,
    "netIncome": -51766000,
    "netIncomeRatio": -0.1969996803,
    "eps": -0.42,
    "epsdiluted": -0.4,
    "weightedAverageShsOut": 123252380,
    "weightedAverageShsOutDil": 128567000,
    "link": "",
    "finalLink": ""
  }
]