[
  {
    "date": "2025-06-30",
    "symbol": "GE",
    "reportedCurrency": "USD",
    "cik": "0000040545",
    "fillingDate": "2025-07-21",
    "acceptedDate": "2025-07-21 12:01:31",
    "calendarYear": "2025",
    "period": "Q2",
    "revenue": 11023000000,
    "costOfRevenue": 6846000000,
    "grossProfit": 4177000000,
    "grossProfitRatio": 0.3789349542,
    "researchAndDevelopmentExpenses": 359000000,
    "generalAndAdministrativeExpenses": 1020000000,
    "sellingAndMarketingExpenses": 0,
    "sellingGeneralAndAdministrativeExpenses": 1020000000,
    "otherExpenses": 705000000,
    "operatingExpenses": 2084000000,
    "costAndExpenses": 8923000000,
    "interestIncome": 160000000,
    "interestExpense": 158000000,
    "depreciationAndAmortization": 311000000,
    "ebitda": 2858000000,
    "ebitdaratio": 0.2592760591,
    "operatingIncome": 2099000000,
    "operatingIncomeRatio": 0.1904200308,
    "totalOtherIncomeExpensesNet": 290000000,
    "incomeBeforeTax": 2389000000,
    "incomeBeforeTaxRatio": 0.2167286583,
    "incomeTaxExpense": 388000000,
    "netIncome": 2028000000,
    "netIncomeRatio": 0.1839789531,
    "eps": 1.91,
    "epsdiluted": 1.89,
    "weightedAverageShsOut": 1067000000,
    "weightedAverageShsOutDil": 1067000000,
    "link": "https://www.sec.gov/Archives/edgar/data/40545/000004054525000111/0000040545-25-000111-index.htm",
    "finalLink": "https://www.sec.gov/Archives/edgar/data/40545/000004054525000111/ge-20250630.htm"
  },
  {
    "date": "2025-03-31",
    "symbol": "GE",
    "reportedCurrency": "USD",
    "cik": "0000040545",
    "fillingDate": "2025-04-22",
    "acceptedDate": "2025-04-22 06:26:15",
    "calendarYear": "2025",
    "period": "Q1",
    "revenue": 9934000000,
    "costOfRevenue": 5995000000,
    "grossProfit": 3939000000,
    "grossProfitRatio": 0.3965170123,
    "researchAndDevelopmentExpenses": 359000000,
    "generalAndAdministrativeExpenses": 1577000000,
    "sellingAndMarketingExpenses": 0,
    "sellingGeneralAndAdministrativeExpenses": 1577000000,
    "otherExpenses": 0,
    "operatingExpenses": 1936000000,
    "costAndExpenses": 7931000000,
    "interestIncome": 173000000,
    "interestExpense": 210000000,
    "depreciationAndAmortization": 299000000,
    "ebitda": 2754000000,
    "ebitdaratio": 0.2772297161,
    "operatingIncome": 2003000000,
    "operatingIncomeRatio": 0.201630763,
    "totalOtherIncomeExpensesNet": 242000000,
    "incomeBeforeTax": 2245000000,
    "incomeBeforeTaxRatio": 0.2259915442,
    "incomeTaxExpense": 283000000,
    "netIncome": 1978000000,
    "netIncomeRatio": 0.1991141534,
    "eps": 1.85,
    "epsdiluted": 1.83,
    "weightedAverageShsOut": 1070000000,
    "weightedAverageShsOutDil": 1078000000,
    "link": "https://www.sec.gov/Archives/edgar/data/40545/000004054525000062/0000040545-25-000062-index.htm",
    "finalLink": "https://www.sec.gov/Archives/edgar/data/40545/000004054525000062/ge-20250331.htm"
  },
  {
    "date": "2024-12-31",
    "symbol": "GE",
    "reportedCurrency": "USD",
    "cik": "0000040545",
    "fillingDate": "2025-02-03",
    "acceptedDate": "2025-02-03 06:31:16",
    "calendarYear": "2024",
    "period": "Q4",
    "revenue": 10811000000,
    "costOfRevenue": 6762000000,
    "grossProfit": 4049000000,
    "grossProfitRatio": 0.3745259458,
    "researchAndDevelopmentExpenses": 385000000,
    "generalAndAdministrativeExpenses": 4339000000,
    "sellingAndMarketingExpenses": -3280000000,
    "sellingGeneralAndAdministrativeExpenses": 1059000000,
    "otherExpenses": 0,
    "operatingExpenses": 1444000000,
    "costAndExpenses": 8206000000,
    "interestIncome": 197000000,
    "interestExpense": 224000000,
    "depreciationAndAmortization": 298000000,
    "ebitda": 2815000000,
    "ebitdaratio": 0.2603829433,
    "operatingIncome": 2605000000,
    "operatingIncomeRatio": 0.2409582832,
    "totalOtherIncomeExpensesNet": -312000000,
    "incomeBeforeTax": 2293000000,
    "incomeBeforeTaxRatio": 0.2120987883,
    "incomeTaxExpense": 395000000,
    "netIncome": 1899000000,
    "netIncomeRatio": 0.175654426,
    "eps": 1.76,
    "epsdiluted": 1.75,
    "weightedAverageShsOut": 1078977273,
    "weightedAverageShsOutDil": 1085142857,
    "link": "https://www.sec.gov/Archives/edgar/data/40545/000004054525000015/0000040545-25-000015-index.htm",
    "finalLink": "https://www.sec.gov/Archives/edgar/data/40545/000004054525000015/ge-20241231.htm"
  },
  {
    "date": "2024-09-30",
    "symbol": "GE",
    "reportedCurrency": "USD",
    "cik": "0000040545",
    "fillingDate": "2024-10-22",
    "acceptedDate": "2024-10-22 06:37:12",
    "calendarYear": "2024",
    "period": "Q3",
    "revenue": 9842000000,
    "costOfRevenue": 6226000000,
    "grossProfit": 3616000000,
    "grossProfitRatio": 0.367404999,
    "researchAndDevelopmentExpenses": 331000000,
    "generalAndAdministrativeExpenses": 714000000,
    "sellingAndMarketingExpenses": 1330000000,
    "sellingGeneralAndAdministrativeExpenses": 2044000000,
    "otherExpenses": 0,
    "operatingExpenses": 2375000000,
    "costAndExpenses": 8601000000,
    "interestIncome": 187000000,
    "interestExpense": 251000000,
    "depreciationAndAmortization": 313000000,
    "ebitda": 2457000000,
    "ebitdaratio": 0.2496443812,
    "operatingIncome": 1241000000,
    "operatingIncomeRatio": 0.1260922577,
    "totalOtherIncomeExpensesNet": 652000000,
    "incomeBeforeTax": 1893000000,
    "incomeBeforeTaxRatio": 0.1923389555,
    "incomeTaxExpense": 198000000,
    "netIncome": 1852000000,
    "netIncomeRatio": 0.1881731355,
    "eps": 1.71,
    "epsdiluted": 1.69,
    "weightedAverageShsOut": 1093000000,
    "weightedAverageShsOutDil": 1098000000,
    "link": "https://www.sec.gov/Archives/edgar/data/40545/000004054524000200/0000040545-24-000200-index.htm",
    "finalLink": "https://www.sec.gov/Archives/edgar/data/40545/000004054524000200/ge-20240930.htm"
  },
  {
    "date": "2024-06-30",
    "symbol": "GE",
    "reportedCurrency": "USD",
    "cik": "0000040545",
    "fillingDate": "2024-07-23",
    "acceptedDate": "2024-07-23 06:28:10",
    "calendarYear": "2024",
    "period": "Q2",
    "revenue": 9093000000,
    "costOfRevenue": 5575000000,
    "grossProfit": 3518000000,
    "grossProfitRatio": 0.3868910151,
    "researchAndDevelopmentExpenses": 300000000,
    "generalAndAdministrativeExpenses": 1591000000,
    "sellingAndMarketingExpenses": 0,
    "sellingGeneralAndAdministrativeExpenses": 1591000000,
    "otherExpenses": 0,
    "operatingExpenses": 1891000000,
    "costAndExpenses": 7466000000,
    "interestIncome": 200000000,
    "interestExpense": 248000000,
    "depreciationAndAmortization": 283000000,
    "ebitda": 1978000000,
    "ebitdaratio": 0.2175299681,
    "operatingIncome": 1627000000,
    "operatingIncomeRatio": 0.1789288464,
    "totalOtherIncomeExpensesNet": -180000000,
    "incomeBeforeTax": 1447000000,
    "incomeBeforeTaxRatio": 0.1591333993,
    "incomeTaxExpense": 125000000,
    "netIncome": 1266000000,
    "netIncomeRatio": 0.1392279776,
    "eps": 1.16,
    "epsdiluted": 1.15,
    "weightedAverageShsOut": 1089000000,
    "weightedAverageShsOutDil": 1100000000,
    "link": "https://www.sec.gov/Archives/edgar/data/40545/000004054524000176/0000040545-24-000176-index.htm",
    "finalLink": "https://www.sec.gov/Archives/edgar/data/40545/000004054524000176/ge-20240630.htm"
  },
  {
    "date": "2024-03-31",
    "symbol": "GE",
    "reportedCurrency": "USD",
    "cik": "0000040545",
    "fillingDate": "2024-04-23",
    "acceptedDate": "2024-04-23 06:24:34",
    "calendarYear": "2024",
    "period": "Q1",
    "revenue": 8955000000,
    "costOfRevenue": 5746000000,
    "grossProfit": 3209000000,
    "grossProfitRatio": 0.358347292,
    "researchAndDevelopmentExpenses": 270000000,
    "generalAndAdministrativeExpenses": 1653000000,
    "sellingAndMarketingExpenses": 0,
    "sellingGeneralAndAdministrativeExpenses": 1653000000,
    "otherExpenses": 0,
    "operatingExpenses": 1923000000,
    "costAndExpenses": 7669000000,
    "interestIncome": 229000000,
    "interestExpense": 263000000,
    "depreciationAndAmortization": 290000000,
    "ebitda": 2540000000,
    "ebitdaratio": 0.2836404243,
    "operatingIncome": 1286000000,
    "operatingIncomeRatio": 0.1436069235,
    "totalOtherIncomeExpensesNet": 701000000,
    "incomeBeforeTax": 1987000000,
    "incomeBeforeTaxRatio": 0.2218872138,
    "incomeTaxExpense": 244000000,
    "netIncome": 1539000000,
    "netIncomeRatio": 0.1718592965,
    "eps": 1.41,
    "epsdiluted": 1.4,
    "weightedAverageShsOut": 1091000000,
    "weightedAverageShsOutDil": 1103000000,
    "link": "https://www.sec.gov/Archives/edgar/data/40545/000004054524000113/0000040545-24-000113-index.htm",
    "finalLink": "https://www.sec.gov/Archives/edgar/data/40545/000004054524000113/ge-20240331.htm"
  },
  {
    "date": "2023-12-31",
    "symbol": "GE",
    "reportedCurrency": "USD",
    "cik": "0000040545",
    "fillingDate": "2024-02-02",
    "acceptedDate": "2024-02-02 06:31:30",
    "calendarYear": "2023",
    "period": "Q4",
    "revenue": 19423000000,
    "costOfRevenue": 14396000000,
    "grossProfit": 5027000000,
    "grossProfitRatio": 0.2588168666,
    "researchAndDevelopmentExpenses": 551000000,
    "generalAndAdministrativeExpenses": 9952000000,
    "sellingAndMarketingExpenses": -6671000000,
    "sellingGeneralAndAdministrativeExpenses": 3281000000,
    "otherExpenses": 0,
    "operatingExpenses": 3832000000,
    "costAndExpenses": 18228000000,
    "interestIncome": 205000000,
    "interestExpense": 296000000,
    "depreciationAndAmortization": 534000000,
    "ebitda": 2839000000,
    "ebitdaratio": 0.1461669155,
    "operatingIncome": 1195000000,
    "operatingIncomeRatio": 0.0615249961,
    "totalOtherIncomeExpensesNet": 814000000,
    "incomeBeforeTax": 2009000000,
    "incomeBeforeTaxRatio": 0.103434073,
    "incomeTaxExpense": 421000000,
    "netIncome": 1592000000,
    "netIncomeRatio": 0.081964681,
    "eps": 1.46,
    "epsdiluted": 1.45,
    "weightedAverageShsOut": 1088000000,
    "weightedAverageShsOutDil": 1100000000,
    "link": "https://www.sec.gov/Archives/edgar/data/40545/000004054524000027/0000040545-24-000027-index.htm",
    "finalLink": "https://www.sec.gov/Archives/edgar/data/40545/000004054524000027/ge-20231231.htm"
  },
  {
    "date": "2023-09-30",
    "symbol": "GE",
    "reportedCurrency": "USD",
    "cik": "0000040545",
    "fillingDate": "2023-10-24",
    "acceptedDate": "2023-10-24 06:03:33",
    "calendarYear": "2023",
    "period": "Q3",
    "revenue": 9302000000,
    "costOfRevenue": 5992000000,
    "grossProfit": 3310000000,
    "grossProfitRatio": 0.3558374543,
    "researchAndDevelopmentExpenses": 247000000,
    "generalAndAdministrativeExpenses": 710000000,
    "sellingAndMarketingExpenses": 1001000000,
    "sellingGeneralAndAdministrativeExpenses": 1711000000,
    "otherExpenses": 0,
    "operatingExpenses": 1958000000,
    "costAndExpenses": 7950000000,
    "interestIncome": 163000000,
    "interestExpense": 270000000,
    "depreciationAndAmortization": 292000000,
    "ebitda": 895000000,
    "ebitdaratio": 0.0962158676,
    "operatingIncome": 1352000000,
    "operatingIncomeRatio": 0.1453450871,
    "totalOtherIncomeExpensesNet": -1019000000,
    "incomeBeforeTax": 333000000,
    "incomeBeforeTaxRatio": 0.035798753,
    "incomeTaxExpense": 26000000,
    "netIncome": 352000000,
    "netIncomeRatio": 0.0378413244,
    "eps": 0.24,
    "epsdiluted": 0.24,
    "weightedAverageShsOut": 1083000000,
    "weightedAverageShsOutDil": 1087000000,
    "link": "https://www.sec.gov/Archives/edgar/data/40545/000004054523000238/0000040545-23-000238-index.htm",
    "finalLink": "https://www.sec.gov/Archives/edgar/data/40545/000004054523000238/ge-20230930.htm"
  },
  {
    "date": "2023-06-30",
    "symbol": "GE",
    "reportedCurrency": "USD",
    "cik": "0000040545",
    "fillingDate": "2023-07-25",
    "acceptedDate": "2023-07-25 06:31:17",
    "calendarYear": "2023",
    "period": "Q2",
    "revenue": 8754000000,
    "costOfRevenue": 5692000000,
    "grossProfit": 3062000000,
    "grossProfitRatio": 0.3497829564,
    "researchAndDevelopmentExpenses": 239000000,
    "generalAndAdministrativeExpenses": 1648000000,
    "sellingAndMarketingExpenses": 0,
    "sellingGeneralAndAdministrativeExpenses": 1648000000,
    "otherExpenses": 0,
    "operatingExpenses": 1887000000,
    "costAndExpenses": 7579000000,
    "interestIncome": 128000000,
    "interestExpense": 249000000,
    "depreciationAndAmortization": 71000000,
    "ebitda": 1829000000,
    "ebitdaratio": 0.2089330592,
    "operatingIncome": 1175000000,
    "operatingIncomeRatio": 0.1342243546,
    "totalOtherIncomeExpensesNet": 334000000,
    "incomeBeforeTax": 1509000000,
    "incomeBeforeTaxRatio": 0.1723783413,
    "incomeTaxExpense": 253000000,
    "netIncome": 33000000,
    "netIncomeRatio": 0.0037697053,
    "eps": -0.0266,
    "epsdiluted": -0.0266,
    "weightedAverageShsOut": 1089000000,
    "weightedAverageShsOutDil": 1098000000,
    "link": "https://www.sec.gov/Archives/edgar/data/40545/000004054523000198/0000040545-23-000198-index.htm",
    "finalLink": "https://www.sec.gov/Archives/edgar/data/40545/000004054523000198/ge-20230630.htm"
  },
  {
    "date": "2023-03-31",
    "symbol": "GE",
    "reportedCurrency": "USD",
    "cik": "0000040545",
    "fillingDate": "2023-04-25",
    "acceptedDate": "2023-04-25 06:31:39",
    "calendarYear": "2023",
    "period": "Q1",
    "revenue": 14485000000,
    "costOfRevenue": 10729000000,
    "grossProfit": 3756000000,
    "grossProfitRatio": 0.259302727,
    "researchAndDevelopmentExpenses": 431000000,
    "generalAndAdministrativeExpenses": 2826000000,
    "sellingAndMarketingExpenses": 0,
    "sellingGeneralAndAdministrativeExpenses": 2826000000,
    "otherExpenses": 0,
    "operatingExpenses": 3257000000,
    "costAndExpenses": 13986000000,
    "interestIncome": 186000000,
    "interestExpense": 269000000,
    "depreciationAndAmortization": 507000000,
    "ebitda": 7268000000,
    "ebitdaratio": 0.5017604418,
    "operatingIncome": 499000000,
    "operatingIncomeRatio": 0.0344494304,
    "totalOtherIncomeExpensesNet": 5993000000,
    "incomeBeforeTax": 6492000000,
    "incomeBeforeTaxRatio": 0.4481877805,
    "incomeTaxExpense": 271000000,
    "netIncome": 7506000000,
    "netIncomeRatio": 0.5181912323,
    "eps": 6.76,
    "epsdiluted": 6.71,
    "weightedAverageShsOut": 1089000000,
    "weightedAverageShsOutDil": 1097000000,
    "link": "https://www.sec.gov/Archives/edgar/data/40545/000004054523000136/0000040545-23-000136-index.htm",
    "finalLink": "https://www.sec.gov/Archives/edgar/data/40545/000004054523000136/ge-20230331.htm"
  },
  {
    "date": "2022-12-31",
    "symbol": "GE",
    "reportedCurrency": "USD",
    "cik": "0000040545",
    "fillingDate": "2023-02-10",
    "acceptedDate": "2023-02-10 08:32:52",
    "calendarYear": "2022",
    "period": "Q4",
    "revenue": 21787000000,
    "costOfRevenue": 15467000000,
    "grossProfit": 6320000000,
    "grossProfitRatio": 0.2900812411,
    "researchAndDevelopmentExpenses": 790000000,
    "generalAndAdministrativeExpenses": 4301000000,
    "sellingAndMarketingExpenses": 0,
    "sellingGeneralAndAdministrativeExpenses": 4301000000,
    "otherExpenses": 0,
    "operatingExpenses": 5091000000,
    "costAndExpenses": 20558000000,
    "interestIncome": 200000000,
    "interestExpense": 416000000,
    "depreciationAndAmortization": 736000000,
    "ebitda": 3389000000,
    "ebitdaratio": 0.1555514757,
    "operatingIncome": 1229000000,
    "operatingIncomeRatio": 0.0564097857,
    "totalOtherIncomeExpensesNet": 1008000000,
    "incomeBeforeTax": 2237000000,
    "incomeBeforeTaxRatio": 0.1026759077,
    "incomeTaxExpense": -65000000,
    "netIncome": 2222000000,
    "netIncomeRatio": 0.1019874237,
    "eps": 1.92,
    "epsdiluted": 1.91,
    "weightedAverageShsOut": 1091000000,
    "weightedAverageShsOutDil": 1097000000,
    "link": "https://www.sec.gov/Archives/edgar/data/40545/000004054523000023/0000040545-23-000023-index.htm",
    "finalLink": "https://www.sec.gov/Archives/edgar/data/40545/000004054523000023/ge-20221231.htm"
  },
  {
    "date": "2022-09-30",
    "symbol": "GE",
    "reportedCurrency": "USD",
    "cik": "0000040545",
    "fillingDate": "2022-10-25",
    "acceptedDate": "2022-10-25 06:28:48",
    "calendarYear": "2022",
    "period": "Q3",
    "revenue": 14471000000,
    "costOfRevenue": 11534000000,
    "grossProfit": 2937000000,
    "grossProfitRatio": 0.2029576394,
    "researchAndDevelopmentExpenses": 426000000,
    "generalAndAdministrativeExpenses": 504000000,
    "sellingAndMarketingExpenses": 1966000000,
    "sellingGeneralAndAdministrativeExpenses": 2470000000,
    "otherExpenses": 0,
    "operatingExpenses": 2896000000,
    "costAndExpenses": 14430000000,
    "interestIncome": 123000000,
    "interestExpense": 374000000,
    "depreciationAndAmortization": 482000000,
    "ebitda": 624000000,
    "ebitdaratio": 0.0431207242,
    "operatingIncome": 41000000,
    "operatingIncomeRatio": 0.0028332527,
    "totalOtherIncomeExpensesNet": -273000000,
    "incomeBeforeTax": -232000000,
    "incomeBeforeTaxRatio": -0.0160320641,
    "incomeTaxExpense": 13000000,
    "netIncome": 161000000,
    "netIncomeRatio": 0.0111256997,
    "eps": 0.08,
    "epsdiluted": 0.08,
    "weightedAverageShsOut": 1095000000,
    "weightedAverageShsOutDil": 1095000000,
    "link": "https://www.sec.gov/Archives/edgar/data/40545/000004054522000060/0000040545-22-000060-index.htm",
    "finalLink": "https://www.sec.gov/Archives/edgar/data/40545/000004054522000060/ge-20220930.htm"
  },
  {
    "date": "2022-06-30",
    "symbol": "GE",
    "reportedCurrency": "USD",
    "cik": "0000040545",
    "fillingDate": "2022-07-26",
    "acceptedDate": "2022-07-26 06:29:59",
    "calendarYear": "2022",
    "period": "Q2",
    "revenue": 14128000000,
    "costOfRevenue": 10525000000,
    "grossProfit": 3603000000,
    "grossProfitRatio": 0.2550254813,
    "researchAndDevelopmentExpenses": 439000000,
    "generalAndAdministrativeExpenses": 2486000000,
    "sellingAndMarketingExpenses": 0,
    "sellingGeneralAndAdministrativeExpenses": 2486000000,
    "otherExpenses": 0,
    "operatingExpenses": 2925000000,
    "costAndExpenses": 13450000000,
    "interestIncome": 54000000,
    "interestExpense": 368000000,
    "depreciationAndAmortization": 516000000,
    "ebitda": -82000000,
    "ebitdaratio": -0.005804077,
    "operatingIncome": 678000000,
    "operatingIncomeRatio": 0.0479898075,
    "totalOtherIncomeExpensesNet": -1644000000,
    "incomeBeforeTax": -966000000,
    "incomeBeforeTaxRatio": -0.0683748584,
    "incomeTaxExpense": 161000000,
    "netIncome": -882000000,
    "netIncomeRatio": -0.0624292186,
    "eps": -0.86,
    "epsdiluted": -0.87,
    "weightedAverageShsOut": 1099000000,
    "weightedAverageShsOutDil": 1099000000,
    "link": "https://www.sec.gov/Archives/edgar/data/40545/000004054522000050/0000040545-22-000050-index.htm",
    "finalLink": "https://www.sec.gov/Archives/edgar/data/40545/000004054522000050/ge-20220630.htm"
  },
  {
    "date": "2022-03-31",
    "symbol": "GE",
    "reportedCurrency": "USD",
    "cik": "0000040545",
    "fillingDate": "2022-04-26",
    "acceptedDate": "2022-04-26 06:26:07",
    "calendarYear": "2022",
    "period": "Q1",
    "revenue": 12674000000,
    "costOfRevenue": 9774000000,
    "grossProfit": 2900000000,
    "grossProfitRatio": 0.2288148966,
    "researchAndDevelopmentExpenses": 403000000,
    "generalAndAdministrativeExpenses": 3345000000,
    "sellingAndMarketingExpenses": 0,
    "sellingGeneralAndAdministrativeExpenses": 3345000000,
    "otherExpenses": 0,
    "operatingExpenses": 3748000000,
    "costAndExpenses": 13522000000,
    "interestIncome": 93000000,
    "interestExpense": 387000000,
    "depreciationAndAmortization": 1325000000,
    "ebitda": 532000000,
    "ebitdaratio": 0.0419756983,
    "operatingIncome": -848000000,
    "operatingIncomeRatio": -0.0669086318,
    "totalOtherIncomeExpensesNet": -332000000,
    "incomeBeforeTax": -1180000000,
    "incomeBeforeTaxRatio": -0.0931039924,
    "incomeTaxExpense": 29000000,
    "netIncome": -1136000000,
    "netIncomeRatio": -0.0896323181,
    "eps": -1.08,
    "epsdiluted": -1.08,
    "weightedAverageShsOut": 1100000000,
    "weightedAverageShsOutDil": 1100000000,
    "link": "https://www.sec.gov/Archives/edgar/data/40545/000004054522000027/0000040545-22-000027-index.htm",
    "finalLink": "https://www.sec.gov/Archives/edgar/data/40545/000004054522000027/ge-20220331.htm"
  },
  {
    "date": "2021-12-31",
    "symbol": "GE",
    "reportedCurrency": "USD",
    "cik": "0000040545",
    "fillingDate": "2022-02-11",
    "acceptedDate": "2022-02-11 08:33:15",
    "calendarYear": "2021",
    "period": "Q4",
    "revenue": 20370000000,
    "costOfRevenue": 14338000000,
    "grossProfit": 6032000000,
    "grossProfitRatio": 0.2961217477,
    "researchAndDevelopmentExpenses": 705000000,
    "generalAndAdministrativeExpenses": 3806000000,
    "sellingAndMarketingExpenses": 0,
    "sellingGeneralAndAdministrativeExpenses": 3806000000,
    "otherExpenses": 0,
    "operatingExpenses": 4511000000,
    "costAndExpenses": 18849000000,
    "interestIncome": 747000000,
    "interestExpense": 426000000,
    "depreciationAndAmortization": 759000000,
    "ebitda": -2282000000,
    "ebitdaratio": -0.1120274914,
    "operatingIncome": 1521000000,
    "operatingIncomeRatio": 0.0746686303,
    "totalOtherIncomeExpensesNet": -4988000000,
    "incomeBeforeTax": -3467000000,
    "incomeBeforeTaxRatio": -0.1702012764,
    "incomeTaxExpense": 37000000,
    "netIncome": -3595000000,
    "netIncomeRatio": -0.176485027,
    "eps": -3.55,
    "epsdiluted": -3.55,
    "weightedAverageShsOut": 1099000000,
    "weightedAverageShsOutDil": 1099000000,
    "link": "https://www.sec.gov/Archives/edgar/data/40545/000004054522000008/0000040545-22-000008-index.htm",
    "finalLink": "https://www.sec.gov/Archives/edgar/data/40545/000004054522000008/ge-20211231.htm"
  },
  {
    "date": "2021-09-30",
    "symbol": "GE",
    "reportedCurrency": "USD",
    "cik": "0000040545",
    "fillingDate": "2021-10-26",
    "acceptedDate": "2021-10-26 06:23:28",
    "calendarYear": "2021",
    "period": "Q3",
    "revenue": 18569000000,
    "costOfRevenue": 13402000000,
    "grossProfit": 5167000000,
    "grossProfitRatio": 0.2782594647,
    "researchAndDevelopmentExpenses": 627000000,
    "generalAndAdministrativeExpenses": 3419000000,
    "sellingAndMarketingExpenses": 0,
    "sellingGeneralAndAdministrativeExpenses": 3419000000,
    "otherExpenses": 0,
    "operatingExpenses": 4046000000,
    "costAndExpenses": 17448000000,
    "interestIncome": 133000000,
    "interestExpense": 462000000,
    "depreciationAndAmortization": 726000000,
    "ebitda": 1772000000,
    "ebitdaratio": 0.0954278636,
    "operatingIncome": 1121000000,
    "operatingIncomeRatio": 0.0603694329,
    "totalOtherIncomeExpensesNet": -537000000,
    "incomeBeforeTax": 584000000,
    "incomeBeforeTaxRatio": 0.0314502666,
    "incomeTaxExpense": 2000000,
    "netIncome": 1257000000,
    "netIncomeRatio": 0.0676934676,
    "eps": 1.09,
    "epsdiluted": 1.08,
    "weightedAverageShsOut": 1098000000,
    "weightedAverageShsOutDil": 1105000000,
    "link": "https://www.sec.gov/Archives/edgar/data/40545/000004054521000064/0000040545-21-000064-index.htm",
    "finalLink": "https://www.sec.gov/Archives/edgar/data/40545/000004054521000064/ge-20210930.htm"
  },
  {
    "date": "2021-06-30",
    "symbol": "GE",
    "reportedCurrency": "USD",
    "cik": "0000040545",
    "fillingDate": "2021-07-27",
    "acceptedDate": "2021-07-27 06:29:30",
    "calendarYear": "2021",
    "period": "Q2",
    "revenue": 18253000000,
    "costOfRevenue": 13618000000,
    "grossProfit": 4635000000,
    "grossProfitRatio": 0.2539308607,
    "researchAndDevelopmentExpenses": 604000000,
    "generalAndAdministrativeExpenses": 3379000000,
    "sellingAndMarketingExpenses": 0,
    "sellingGeneralAndAdministrativeExpenses": 3379000000,
    "otherExpenses": 0,
    "operatingExpenses": 3983000000,
    "costAndExpenses": 17601000000,
    "interestIncome": 233000000,
    "interestExpense": 488000000,
    "depreciationAndAmortization": 771000000,
    "ebitda": 222000000,
    "ebitdaratio": 0.0121623843,
    "operatingIncome": 652000000,
    "operatingIncomeRatio": 0.0357201556,
    "totalOtherIncomeExpensesNet": -1689000000,
    "incomeBeforeTax": -1037000000,
    "incomeBeforeTaxRatio": -0.0568125788,
    "incomeTaxExpense": -466000000,
    "netIncome": -1131000000,
    "netIncomeRatio": -0.0619624171,
    "eps": -1.08,
    "epsdiluted": -1.08,
    "weightedAverageShsOut": 1099000000,
    "weightedAverageShsOutDil": 1099000000,
    "link": "https://www.sec.gov/Archives/edgar/data/40545/000004054521000052/0000040545-21-000052-index.htm",
    "finalLink": "https://www.sec.gov/Archives/edgar/data/40545/000004054521000052/ge-20210630.htm"
  },
  {
    "date": "2021-03-31",
    "symbol": "GE",
    "reportedCurrency": "USD",
    "cik": "0000040545",
    "fillingDate": "2021-05-10",
    "acceptedDate": "2021-05-11 08:33:15",
    "calendarYear": "2021",
    "period": "Q1",
    "revenue": 17071000000,
    "costOfRevenue": 12537000000,
    "grossProfit": 4534000000,
    "grossProfitRatio": 0.2655966259,
    "researchAndDevelopmentExpenses": 561000000,
    "generalAndAdministrativeExpenses": 3477000000,
    "sellingAndMarketingExpenses": 0,
    "sellingGeneralAndAdministrativeExpenses": 3477000000,
    "otherExpenses": 0,
    "operatingExpenses": 4038000000,
    "costAndExpenses": 16575000000,
    "interestIncome": 446000000,
    "interestExpense": 500000000,
    "depreciationAndAmortization": 753000000,
    "ebitda": 1491000000,
    "ebitdaratio": 0.0873411048,
    "operatingIncome": 496000000,
    "operatingIncomeRatio": 0.0290551227,
    "totalOtherIncomeExpensesNet": -258000000,
    "incomeBeforeTax": 238000000,
    "incomeBeforeTaxRatio": 0.0139417726,
    "incomeTaxExpense": 142000000,
    "netIncome": -55000000,
    "netIncomeRatio": -0.0032218382,
    "eps": -0.1158,
    "epsdiluted": -0.1158,
    "weightedAverageShsOut": 1099000000,
    "weightedAverageShsOutDil": 1099000000,
    "link": "https://www.sec.gov/Archives/edgar/data/40545/000004054521000026/0000040545-21-000026-index.htm",
    "finalLink": "https://www.sec.gov/Archives/edgar/data/40545/000004054521000026/ge-20210331.htm"
  },
  {
    "date": "2020-12-31",
    "symbol": "GE",
    "reportedCurrency": "USD",
    "cik": "0000040545",
    "fillingDate": "2021-02-12",
    "acceptedDate": "2021-02-12 10:24:28",
    "calendarYear": "2020",
    "period": "Q4",
    "revenue": 21929000000,
    "costOfRevenue": 14367000000,
    "grossProfit": 7562000000,
    "grossProfitRatio": 0.344840166,
    "researchAndDevelopmentExpenses": 636000000,
    "generalAndAdministrativeExpenses": 3823000000,
    "sellingAndMarketingExpenses": 0,
    "sellingGeneralAndAdministrativeExpenses": 3823000000,
    "otherExpenses": 1929000000,
    "operatingExpenses": 6388000000,
    "costAndExpenses": 20755000000,
    "interestIncome": -1955000000,
    "interestExpense": -4347000000,
    "depreciationAndAmortization": 1287000000,
    "ebitda": 2032000000,
    "ebitdaratio": 0.0926626841,
    "operatingIncome": 1174000000,
    "operatingIncomeRatio": 0.053536413,
    "totalOtherIncomeExpensesNet": 1406000000,
    "incomeBeforeTax": 2580000000,
    "incomeBeforeTaxRatio": 0.1176524237,
    "incomeTaxExpense": 102000000,
    "netIncome": 2636000000,
    "netIncomeRatio": 0.1202061198,
    "eps": 2.24,
    "epsdiluted": 2.16,
    "weightedAverageShsOut": 1094125000,
    "weightedAverageShsOutDil": 1095125000,
    "link": "https://www.sec.gov/Archives/edgar/data/40545/000004054521000011/0000040545-21-000011-index.htm",
    "finalLink": "https://www.sec.gov/Archives/edgar/data/40545/000004054521000011/ge-20201231.htm"
  },
  {
    "date": "2020-09-30",
    "symbol": "GE",
    "reportedCurrency": "USD",
    "cik": "0000040545",
    "fillingDate": "2020-10-28",
    "acceptedDate": "2020-10-28 06:24:54",
    "calendarYear": "2020",
    "period": "Q3",
    "revenue": 18529000000,
    "costOfRevenue": 14041000000,
    "grossProfit": 4488000000,
    "grossProfitRatio": 0.2422149064,
    "researchAndDevelopmentExpenses": 595000000,
    "generalAndAdministrativeExpenses": 3839000000,
    "sellingAndMarketingExpenses": 0,
    "sellingGeneralAndAdministrativeExpenses": 3839000000,
    "otherExpenses": 0,
    "operatingExpenses": 4434000000,
    "costAndExpenses": 18475000000,
    "interestIncome": 0,
    "interestExpense": 1108000000,
    "depreciationAndAmortization": 1162000000,
    "ebitda": 650000000,
    "ebitdaratio": 0.0350801446,
    "operatingIncome": 54000000,
    "operatingIncomeRatio": 0.0029143505,
    "totalOtherIncomeExpensesNet": -1674000000,
    "incomeBeforeTax": -1620000000,
    "incomeBeforeTaxRatio": -0.0874305143,
    "incomeTaxExpense": -483000000,
    "netIncome": -1144000000,
    "netIncomeRatio": -0.0617410546,
    "eps": -1.12,
    "epsdiluted": -1.12,
    "weightedAverageShsOut": 1094500000,
    "weightedAverageShsOutDil": 1094500000,
    "link": "https://www.sec.gov/Archives/edgar/data/40545/000004054520000058/0000040545-20-000058-index.htm",
    "finalLink": "https://www.sec.gov/Archives/edgar/data/40545/000004054520000058/ge-20200930.htm"
  },
  {
    "date": "2020-06-30",
    "symbol": "GE",
    "reportedCurrency": "USD",
    "cik": "0000040545",
    "fillingDate": "2020-07-29",
    "acceptedDate": "2020-07-29 06:27:24",
    "calendarYear": "2020",
    "period": "Q2",
    "revenue": 16805000000,
    "costOfRevenue": 13633000000,
    "grossProfit": 3172000000,
    "grossProfitRatio": 0.1887533472,
    "researchAndDevelopmentExpenses": 611000000,
    "generalAndAdministrativeExpenses": 3632000000,
    "sellingAndMarketingExpenses": 0,
    "sellingGeneralAndAdministrativeExpenses": 3632000000,
    "otherExpenses": 0,
    "operatingExpenses": 4243000000,
    "costAndExpenses": 17876000000,
    "interestIncome": 1955000000,
    "interestExpense": 561000000,
    "depreciationAndAmortization": 759000000,
    "ebitda": 22000000,
    "ebitdaratio": 0.0013091342,
    "operatingIncome": -1071000000,
    "operatingIncomeRatio": -0.0637310324,
    "totalOtherIncomeExpensesNet": -227000000,
    "incomeBeforeTax": -1298000000,
    "incomeBeforeTaxRatio": -0.077238917,
    "incomeTaxExpense": -160000000,
    "netIncome": -1987000000,
    "netIncomeRatio": -0.1182386195,
    "eps": -2.11,
    "epsdiluted": -2.11,
    "weightedAverageShsOut": 1093750000,
    "weightedAverageShsOutDil": 1093750000,
    "link": "https://www.sec.gov/Archives/edgar/data/40545/000004054520000046/0000040545-20-000046-index.htm",
    "finalLink": "https://www.sec.gov/Archives/edgar/data/40545/000004054520000046/ge2q202010-q.htm"
  },
  {
    "date": "2020-03-31",
    "symbol": "GE",
    "reportedCurrency": "USD",
    "cik": "0000040545",
    "fillingDate": "2020-04-29",
    "acceptedDate": "2020-04-29 06:38:37",
    "calendarYear": "2020",
    "period": "Q1",
    "revenue": 19490000000,
    "costOfRevenue": 14427000000,
    "grossProfit": 5063000000,
    "grossProfitRatio": 0.2597742432,
    "researchAndDevelopmentExpenses": 723000000,
    "generalAndAdministrativeExpenses": 3697000000,
    "sellingAndMarketingExpenses": 0,
    "sellingGeneralAndAdministrativeExpenses": 3697000000,
    "otherExpenses": 0,
    "operatingExpenses": 4420000000,
    "costAndExpenses": 18847000000,
    "interestIncome": 0,
    "interestExpense": 6193000000,
    "depreciationAndAmortization": 779000000,
    "ebitda": 13280000000,
    "ebitdaratio": 0.6813750641,
    "operatingIncome": 643000000,
    "operatingIncomeRatio": 0.0329912776,
    "totalOtherIncomeExpensesNet": 5665000000,
    "incomeBeforeTax": 6308000000,
    "incomeBeforeTaxRatio": 0.3236531555,
    "incomeTaxExpense": 54000000,
    "netIncome": 6199000000,
    "netIncomeRatio": 0.3180605439,
    "eps": 5.6,
    "epsdiluted": 5.6,
    "weightedAverageShsOut": 1092750000,
    "weightedAverageShsOutDil": 1093625000,
    "link": "https://www.sec.gov/Archives/edgar/data/40545/000004054520000021/0000040545-20-000021-index.htm",
    "finalLink": "https://www.sec.gov/Archives/edgar/data/40545/000004054520000021/ge1q202010-q.htm"
  },
  {
    "date": "2019-12-31",
    "symbol": "GE",
    "reportedCurrency": "USD",
    "cik": "0000040545",
    "fillingDate": "2020-02-24",
    "acceptedDate": "2020-02-24 16:34:07",
    "calendarYear": "2019",
    "period": "Q4",
    "revenue": 26238000000,
    "costOfRevenue": 19080000000,
    "grossProfit": 7158000000,
    "grossProfitRatio": 0.2728104276,
    "researchAndDevelopmentExpenses": 859000000,
    "generalAndAdministrativeExpenses": 4411000000,
    "sellingAndMarketingExpenses": 0,
    "sellingGeneralAndAdministrativeExpenses": 4411000000,
    "otherExpenses": -859000000,
    "operatingExpenses": 4411000000,
    "costAndExpenses": 23491000000,
    "interestIncome": 0,
    "interestExpense": 1155000000,
    "depreciationAndAmortization": 1406000000,
    "ebitda": 3932000000,
    "ebitdaratio": 0.1498589832,
    "operatingIncome": 2747000000,
    "operatingIncomeRatio": 0.1046954798,
    "totalOtherIncomeExpensesNet": -1176000000,
    "incomeBeforeTax": 1571000000,
    "incomeBeforeTaxRatio": 0.0598749905,
    "incomeTaxExpense": 727000000,
    "netIncome": 728000000,
    "netIncomeRatio": 0.0277460172,
    "eps": 0.48,
    "epsdiluted": 0.48,
    "weightedAverageShsOut": 1092000000,
    "weightedAverageShsOutDil": 1092750000,
    "link": "https://www.sec.gov/Archives/edgar/data/40545/000004054520000009/0000040545-20-000009-index.htm",
    "finalLink": "https://www.sec.gov/Archives/edgar/data/40545/000004054520000009/ge10-k2019.htm"
  },
  {
    "date": "2019-09-30",
    "symbol": "GE",
    "reportedCurrency": "USD",
    "cik": "0000040545",
    "fillingDate": "2019-10-30",
    "acceptedDate": "2019-10-30 06:23:20",
    "calendarYear": "2019",
    "period": "Q3",
    "revenue": 23360000000,
    "costOfRevenue": 17328000000,
    "grossProfit": 6032000000,
    "grossProfitRatio": 0.2582191781,
    "researchAndDevelopmentExpenses": 0,
    "generalAndAdministrativeExpenses": 4756000000,
    "sellingAndMarketingExpenses": 0,
    "sellingGeneralAndAdministrativeExpenses": 4756000000,
    "otherExpenses": 0,
    "operatingExpenses": 4756000000,
    "costAndExpenses": 22084000000,
    "interestIncome": 0,
    "interestExpense": 1308000000,
    "depreciationAndAmortization": 1500000000,
    "ebitda": 1559000000,
    "ebitdaratio": 0.0667380137,
    "operatingIncome": 1276000000,
    "operatingIncomeRatio": 0.0546232877,
    "totalOtherIncomeExpensesNet": -2525000000,
    "incomeBeforeTax": -1249000000,
    "incomeBeforeTaxRatio": -0.0534674658,
    "incomeTaxExpense": 41000000,
    "netIncome": -9423000000,
    "netIncomeRatio": -0.4033818493,
    "eps": -8.64,
    "epsdiluted": -8.64,
    "weightedAverageShsOut": 1091250000,
    "weightedAverageShsOutDil": 1091250000,
    "link": "https://www.sec.gov/Archives/edgar/data/40545/000004054519000069/0000040545-19-000069-index.htm",
    "finalLink": "https://www.sec.gov/Archives/edgar/data/40545/000004054519000069/ge3q201910-q.htm"
  },
  {
    "date": "2019-06-30",
    "symbol": "GE",
    "reportedCurrency": "USD",
    "cik": "0000040545",
    "fillingDate": "2019-07-31",
    "acceptedDate": "2019-07-31 06:12:38",
    "calendarYear": "2019",
    "period": "Q2",
    "revenue": 23413000000,
    "costOfRevenue": 17412000000,
    "grossProfit": 6001000000,
    "grossProfitRatio": 0.2563105967,
    "researchAndDevelopmentExpenses": 0,
    "generalAndAdministrativeExpenses": 4063000000,
    "sellingAndMarketingExpenses": 0,
    "sellingGeneralAndAdministrativeExpenses": 4063000000,
    "otherExpenses": 0,
    "operatingExpenses": 4063000000,
    "costAndExpenses": 21475000000,
    "interestIncome": 23000000,
    "interestExpense": 929000000,
    "depreciationAndAmortization": 1327000000,
    "ebitda": 1960000000,
    "ebitdaratio": 0.0837141759,
    "operatingIncome": 1938000000,
    "operatingIncomeRatio": 0.082774527,
    "totalOtherIncomeExpensesNet": -2234000000,
    "incomeBeforeTax": -296000000,
    "incomeBeforeTaxRatio": -0.012642549,
    "incomeTaxExpense": -181000000,
    "netIncome": 127000000,
    "netIncomeRatio": 0.0054243369,
    "eps": -0.055,
    "epsdiluted": -0.055,
    "weightedAverageShsOut": 1090500000,
    "weightedAverageShsOutDil": 1090500000,
    "link": "https://www.sec.gov/Archives/edgar/data/40545/000004054519000053/0000040545-19-000053-index.htm",
    "finalLink": "https://www.sec.gov/Archives/edgar/data/40545/000004054519000053/ge2q201910-q.htm"
  },
  {
    "date": "2019-03-31",
    "symbol": "GE",
    "reportedCurrency": "USD",
    "cik": "0000040545",
    "fillingDate": "2019-04-30",
    "acceptedDate": "2019-04-30 06:08:24",
    "calendarYear": "2019",
    "period": "Q1",
    "revenue": 22202000000,
    "costOfRevenue": 16208000000,
    "grossProfit": 5994000000,
    "grossProfitRatio": 0.2699756779,
    "researchAndDevelopmentExpenses": 0,
    "generalAndAdministrativeExpenses": 4013000000,
    "sellingAndMarketingExpenses": 0,
    "sellingGeneralAndAdministrativeExpenses": 4013000000,
    "otherExpenses": 0,
    "operatingExpenses": 4013000000,
    "costAndExpenses": 20221000000,
    "interestIncome": 0,
    "interestExpense": 1065000000,
    "depreciationAndAmortization": 1362000000,
    "ebitda": 3549000000,
    "ebitdaratio": 0.1598504639,
    "operatingIncome": 1981000000,
    "operatingIncomeRatio": 0.0892261958,
    "totalOtherIncomeExpensesNet": -859000000,
    "incomeBeforeTax": 1122000000,
    "incomeBeforeTaxRatio": 0.0505359877,
    "incomeTaxExpense": 140000000,
    "netIncome": 3588000000,
    "netIncomeRatio": 0.1616070624,
    "eps": 3.28,
    "epsdiluted": 3.2,
    "weightedAverageShsOut": 1088875000,
    "weightedAverageShsOutDil": 1090750000,
    "link": "https://www.sec.gov/Archives/edgar/data/40545/000004054519000024/0000040545-19-000024-index.htm",
    "finalLink": "https://www.sec.gov/Archives/edgar/data/40545/000004054519000024/ge1q201910-q.htm"
  },
  {
    "date": "2018-12-31",
    "symbol": "GE",
    "reportedCurrency": "USD",
    "cik": "0000040545",
    "fillingDate": "2019-02-26",
    "acceptedDate": "2019-02-26 16:36:51",
    "calendarYear": "2018",
    "period": "Q4",
    "revenue": 33279000000,
    "costOfRevenue": 25876000000,
    "grossProfit": 7403000000,
    "grossProfitRatio": 0.2224525977,
    "researchAndDevelopmentExpenses": 4065000000,
    "generalAndAdministrativeExpenses": 2890000000,
    "sellingAndMarketingExpenses": 0,
    "sellingGeneralAndAdministrativeExpenses": 2890000000,
    "otherExpenses": -4491000000,
    "operatingExpenses": 2464000000,
    "costAndExpenses": 28340000000,
    "interestIncome": 0,
    "interestExpense": 1180000000,
    "depreciationAndAmortization": 1876000000,
    "ebitda": 3986000000,
    "ebitdaratio": 0.1197752336,
    "operatingIncome": 4939000000,
    "operatingIncomeRatio": 0.1484119114,
    "totalOtherIncomeExpensesNet": 0,
    "incomeBeforeTax": 330000000,
    "incomeBeforeTaxRatio": 0.0099161633,
    "incomeTaxExpense": -367000000,
    "netIncome": 761000000,
    "netIncomeRatio": 0.0228672737,
    "eps": 0.53,
    "epsdiluted": 0.53,
    "weightedAverageShsOut": 1087500000,
    "weightedAverageShsOutDil": 1087625000,
    "link": "https://www.sec.gov/Archives/edgar/data/40545/000004054519000014/0000040545-19-000014-index.htm",
    "finalLink": "https://www.sec.gov/Archives/edgar/data/40545/000004054519000014/ge10-k2018.htm"
  },
  {
    "date": "2018-09-30",
    "symbol": "GE",
    "reportedCurrency": "USD",
    "cik": "0000040545",
    "fillingDate": "2018-10-30",
    "acceptedDate": "2018-10-30 07:34:30",
    "calendarYear": "2018",
    "period": "Q3",
    "revenue": 23392000000,
    "costOfRevenue": 17847000000,
    "grossProfit": 5545000000,
    "grossProfitRatio": 0.2370468536,
    "researchAndDevelopmentExpenses": 0,
    "generalAndAdministrativeExpenses": 4810000000,
    "sellingAndMarketingExpenses": 0,
    "sellingGeneralAndAdministrativeExpenses": 4810000000,
    "otherExpenses": 0,
    "operatingExpenses": 4810000000,
    "costAndExpenses": 22657000000,
    "interestIncome": 0,
    "interestExpense": 1155000000,
    "depreciationAndAmortization": 1308000000,
    "ebitda": -20499000000,
    "ebitdaratio": -0.8763252394,
    "operatingIncome": 735000000,
    "operatingIncomeRatio": 0.0314209986,
    "totalOtherIncomeExpensesNet": -23697000000,
    "incomeBeforeTax": -22962000000,
    "incomeBeforeTaxRatio": -0.9816176471,
    "incomeTaxExpense": 52000000,
    "netIncome": -22769000000,
    "netIncomeRatio": -0.9733669631,
    "eps": -20.96,
    "epsdiluted": -20.96,
    "weightedAverageShsOut": 1086125000,
    "weightedAverageShsOutDil": 1086125000,
    "link": "https://www.sec.gov/Archives/edgar/data/40545/000004054518000081/0000040545-18-000081-index.htm",
    "finalLink": "https://www.sec.gov/Archives/edgar/data/40545/000004054518000081/ge3q201810-q.htm"
  },
  {
    "date": "2018-06-30",
    "symbol": "GE",
    "reportedCurrency": "USD",
    "cik": "0000040545",
    "fillingDate": "2018-07-27",
    "acceptedDate": "2018-07-27 17:02:42",
    "calendarYear": "2018",
    "period": "Q2",
    "revenue": 29162000000,
    "costOfRevenue": 21749000000,
    "grossProfit": 7413000000,
    "grossProfitRatio": 0.2542006721,
    "researchAndDevelopmentExpenses": 0,
    "generalAndAdministrativeExpenses": 5015000000,
    "sellingAndMarketingExpenses": 0,
    "sellingGeneralAndAdministrativeExpenses": 5015000000,
    "otherExpenses": 0,
    "operatingExpenses": 5015000000,
    "costAndExpenses": 26764000000,
    "interestIncome": 0,
    "interestExpense": 1291000000,
    "depreciationAndAmortization": 1915000000,
    "ebitda": 4442000000,
    "ebitdaratio": 0.1523215143,
    "operatingIncome": 2398000000,
    "operatingIncomeRatio": 0.0822302997,
    "totalOtherIncomeExpensesNet": -1162000000,
    "incomeBeforeTax": 1236000000,
    "incomeBeforeTaxRatio": 0.0423839243,
    "incomeTaxExpense": 504000000,
    "netIncome": 800000000,
    "netIncomeRatio": 0.0274329607,
    "eps": 0.57,
    "epsdiluted": 0.56,
    "weightedAverageShsOut": 1086000000,
    "weightedAverageShsOutDil": 1087375000,
    "link": "https://www.sec.gov/Archives/edgar/data/40545/000004054518000061/0000040545-18-000061-index.htm",
    "finalLink": "https://www.sec.gov/Archives/edgar/data/40545/000004054518000061/ge2q201810-q.htm"
  },
  {
    "date": "2018-03-31",
    "symbol": "GE",
    "reportedCurrency": "USD",
    "cik": "0000040545",
    "fillingDate": "2018-05-01",
    "acceptedDate": "2018-05-01 16:18:23",
    "calendarYear": "2018",
    "period": "Q1",
    "revenue": 27788000000,
    "costOfRevenue": 20911000000,
    "grossProfit": 6877000000,
    "grossProfitRatio": 0.247480927,
    "researchAndDevelopmentExpenses": 0,
    "generalAndAdministrativeExpenses": 4718000000,
    "sellingAndMarketingExpenses": 0,
    "sellingGeneralAndAdministrativeExpenses": 4718000000,
    "otherExpenses": 0,
    "operatingExpenses": 4718000000,
    "costAndExpenses": 25629000000,
    "interestIncome": 0,
    "interestExpense": 1282000000,
    "depreciationAndAmortization": 1874000000,
    "ebitda": 3433000000,
    "ebitdaratio": 0.1235425363,
    "operatingIncome": 2159000000,
    "operatingIncomeRatio": 0.0776954081,
    "totalOtherIncomeExpensesNet": -1882000000,
    "incomeBeforeTax": 277000000,
    "incomeBeforeTaxRatio": 0.0099683317,
    "incomeTaxExpense": -50000000,
    "netIncome": -1147000000,
    "netIncomeRatio": -0.0412768101,
    "eps": -1.1,
    "epsdiluted": -1.1,
    "weightedAverageShsOut": 1085375000,
    "weightedAverageShsOutDil": 1087000000,
    "link": "https://www.sec.gov/Archives/edgar/data/40545/000004054518000032/0000040545-18-000032-index.htm",
    "finalLink": "https://www.sec.gov/Archives/edgar/data/40545/000004054518000032/ge1q201810-q.htm"
  },
  {
    "date": "2017-12-31",
    "symbol": "GE",
    "reportedCurrency": "USD",
    "cik": "0000040545",
    "fillingDate": "2018-02-23",
    "acceptedDate": "2018-02-23 16:52:20",
    "calendarYear": "2017",
    "period": "Q4",
    "revenue": 32389000000,
    "costOfRevenue": 25688000000,
    "grossProfit": 6701000000,
    "grossProfitRatio": 0.2068912285,
    "researchAndDevelopmentExpenses": 5504000000,
    "generalAndAdministrativeExpenses": 0,
    "sellingAndMarketingExpenses": 0,
    "sellingGeneralAndAdministrativeExpenses": 4631000000,
    "otherExpenses": -2893000000,
    "operatingExpenses": 7242000000,
    "costAndExpenses": 32930000000,
    "interestIncome": 0,
    "interestExpense": 1324000000,
    "depreciationAndAmortization": 1424000000,
    "ebitda": -9855000000,
    "ebitdaratio": -0.3042699682,
    "operatingIncome": -541000000,
    "operatingIncomeRatio": -0.0167032017,
    "totalOtherIncomeExpensesNet": -12062000000,
    "incomeBeforeTax": -12603000000,
    "incomeBeforeTaxRatio": -0.3891135879,
    "incomeTaxExpense": -2740000000,
    "netIncome": -9642000000,
    "netIncomeRatio": -0.2976936614,
    "eps": -9.04,
    "epsdiluted": -9.04,
    "weightedAverageShsOut": 1086947000,
    "weightedAverageShsOutDil": 1086947000,
    "link": "https://www.sec.gov/Archives/edgar/data/40545/000004054518000014/0000040545-18-000014-index.htm",
    "finalLink": "https://www.sec.gov/Archives/edgar/data/40545/000004054518000014/ge10-k2017.htm"
  },
  {
    "date": "2017-09-30",
    "symbol": "GE",
    "reportedCurrency": "USD",
    "cik": "0000040545",
    "fillingDate": "2017-10-30",
    "acceptedDate": "2017-10-30 16:28:38",
    "calendarYear": "2017",
    "period": "Q3",
    "revenue": 30663000000,
    "costOfRevenue": 23671000000,
    "grossProfit": 6992000000,
    "grossProfitRatio": 0.2280272641,
    "researchAndDevelopmentExpenses": 0,
    "generalAndAdministrativeExpenses": 0,
    "sellingAndMarketingExpenses": 0,
    "sellingGeneralAndAdministrativeExpenses": 4741000000,
    "otherExpenses": 0,
    "operatingExpenses": 4741000000,
    "costAndExpenses": 28412000000,
    "interestIncome": 0,
    "interestExpense": 1232000000,
    "depreciationAndAmortization": 2027000000,
    "ebitda": 4005000000,
    "ebitdaratio": 0.1306134429,
    "operatingIncome": 2251000000,
    "operatingIncomeRatio": 0.0734109513,
    "totalOtherIncomeExpensesNet": -1505000000,
    "incomeBeforeTax": 746000000,
    "incomeBeforeTaxRatio": 0.0243289959,
    "incomeTaxExpense": -551000000,
    "netIncome": 1360000000,
    "netIncomeRatio": 0.0443531292,
    "eps": 1.2,
    "epsdiluted": 1.19,
    "weightedAverageShsOut": 1083125000,
    "weightedAverageShsOutDil": 1091500000,
    "link": "https://www.sec.gov/Archives/edgar/data/40545/000004054517000073/0000040545-17-000073-index.htm",
    "finalLink": "https://www.sec.gov/Archives/edgar/data/40545/000004054517000073/ge3q201710-q.htm"
  },
  {
    "date": "2017-06-30",
    "symbol": "GE",
    "reportedCurrency": "USD",
    "cik": "0000040545",
    "fillingDate": "2017-07-28",
    "acceptedDate": "2017-07-28 16:58:30",
    "calendarYear": "2017",
    "period": "Q2",
    "revenue": 29097000000,
    "costOfRevenue": 21623000000,
    "grossProfit": 7474000000,
    "grossProfitRatio": 0.2568649689,
    "researchAndDevelopmentExpenses": 0,
    "generalAndAdministrativeExpenses": 0,
    "sellingAndMarketingExpenses": 0,
    "sellingGeneralAndAdministrativeExpenses": 4152000000,
    "otherExpenses": 0,
    "operatingExpenses": 4152000000,
    "costAndExpenses": 25775000000,
    "interestIncome": 0,
    "interestExpense": 1174000000,
    "depreciationAndAmortization": 1669000000,
    "ebitda": 3970000000,
    "ebitdaratio": 0.1364401828,
    "operatingIncome": 3322000000,
    "operatingIncomeRatio": 0.1141698457,
    "totalOtherIncomeExpensesNet": -2195000000,
    "incomeBeforeTax": 1127000000,
    "incomeBeforeTaxRatio": 0.0387325154,
    "incomeTaxExpense": -38000000,
    "netIncome": 1057000000,
    "netIncomeRatio": 0.0363267691,
    "eps": 0.8,
    "epsdiluted": 0.79,
    "weightedAverageShsOut": 1083875000,
    "weightedAverageShsOutDil": 1095000000,
    "link": "https://www.sec.gov/Archives/edgar/data/40545/000004054517000053/0000040545-17-000053-index.htm",
    "finalLink": "https://www.sec.gov/Archives/edgar/data/40545/000004054517000053/ge2q201710-q.htm"
  },
  {
    "date": "2017-03-31",
    "symbol": "GE",
    "reportedCurrency": "USD",
    "cik": "0000040545",
    "fillingDate": "2017-05-05",
    "acceptedDate": "2017-05-05 17:29:10",
    "calendarYear": "2017",
    "period": "Q1",
    "revenue": 26880000000,
    "costOfRevenue": 20230000000,
    "grossProfit": 6650000000,
    "grossProfitRatio": 0.2473958333,
    "researchAndDevelopmentExpenses": 0,
    "generalAndAdministrativeExpenses": 0,
    "sellingAndMarketingExpenses": 0,
    "sellingGeneralAndAdministrativeExpenses": 4287000000,
    "otherExpenses": 0,
    "operatingExpenses": 4287000000,
    "costAndExpenses": 24517000000,
    "interestIncome": 0,
    "interestExpense": 1139000000,
    "depreciationAndAmortization": 1732000000,
    "ebitda": 2818000000,
    "ebitdaratio": 0.1048363095,
    "operatingIncome": 2363000000,
    "operatingIncomeRatio": 0.0879092262,
    "totalOtherIncomeExpensesNet": -2416000000,
    "incomeBeforeTax": -53000000,
    "incomeBeforeTaxRatio": -0.0019717262,
    "incomeTaxExpense": -105000000,
    "netIncome": -83000000,
    "netIncomeRatio": -0.0030877976,
    "eps": -0.0762,
    "epsdiluted": -0.0754,
    "weightedAverageShsOut": 1089250000,
    "weightedAverageShsOutDil": 1101375000,
    "link": "https://www.sec.gov/Archives/edgar/data/40545/000004054517000028/0000040545-17-000028-index.htm",
    "finalLink": "https://www.sec.gov/Archives/edgar/data/40545/000004054517000028/ge10q1q2017.htm"
  },
  {
    "date": "2016-12-31",
    "symbol": "GE",
    "reportedCurrency": "USD",
    "cik": "0000040545",
    "fillingDate": "2017-02-24",
    "acceptedDate": "2017-02-24 17:21:03",
    "calendarYear": "2016",
    "period": "Q4",
    "revenue": 32468000000,
    "costOfRevenue": 23773000000,
    "grossProfit": 8695000000,
    "grossProfitRatio": 0.2678021436,
    "researchAndDevelopmentExpenses": 0,
    "generalAndAdministrativeExpenses": 0,
    "sellingAndMarketingExpenses": 0,
    "sellingGeneralAndAdministrativeExpenses": 4544000000,
    "otherExpenses": 3385000000,
    "operatingExpenses": 7929000000,
    "costAndExpenses": 31702000000,
    "interestIncome": 167000000,
    "interestExpense": 1001000000,
    "depreciationAndAmortization": 1356000000,
    "ebitda": 5250000000,
    "ebitdaratio": 0.1616976716,
    "operatingIncome": 766000000,
    "operatingIncomeRatio": 0.0235924603,
    "totalOtherIncomeExpensesNet": 2127000000,
    "incomeBeforeTax": 2893000000,
    "incomeBeforeTaxRatio": 0.0891031169,
    "incomeTaxExpense": -766000000,
    "netIncome": 3667000000,
    "netIncomeRatio": 0.1129419736,
    "eps": 3.17,
    "epsdiluted": 3.12,
    "weightedAverageShsOut": 1099375000,
    "weightedAverageShsOutDil": 1112625000,
    "link": "https://www.sec.gov/Archives/edgar/data/40545/000004054517000010/0000040545-17-000010-index.htm",
    "finalLink": "https://www.sec.gov/Archives/edgar/data/40545/000004054517000010/ge10k2016.htm"
  },
  {
    "date": "2016-09-30",
    "symbol": "GE",
    "reportedCurrency": "USD",
    "cik": "0000040545",
    "fillingDate": "2016-11-02",
    "acceptedDate": "2016-11-02 16:28:18",
    "calendarYear": "2016",
    "period": "Q3",
    "revenue": 29038000000,
    "costOfRevenue": 20966000000,
    "grossProfit": 8072000000,
    "grossProfitRatio": 0.2779805772,
    "researchAndDevelopmentExpenses": 0,
    "generalAndAdministrativeExpenses": 0,
    "sellingAndMarketingExpenses": 0,
    "sellingGeneralAndAdministrativeExpenses": 4343000000,
    "otherExpenses": -227000000,
    "operatingExpenses": 4116000000,
    "costAndExpenses": 25082000000,
    "interestIncome": 0,
    "interestExpense": 961000000,
    "depreciationAndAmortization": 1136000000,
    "ebitda": 4171000000,
    "ebitdaratio": 0.1436393691,
    "operatingIncome": 3956000000,
    "operatingIncomeRatio": 0.1362352779,
    "totalOtherIncomeExpensesNet": -1882000000,
    "incomeBeforeTax": 2074000000,
    "incomeBeforeTaxRatio": 0.0714236518,
    "incomeTaxExpense": 18000000,
    "netIncome": 2027000000,
    "netIncomeRatio": 0.069805083,
    "eps": 1.76,
    "epsdiluted": 1.76,
    "weightedAverageShsOut": 1113000000,
    "weightedAverageShsOutDil": 1127000000,
    "link": "https://www.sec.gov/Archives/edgar/data/40545/000004054516000195/0000040545-16-000195-index.htm",
    "finalLink": "https://www.sec.gov/Archives/edgar/data/40545/000004054516000195/ge10q3q16.htm"
  },
  {
    "date": "2016-06-30",
    "symbol": "GE",
    "reportedCurrency": "USD",
    "cik": "0000040545",
    "fillingDate": "2016-08-01",
    "acceptedDate": "2016-08-01 16:52:19",
    "calendarYear": "2016",
    "period": "Q2",
    "revenue": 30344000000,
    "costOfRevenue": 22383000000,
    "grossProfit": 7961000000,
    "grossProfitRatio": 0.2623582916,
    "researchAndDevelopmentExpenses": 0,
    "generalAndAdministrativeExpenses": 0,
    "sellingAndMarketingExpenses": 0,
    "sellingGeneralAndAdministrativeExpenses": 4883000000,
    "otherExpenses": -3150000000,
    "operatingExpenses": 1733000000,
    "costAndExpenses": 24116000000,
    "interestIncome": 0,
    "interestExpense": 1326000000,
    "depreciationAndAmortization": 1295000000,
    "ebitda": 6445000000,
    "ebitdaratio": 0.2123978381,
    "operatingIncome": 6228000000,
    "operatingIncomeRatio": 0.2052465067,
    "totalOtherIncomeExpensesNet": -2404000000,
    "incomeBeforeTax": 3824000000,
    "incomeBeforeTaxRatio": 0.1260216188,
    "incomeTaxExpense": 461000000,
    "netIncome": 2908000000,
    "netIncomeRatio": 0.0958344318,
    "eps": 2.4,
    "epsdiluted": 2.4,
    "weightedAverageShsOut": 1134875000,
    "weightedAverageShsOutDil": 1145500000,
    "link": "https://www.sec.gov/Archives/edgar/data/40545/000004054516000174/0000040545-16-000174-index.htm",
    "finalLink": "https://www.sec.gov/Archives/edgar/data/40545/000004054516000174/ge10q2q16.htm"
  },
  {
    "date": "2016-03-31",
    "symbol": "GE",
    "reportedCurrency": "USD",
    "cik": "0000040545",
    "fillingDate": "2016-05-04",
    "acceptedDate": "2016-05-04 16:44:34",
    "calendarYear": "2016",
    "period": "Q1",
    "revenue": 27836000000,
    "costOfRevenue": 20361000000,
    "grossProfit": 7475000000,
    "grossProfitRatio": 0.2685371461,
    "researchAndDevelopmentExpenses": 0,
    "generalAndAdministrativeExpenses": 0,
    "sellingAndMarketingExpenses": 0,
    "sellingGeneralAndAdministrativeExpenses": 4608000000,
    "otherExpenses": -9000000,
    "operatingExpenses": 4599000000,
    "costAndExpenses": 24960000000,
    "interestIncome": 0,
    "interestExpense": 1736000000,
    "depreciationAndAmortization": 1210000000,
    "ebitda": 3184000000,
    "ebitdaratio": 0.1143842506,
    "operatingIncome": 2876000000,
    "operatingIncomeRatio": 0.1033194424,
    "totalOtherIncomeExpensesNet": -2638000000,
    "incomeBeforeTax": 238000000,
    "incomeBeforeTaxRatio": 0.008550079,
    "incomeTaxExpense": -177000000,
    "netIncome": 228000000,
    "netIncomeRatio": 0.008190832,
    "eps": 0.21,
    "epsdiluted": -0.08,
    "weightedAverageShsOut": 1161000000,
    "weightedAverageShsOutDil": 1171500000,
    "link": "https://www.sec.gov/Archives/edgar/data/40545/000004054516000152/0000040545-16-000152-index.htm",
    "finalLink": "https://www.sec.gov/Archives/edgar/data/40545/000004054516000152/ge10q1q2016.htm"
  },
  {
    "date": "2015-12-31",
    "symbol": "GE",
    "reportedCurrency": "USD",
    "cik": "0000040545",
    "fillingDate": "2016-02-26",
    "acceptedDate": "2016-02-26 16:06:12",
    "calendarYear": "2015",
    "period": "Q4",
    "revenue": 23519000000,
    "costOfRevenue": 25255000000,
    "grossProfit": -1736000000,
    "grossProfitRatio": -0.0738126621,
    "researchAndDevelopmentExpenses": 0,
    "generalAndAdministrativeExpenses": 0,
    "sellingAndMarketingExpenses": 0,
    "sellingGeneralAndAdministrativeExpenses": 0,
    "otherExpenses": 14287000000,
    "operatingExpenses": 14287000000,
    "costAndExpenses": 39542000000,
    "interestIncome": 0,
    "interestExpense": 1235000000,
    "depreciationAndAmortization": 1244000000,
    "ebitda": 3313000000,
    "ebitdaratio": 0.1408648327,
    "operatingIncome": -16023000000,
    "operatingIncomeRatio": -0.6812789659,
    "totalOtherIncomeExpensesNet": 18605000000,
    "incomeBeforeTax": 2582000000,
    "incomeBeforeTaxRatio": 0.1097835792,
    "incomeTaxExpense": -981000000,
    "netIncome": 6301000000,
    "netIncomeRatio": 0.2679110506,
    "eps": 5.12,
    "epsdiluted": 5.12,
    "weightedAverageShsOut": 1218125000,
    "weightedAverageShsOutDil": 1227625000,
    "link": "https://www.sec.gov/Archives/edgar/data/40545/000004054516000145/0000040545-16-000145-index.htm",
    "finalLink": "https://www.sec.gov/Archives/edgar/data/40545/000004054516000145/ge10k2015.htm"
  },
  {
    "date": "2015-09-30",
    "symbol": "GE",
    "reportedCurrency": "USD",
    "cik": "0000040545",
    "fillingDate": "2015-11-02",
    "acceptedDate": "2015-10-30 19:58:04",
    "calendarYear": "2015",
    "period": "Q3",
    "revenue": 27859000000,
    "costOfRevenue": 19855000000,
    "grossProfit": 8004000000,
    "grossProfitRatio": 0.2873039233,
    "researchAndDevelopmentExpenses": 0,
    "generalAndAdministrativeExpenses": 0,
    "sellingAndMarketingExpenses": 0,
    "sellingGeneralAndAdministrativeExpenses": 4258000000,
    "otherExpenses": -169000000,
    "operatingExpenses": 4089000000,
    "costAndExpenses": 23944000000,
    "interestIncome": 0,
    "interestExpense": 897000000,
    "depreciationAndAmortization": 1265000000,
    "ebitda": 4212000000,
    "ebitdaratio": 0.1511899207,
    "operatingIncome": 3915000000,
    "operatingIncomeRatio": 0.1405290929,
    "totalOtherIncomeExpensesNet": -1865000000,
    "incomeBeforeTax": 2050000000,
    "incomeBeforeTaxRatio": 0.0735848379,
    "incomeTaxExpense": 135000000,
    "netIncome": 2506000000,
    "netIncomeRatio": 0.0899529775,
    "eps": 2,
    "epsdiluted": 2,
    "weightedAverageShsOut": 1262875000,
    "weightedAverageShsOutDil": 1271625000,
    "link": "https://www.sec.gov/Archives/edgar/data/40545/000004054515000114/0000040545-15-000114-index.htm",
    "finalLink": "https://www.sec.gov/Archives/edgar/data/40545/000004054515000114/ge10q3q15.htm"
  },
  {
    "date": "2015-06-30",
    "symbol": "GE",
    "reportedCurrency": "USD",
    "cik": "0000040545",
    "fillingDate": "2015-07-30",
    "acceptedDate": "2015-07-29 21:43:35",
    "calendarYear": "2015",
    "period": "Q2",
    "revenue": 28446000000,
    "costOfRevenue": 20572000000,
    "grossProfit": 7874000000,
    "grossProfitRatio": 0.2768051747,
    "researchAndDevelopmentExpenses": 0,
    "generalAndAdministrativeExpenses": 0,
    "sellingAndMarketingExpenses": 0,
    "sellingGeneralAndAdministrativeExpenses": 4385000000,
    "otherExpenses": -780000000,
    "operatingExpenses": 3605000000,
    "costAndExpenses": 24177000000,
    "interestIncome": 0,
    "interestExpense": 713000000,
    "depreciationAndAmortization": 1188000000,
    "ebitda": 4513000000,
    "ebitdaratio": 0.15865148,
    "operatingIncome": 4269000000,
    "operatingIncomeRatio": 0.1500738241,
    "totalOtherIncomeExpensesNet": -1657000000,
    "incomeBeforeTax": 2612000000,
    "incomeBeforeTaxRatio": 0.0918231034,
    "incomeTaxExpense": 799000000,
    "netIncome": -1360000000,
    "netIncomeRatio": -0.0478098854,
    "eps": -1.08,
    "epsdiluted": -1.07,
    "weightedAverageShsOut": 1260875000,
    "weightedAverageShsOutDil": 1269750000,
    "link": "https://www.sec.gov/Archives/edgar/data/40545/000004054515000088/0000040545-15-000088-index.htm",
    "finalLink": "https://www.sec.gov/Archives/edgar/data/40545/000004054515000088/ge10q2q15.htm"
  },
  {
    "date": "2015-03-31",
    "symbol": "GE",
    "reportedCurrency": "USD",
    "cik": "0000040545",
    "fillingDate": "2015-05-04",
    "acceptedDate": "2015-05-04 16:07:30",
    "calendarYear": "2015",
    "period": "Q1",
    "revenue": 26097000000,
    "costOfRevenue": 18682000000,
    "grossProfit": 7415000000,
    "grossProfitRatio": 0.2841322757,
    "researchAndDevelopmentExpenses": 0,
    "generalAndAdministrativeExpenses": 0,
    "sellingAndMarketingExpenses": 0,
    "sellingGeneralAndAdministrativeExpenses": 4415000000,
    "otherExpenses": -142000000,
    "operatingExpenses": 4273000000,
    "costAndExpenses": 22955000000,
    "interestIncome": 0,
    "interestExpense": 618000000,
    "depreciationAndAmortization": 1101000000,
    "ebitda": 3340000000,
    "ebitdaratio": 0.1279840595,
    "operatingIncome": 3142000000,
    "operatingIncomeRatio": 0.1203969805,
    "totalOtherIncomeExpensesNet": -1521000000,
    "incomeBeforeTax": 1621000000,
    "incomeBeforeTaxRatio": 0.0621144193,
    "incomeTaxExpense": 6294000000,
    "netIncome": -13573000000,
    "netIncomeRatio": -0.5200980956,
    "eps": -10.79,
    "epsdiluted": -10.79,
    "weightedAverageShsOut": 1258375000,
    "weightedAverageShsOutDil": 1258375000,
    "link": "https://www.sec.gov/Archives/edgar/data/40545/000004054515000054/0000040545-15-000054-index.htm",
    "finalLink": "https://www.sec.gov/Archives/edgar/data/40545/000004054515000054/ge10q1q15.htm"
  },
  {
    "date": "2014-12-31",
    "symbol": "GE",
    "reportedCurrency": "USD",
    "cik": "0000040545",
    "fillingDate": "2014-12-31",
    "acceptedDate": "2014-12-30 19:00:00",
    "calendarYear": "2014",
    "period": "Q4",
    "revenue": 42018000000,
    "costOfRevenue": 23043000000,
    "grossProfit": 18975000000,
    "grossProfitRatio": 0.4515921748,
    "researchAndDevelopmentExpenses": 5273000000,
    "generalAndAdministrativeExpenses": 0,
    "sellingAndMarketingExpenses": 0,
    "sellingGeneralAndAdministrativeExpenses": 5258000000,
    "otherExpenses": 26242000000,
    "operatingExpenses": 36773000000,
    "costAndExpenses": 59816000000,
    "interestIncome": 0,
    "interestExpense": 2443000000,
    "depreciationAndAmortization": 2288000000,
    "ebitda": 10810000000,
    "ebitdaratio": 0.2572706935,
    "operatingIncome": -17798000000,
    "operatingIncomeRatio": -0.4235803703,
    "totalOtherIncomeExpensesNet": 23877000000,
    "incomeBeforeTax": 6079000000,
    "incomeBeforeTaxRatio": 0.1446760912,
    "incomeTaxExpense": 600000000,
    "netIncome": 5152000000,
    "netIncomeRatio": 0.1226141178,
    "eps": 4.08,
    "epsdiluted": 4.08,
    "weightedAverageShsOut": 1256250000,
    "weightedAverageShsOutDil": 1265875000,
    "link": "",
    "finalLink": ""
  },
  {
    "date": "2014-09-30",
    "symbol": "GE",
    "reportedCurrency": "USD",
    "cik": "0000040545",
    "fillingDate": "2014-09-30",
    "acceptedDate": "2014-09-29 20:00:00",
    "calendarYear": "2014",
    "period": "Q3",
    "revenue": 31849000000,
    "costOfRevenue": 19740000000,
    "grossProfit": 12109000000,
    "grossProfitRatio": 0.3802003203,
    "researchAndDevelopmentExpenses": 0,
    "generalAndAdministrativeExpenses": 0,
    "sellingAndMarketingExpenses": 0,
    "sellingGeneralAndAdministrativeExpenses": 0,
    "otherExpenses": 600000000,
    "operatingExpenses": 600000000,
    "costAndExpenses": 20340000000,
    "interestIncome": 0,
    "interestExpense": 1325000000,
    "depreciationAndAmortization": 1425000000,
    "ebitda": 5954000000,
    "ebitdaratio": 0.186944645,
    "operatingIncome": 11509000000,
    "operatingIncomeRatio": 0.3613614242,
    "totalOtherIncomeExpensesNet": -8305000000,
    "incomeBeforeTax": 3204000000,
    "incomeBeforeTaxRatio": 0.1005997049,
    "incomeTaxExpense": 401000000,
    "netIncome": 3537000000,
    "netIncomeRatio": 0.1110552922,
    "eps": 2.8,
    "epsdiluted": 2.8,
    "weightedAverageShsOut": 1254875000,
    "weightedAverageShsOutDil": 1264875000,
    "link": "",
    "finalLink": ""
  },
  {
    "date": "2014-06-30",
    "symbol": "GE",
    "reportedCurrency": "USD",
    "cik": "0000040545",
    "fillingDate": "2014-06-30",
    "acceptedDate": "2014-06-29 20:00:00",
    "calendarYear": "2014",
    "period": "Q2",
    "revenue": 31922000000,
    "costOfRevenue": 20006000000,
    "grossProfit": 11916000000,
    "grossProfitRatio": 0.3732848819,
    "researchAndDevelopmentExpenses": 0,
    "generalAndAdministrativeExpenses": 0,
    "sellingAndMarketingExpenses": 0,
    "sellingGeneralAndAdministrativeExpenses": 0,
    "otherExpenses": 610000000,
    "operatingExpenses": 610000000,
    "costAndExpenses": 20616000000,
    "interestIncome": 0,
    "interestExpense": 1299000000,
    "depreciationAndAmortization": 206000000,
    "ebitda": 4581000000,
    "ebitdaratio": 0.143506046,
    "operatingIncome": 11306000000,
    "operatingIncomeRatio": 0.3541758035,
    "totalOtherIncomeExpensesNet": -8230000000,
    "incomeBeforeTax": 3076000000,
    "incomeBeforeTaxRatio": 0.0963598772,
    "incomeTaxExpense": 192000000,
    "netIncome": 3545000000,
    "netIncomeRatio": 0.1110519391,
    "eps": 2.8,
    "epsdiluted": 2.8,
    "weightedAverageShsOut": 1253875000,
    "weightedAverageShsOutDil": 1263750000,
    "link": null,
    "finalLink": null
  },
  {
    "date": "2014-05-09",
    "symbol": "GE",
    "reportedCurrency": "USD",
    "cik": "0000040545",
    "fillingDate": "2014-05-12",
    "acceptedDate": "2014-05-09 19:04:11",
    "calendarYear": "2014",
    "period": "Q1",
    "revenue": 33352000000,
    "costOfRevenue": 18522000000,
    "grossProfit": 14830000000,
    "grossProfitRatio": 0.4446509954,
    "researchAndDevelopmentExpenses": 0,
    "generalAndAdministrativeExpenses": 0,
    "sellingAndMarketingExpenses": 0,
    "sellingGeneralAndAdministrativeExpenses": 0,
    "otherExpenses": 788000000,
    "operatingExpenses": 788000000,
    "costAndExpenses": 19310000000,
    "interestIncome": 0,
    "interestExpense": 2141000000,
    "depreciationAndAmortization": 2189000000,
    "ebitda": 7649000000,
    "ebitdaratio": 0.2293415687,
    "operatingIncome": 14042000000,
    "operatingIncomeRatio": 0.4210242264,
    "totalOtherIncomeExpensesNet": -10723000000,
    "incomeBeforeTax": 3319000000,
    "incomeBeforeTaxRatio": 0.099514272,
    "incomeTaxExpense": 619000000,
    "netIncome": 2999000000,
    "netIncomeRatio": 0.089919645,
    "eps": 2.4,
    "epsdiluted": 2.4,
    "weightedAverageShsOut": 1255625000,
    "weightedAverageShsOutDil": 1265375000,
    "link": "https://www.sec.gov/Archives/edgar/data/40545/000004055414000061/0000040554-14-000061-index.htm",
    "finalLink": "https://www.sec.gov/Archives/edgar/data/40545/000004055414000061/geform10q1q14.htm"
  },
  {
    "date": "2013-12-31",
    "symbol": "GE",
    "reportedCurrency": "USD",
    "cik": "0000040545",
    "fillingDate": "2014-02-27",
    "acceptedDate": "2014-02-27 16:55:58",
    "calendarYear": "2013",
    "period": "Q4",
    "revenue": 39161000000,
    "costOfRevenue": 21880000000,
    "grossProfit": 17281000000,
    "grossProfitRatio": 0.4412808662,
    "researchAndDevelopmentExpenses": 5461000000,
    "generalAndAdministrativeExpenses": 0,
    "sellingAndMarketingExpenses": 0,
    "sellingGeneralAndAdministrativeExpenses": 6339000000,
    "otherExpenses": -8238000000,
    "operatingExpenses": 3562000000,
    "costAndExpenses": 25442000000,
    "interestIncome": 0,
    "interestExpense": 2416000000,
    "depreciationAndAmortization": 2607000000,
    "ebitda": 9711000000,
    "ebitdaratio": 0.247976303,
    "operatingIncome": 13719000000,
    "operatingIncomeRatio": 0.3503230255,
    "totalOtherIncomeExpensesNet": -9031000000,
    "incomeBeforeTax": 4688000000,
    "incomeBeforeTaxRatio": 0.1197109369,
    "incomeTaxExpense": -483000000,
    "netIncome": 3206000000,
    "netIncomeRatio": 0.0818671638,
    "eps": 3.96,
    "epsdiluted": 3.94,
    "weightedAverageShsOut": 1261250000,
    "weightedAverageShsOutDil": 1270250000,
    "link": "https://www.sec.gov/Archives/edgar/data/40545/000004055414000023/0000040554-14-000023-index.htm",
    "finalLink": "https://www.sec.gov/Archives/edgar/data/40545/000004055414000023/geform10k2013.htm"
  },
  {
    "date": "2013-09-30",
    "symbol": "GE",
    "reportedCurrency": "USD",
    "cik": "0000040545",
    "fillingDate": "2013-11-01",
    "acceptedDate": "2013-11-01 17:04:53",
    "calendarYear": "2013",
    "period": "Q3",
    "revenue": 35298000000,
    "costOfRevenue": 19455000000,
    "grossProfit": 15843000000,
    "grossProfitRatio": 0.4488356281,
    "researchAndDevelopmentExpenses": 0,
    "generalAndAdministrativeExpenses": 0,
    "sellingAndMarketingExpenses": 0,
    "sellingGeneralAndAdministrativeExpenses": 0,
    "otherExpenses": 426000000,
    "operatingExpenses": 426000000,
    "costAndExpenses": 19881000000,
    "interestIncome": 0,
    "interestExpense": 2445000000,
    "depreciationAndAmortization": 2577000000,
    "ebitda": 8642000000,
    "ebitdaratio": 0.2448297354,
    "operatingIncome": 15417000000,
    "operatingIncomeRatio": 0.4367669556,
    "totalOtherIncomeExpensesNet": -11797000000,
    "incomeBeforeTax": 3620000000,
    "incomeBeforeTaxRatio": 0.1025553856,
    "incomeTaxExpense": 348000000,
    "netIncome": 3191000000,
    "netIncomeRatio": 0.0904017225,
    "eps": 2.48,
    "epsdiluted": 2.48,
    "weightedAverageShsOut": 1268875000,
    "weightedAverageShsOutDil": 1277875000,
    "link": "https://www.sec.gov/Archives/edgar/data/40545/000004054513000092/0000040545-13-000092-index.htm",
    "finalLink": "https://www.sec.gov/Archives/edgar/data/40545/000004054513000092/geform10q3q13.htm"
  },
  {
    "date": "2013-06-30",
    "symbol": "GE",
    "reportedCurrency": "USD",
    "cik": "0000040545",
    "fillingDate": "2013-07-26",
    "acceptedDate": "2013-07-26 16:19:03",
    "calendarYear": "2013",
    "period": "Q2",
    "revenue": 34955000000,
    "costOfRevenue": 18491000000,
    "grossProfit": 16464000000,
    "grossProfitRatio": 0.4710055786,
    "researchAndDevelopmentExpenses": 0,
    "generalAndAdministrativeExpenses": 0,
    "sellingAndMarketingExpenses": 0,
    "sellingGeneralAndAdministrativeExpenses": 0,
    "otherExpenses": 906000000,
    "operatingExpenses": 906000000,
    "costAndExpenses": 19397000000,
    "interestIncome": 0,
    "interestExpense": 2600000000,
    "depreciationAndAmortization": 2266000000,
    "ebitda": 8599000000,
    "ebitdaratio": 0.2460020026,
    "operatingIncome": 15558000000,
    "operatingIncomeRatio": 0.4450865398,
    "totalOtherIncomeExpensesNet": -11825000000,
    "incomeBeforeTax": 3733000000,
    "incomeBeforeTaxRatio": 0.10679445,
    "incomeTaxExpense": 310000000,
    "netIncome": 3133000000,
    "netIncomeRatio": 0.0896295237,
    "eps": 2.4,
    "epsdiluted": 2.4,
    "weightedAverageShsOut": 1282875000,
    "weightedAverageShsOutDil": 1291000000,
    "link": "https://www.sec.gov/Archives/edgar/data/40545/000004054513000075/0000040545-13-000075-index.htm",
    "finalLink": "https://www.sec.gov/Archives/edgar/data/40545/000004054513000075/geform10q2q13.htm"
  },
  {
    "date": "2013-03-31",
    "symbol": "GE",
    "reportedCurrency": "USD",
    "cik": "0000040545",
    "fillingDate": "2013-05-08",
    "acceptedDate": "2013-05-07 18:26:54",
    "calendarYear": "2013",
    "period": "Q1",
    "revenue": 33328000000,
    "costOfRevenue": 17315000000,
    "grossProfit": 16013000000,
    "grossProfitRatio": 0.4804668747,
    "researchAndDevelopmentExpenses": 0,
    "generalAndAdministrativeExpenses": 0,
    "sellingAndMarketingExpenses": 0,
    "sellingGeneralAndAdministrativeExpenses": 0,
    "otherExpenses": -158000000,
    "operatingExpenses": -158000000,
    "costAndExpenses": 17157000000,
    "interestIncome": 0,
    "interestExpense": 2603000000,
    "depreciationAndAmortization": 2309000000,
    "ebitda": 9051000000,
    "ebitdaratio": 0.2715734518,
    "operatingIncome": 16171000000,
    "operatingIncomeRatio": 0.4852076332,
    "totalOtherIncomeExpensesNet": -12032000000,
    "incomeBeforeTax": 4139000000,
    "incomeBeforeTaxRatio": 0.1241898704,
    "incomeTaxExpense": 508000000,
    "netIncome": 3527000000,
    "netIncomeRatio": 0.1058269323,
    "eps": 2.72,
    "epsdiluted": 2.72,
    "weightedAverageShsOut": 1296750000,
    "weightedAverageShsOutDil": 1304125000,
    "link": "https://www.sec.gov/Archives/edgar/data/40545/000004054513000057/0000040545-13-000057-index.htm",
    "finalLink": "https://www.sec.gov/Archives/edgar/data/40545/000004054513000057/geform10q1q13.htm"
  },
  {
    "date": "2012-12-31",
    "symbol": "GE",
    "reportedCurrency": "USD",
    "cik": "0000040545",
    "fillingDate": "2013-02-26",
    "acceptedDate": "2013-02-26 17:17:59",
    "calendarYear": "2012",
    "period": "Q4",
    "revenue": 36764000000,
    "costOfRevenue": 18733000000,
    "grossProfit": 18031000000,
    "grossProfitRatio": 0.4904526167,
    "researchAndDevelopmentExpenses": 5200000000,
    "generalAndAdministrativeExpenses": 1652000000,
    "sellingAndMarketingExpenses": 0,
    "sellingGeneralAndAdministrativeExpenses": 1652000000,
    "otherExpenses": -33731000000,
    "operatingExpenses": -26879000000,
    "costAndExpenses": -8146000000,
    "interestIncome": 114000000,
    "interestExpense": 2960000000,
    "depreciationAndAmortization": 2532000000,
    "ebitda": 10761000000,
    "ebitdaratio": 0.2927048199,
    "operatingIncome": 44910000000,
    "operatingIncomeRatio": 1.2215754542,
    "totalOtherIncomeExpensesNet": -39641000000,
    "incomeBeforeTax": 5269000000,
    "incomeBeforeTaxRatio": 0.1433195517,
    "incomeTaxExpense": 818000000,
    "netIncome": 4011000000,
    "netIncomeRatio": 0.1091012947,
    "eps": 3.04,
    "epsdiluted": 3.04,
    "weightedAverageShsOut": 1305875000,
    "weightedAverageShsOutDil": 1312500000,
    "link": "https://www.sec.gov/Archives/edgar/data/40545/000004054513000036/0000040545-13-000036-index.htm",
    "finalLink": "https://www.sec.gov/Archives/edgar/data/40545/000004054513000036/geform10k2012.htm"
  },
  {
    "date": "2012-09-30",
    "symbol": "GE",
    "reportedCurrency": "USD",
    "cik": "0000040545",
    "fillingDate": "2012-11-07",
    "acceptedDate": "2012-11-06 17:41:41",
    "calendarYear": "2012",
    "period": "Q3",
    "revenue": 35467000000,
    "costOfRevenue": 18509000000,
    "grossProfit": 16958000000,
    "grossProfitRatio": 0.478134604,
    "researchAndDevelopmentExpenses": 0,
    "generalAndAdministrativeExpenses": 9713000000,
    "sellingAndMarketingExpenses": 0,
    "sellingGeneralAndAdministrativeExpenses": 9713000000,
    "otherExpenses": -9378000000,
    "operatingExpenses": 335000000,
    "costAndExpenses": 18844000000,
    "interestIncome": 0,
    "interestExpense": 2972000000,
    "depreciationAndAmortization": 2287000000,
    "ebitda": 9283000000,
    "ebitdaratio": 0.2617362619,
    "operatingIncome": 16623000000,
    "operatingIncomeRatio": 0.468689204,
    "totalOtherIncomeExpensesNet": -12599000000,
    "incomeBeforeTax": 4024000000,
    "incomeBeforeTaxRatio": 0.1134575803,
    "incomeTaxExpense": 557000000,
    "netIncome": 3491000000,
    "netIncomeRatio": 0.098429526,
    "eps": 2.65,
    "epsdiluted": 2.64,
    "weightedAverageShsOut": 1315375000,
    "weightedAverageShsOutDil": 1321000000,
    "link": "https://www.sec.gov/Archives/edgar/data/40545/000004054512000088/0000040545-12-000088-index.htm",
    "finalLink": "https://www.sec.gov/Archives/edgar/data/40545/000004054512000088/form10q3q.htm"
  },
  {
    "date": "2012-06-30",
    "symbol": "GE",
    "reportedCurrency": "USD",
    "cik": "0000040545",
    "fillingDate": "2012-07-30",
    "acceptedDate": "2012-07-30 16:39:53",
    "calendarYear": "2012",
    "period": "Q2",
    "revenue": 36004000000,
    "costOfRevenue": 19199000000,
    "grossProfit": 16805000000,
    "grossProfitRatio": 0.466753694,
    "researchAndDevelopmentExpenses": 0,
    "generalAndAdministrativeExpenses": 9163000000,
    "sellingAndMarketingExpenses": 0,
    "sellingGeneralAndAdministrativeExpenses": 9163000000,
    "otherExpenses": -8813000000,
    "operatingExpenses": 350000000,
    "costAndExpenses": 19549000000,
    "interestIncome": 0,
    "interestExpense": 3202000000,
    "depreciationAndAmortization": 2192000000,
    "ebitda": 9581000000,
    "ebitdaratio": 0.2661093212,
    "operatingIncome": 16455000000,
    "operatingIncomeRatio": 0.4570325519,
    "totalOtherIncomeExpensesNet": -12268000000,
    "incomeBeforeTax": 4187000000,
    "incomeBeforeTaxRatio": 0.1162926342,
    "incomeTaxExpense": 496000000,
    "netIncome": 3105000000,
    "netIncomeRatio": 0.0862404177,
    "eps": 2.32,
    "epsdiluted": 2.32,
    "weightedAverageShsOut": 1321750000,
    "weightedAverageShsOutDil": 1326375000,
    "link": "https://www.sec.gov/Archives/edgar/data/40545/000004054512000071/0000040545-12-000071-index.htm",
    "finalLink": "https://www.sec.gov/Archives/edgar/data/40545/000004054512000071/ge10q06302012.htm"
  },
  {
    "date": "2012-03-31",
    "symbol": "GE",
    "reportedCurrency": "USD",
    "cik": "0000040545",
    "fillingDate": "2012-05-04",
    "acceptedDate": "2012-05-04 16:39:07",
    "calendarYear": "2012",
    "period": "Q1",
    "revenue": 34523000000,
    "costOfRevenue": 17869000000,
    "grossProfit": 16654000000,
    "grossProfitRatio": 0.4824030357,
    "researchAndDevelopmentExpenses": 0,
    "generalAndAdministrativeExpenses": 9166000000,
    "sellingAndMarketingExpenses": 0,
    "sellingGeneralAndAdministrativeExpenses": 9166000000,
    "otherExpenses": -8303000000,
    "operatingExpenses": 863000000,
    "costAndExpenses": 18732000000,
    "interestIncome": 0,
    "interestExpense": 3347000000,
    "depreciationAndAmortization": 2220000000,
    "ebitda": 9501000000,
    "ebitdaratio": 0.2752078325,
    "operatingIncome": 15791000000,
    "operatingIncomeRatio": 0.4574052081,
    "totalOtherIncomeExpensesNet": -11857000000,
    "incomeBeforeTax": 3934000000,
    "incomeBeforeTaxRatio": 0.1139530168,
    "incomeTaxExpense": 665000000,
    "netIncome": 3034000000,
    "netIncomeRatio": 0.08788344,
    "eps": 2.32,
    "epsdiluted": 2.32,
    "weightedAverageShsOut": 1322625000,
    "weightedAverageShsOutDil": 1326375000,
    "link": "https://www.sec.gov/Archives/edgar/data/40545/000004054512000037/0000040545-12-000037-index.htm",
    "finalLink": "https://www.sec.gov/Archives/edgar/data/40545/000004054512000037/ge10q1q12.htm"
  },
  {
    "date": "2011-12-31",
    "symbol": "GE",
    "reportedCurrency": "USD",
    "cik": "0000040545",
    "fillingDate": "2012-02-24",
    "acceptedDate": "2012-02-24 16:29:18",
    "calendarYear": "2011",
    "period": "Q4",
    "revenue": 32910000000,
    "costOfRevenue": 17463000000,
    "grossProfit": 15447000000,
    "grossProfitRatio": 0.4693710119,
    "researchAndDevelopmentExpenses": 0,
    "generalAndAdministrativeExpenses": 0,
    "sellingAndMarketingExpenses": 0,
    "sellingGeneralAndAdministrativeExpenses": 0,
    "otherExpenses": -27498000000,
    "operatingExpenses": -27498000000,
    "costAndExpenses": -10035000000,
    "interestIncome": 206000000,
    "interestExpense": 3236000000,
    "depreciationAndAmortization": 2241000000,
    "ebitda": 9953000000,
    "ebitdaratio": 0.3024308721,
    "operatingIncome": 42945000000,
    "operatingIncomeRatio": 1.304922516,
    "totalOtherIncomeExpensesNet": -38469000000,
    "incomeBeforeTax": 4476000000,
    "incomeBeforeTaxRatio": 0.1360072926,
    "incomeTaxExpense": 466000000,
    "netIncome": 3730000000,
    "netIncomeRatio": 0.1133394105,
    "eps": 2.8,
    "epsdiluted": 2.8,
    "weightedAverageShsOut": 1320750000,
    "weightedAverageShsOutDil": 1323875000,
    "link": "https://www.sec.gov/Archives/edgar/data/40545/000004054512000016/0000040545-12-000016-index.htm",
    "finalLink": "https://www.sec.gov/Archives/edgar/data/40545/000004054512000016/ge10k.htm"
  },
  {
    "date": "2011-09-30",
    "symbol": "GE",
    "reportedCurrency": "USD",
    "cik": "0000040545",
    "fillingDate": "2011-11-08",
    "acceptedDate": "2011-11-07 18:23:06",
    "calendarYear": "2011",
    "period": "Q3",
    "revenue": 35364000000,
    "costOfRevenue": 16759000000,
    "grossProfit": 18605000000,
    "grossProfitRatio": 0.5260999887,
    "researchAndDevelopmentExpenses": 0,
    "generalAndAdministrativeExpenses": 10146000000,
    "sellingAndMarketingExpenses": 0,
    "sellingGeneralAndAdministrativeExpenses": 10146000000,
    "otherExpenses": 961000000,
    "operatingExpenses": 11107000000,
    "costAndExpenses": 27866000000,
    "interestIncome": 0,
    "interestExpense": 3731000000,
    "depreciationAndAmortization": 2350000000,
    "ebitda": 9848000000,
    "ebitdaratio": 0.2784752856,
    "operatingIncome": 7498000000,
    "operatingIncomeRatio": 0.2120235268,
    "totalOtherIncomeExpensesNet": -3731000000,
    "incomeBeforeTax": 3767000000,
    "incomeBeforeTaxRatio": 0.1065207556,
    "incomeTaxExpense": 437000000,
    "netIncome": 3224000000,
    "netIncomeRatio": 0.0911661577,
    "eps": 1.77,
    "epsdiluted": 1.76,
    "weightedAverageShsOut": 1322500000,
    "weightedAverageShsOutDil": 1325875000,
    "link": "https://www.sec.gov/Archives/edgar/data/40545/000004054511000058/0000040545-11-000058-index.htm",
    "finalLink": "https://www.sec.gov/Archives/edgar/data/40545/000004054511000058/form10q.htm"
  },
  {
    "date": "2011-06-30",
    "symbol": "GE",
    "reportedCurrency": "USD",
    "cik": "0000040545",
    "fillingDate": "2011-07-29",
    "acceptedDate": "2011-07-29 16:40:26",
    "calendarYear": "2011",
    "period": "Q2",
    "revenue": 35623000000,
    "costOfRevenue": 17417000000,
    "grossProfit": 18206000000,
    "grossProfitRatio": 0.5110743059,
    "researchAndDevelopmentExpenses": 0,
    "generalAndAdministrativeExpenses": 9108000000,
    "sellingAndMarketingExpenses": 0,
    "sellingGeneralAndAdministrativeExpenses": 9108000000,
    "otherExpenses": 792000000,
    "operatingExpenses": 9900000000,
    "costAndExpenses": 27317000000,
    "interestIncome": 0,
    "interestExpense": 3770000000,
    "depreciationAndAmortization": 2302000000,
    "ebitda": 10608000000,
    "ebitdaratio": 0.2977851388,
    "operatingIncome": 8306000000,
    "operatingIncomeRatio": 0.2331639671,
    "totalOtherIncomeExpensesNet": -3770000000,
    "incomeBeforeTax": 4536000000,
    "incomeBeforeTaxRatio": 0.1273334643,
    "incomeTaxExpense": 892000000,
    "netIncome": 3764000000,
    "netIncomeRatio": 0.1056620723,
    "eps": 2.8,
    "epsdiluted": 2.8,
    "weightedAverageShsOut": 1325500000,
    "weightedAverageShsOutDil": 1329875000,
    "link": "https://www.sec.gov/Archives/edgar/data/40545/000004054511000047/0000040545-11-000047-index.htm",
    "finalLink": "https://www.sec.gov/Archives/edgar/data/40545/000004054511000047/form10q.htm"
  },
  {
    "date": "2011-03-31",
    "symbol": "GE",
    "reportedCurrency": "USD",
    "cik": "0000040545",
    "fillingDate": "2011-05-06",
    "acceptedDate": "2011-05-06 16:12:26",
    "calendarYear": "2011",
    "period": "Q1",
    "revenue": 38329000000,
    "costOfRevenue": 16716000000,
    "grossProfit": 21613000000,
    "grossProfitRatio": 0.5638811344,
    "researchAndDevelopmentExpenses": 0,
    "generalAndAdministrativeExpenses": 9243000000,
    "sellingAndMarketingExpenses": 0,
    "sellingGeneralAndAdministrativeExpenses": 9243000000,
    "otherExpenses": 1140000000,
    "operatingExpenses": 10383000000,
    "costAndExpenses": 27099000000,
    "interestIncome": 0,
    "interestExpense": 3796000000,
    "depreciationAndAmortization": 2292000000,
    "ebitda": 13522000000,
    "ebitdaratio": 0.3527877064,
    "operatingIncome": 11230000000,
    "operatingIncomeRatio": 0.2929896423,
    "totalOtherIncomeExpensesNet": -3796000000,
    "incomeBeforeTax": 7434000000,
    "incomeBeforeTaxRatio": 0.1939523598,
    "incomeTaxExpense": 3942000000,
    "netIncome": 3433000000,
    "netIncomeRatio": 0.0895666467,
    "eps": 2.56,
    "epsdiluted": 2.48,
    "weightedAverageShsOut": 1326375000,
    "weightedAverageShsOutDil": 1330125000,
    "link": "https://www.sec.gov/Archives/edgar/data/40545/000004054511000032/0000040545-11-000032-index.htm",
    "finalLink": "https://www.sec.gov/Archives/edgar/data/40545/000004054511000032/form10q.htm"
  },
  {
    "date": "2010-12-31",
    "symbol": "GE",
    "reportedCurrency": "USD",
    "cik": "0000040545",
    "fillingDate": "2011-02-25",
    "acceptedDate": "2011-02-25 16:33:50",
    "calendarYear": "2010",
    "period": "Q4",
    "revenue": 40274000000,
    "costOfRevenue": 20379000000,
    "grossProfit": 19895000000,
    "grossProfitRatio": 0.4939911606,
    "researchAndDevelopmentExpenses": 0,
    "generalAndAdministrativeExpenses": 11606000000,
    "sellingAndMarketingExpenses": 0,
    "sellingGeneralAndAdministrativeExpenses": 11606000000,
    "otherExpenses": 1223000000,
    "operatingExpenses": 12829000000,
    "costAndExpenses": 33208000000,
    "interestIncome": 0,
    "interestExpense": 3612000000,
    "depreciationAndAmortization": 2536000000,
    "ebitda": 9602000000,
    "ebitdaratio": 0.2384168446,
    "operatingIncome": 7066000000,
    "operatingIncomeRatio": 0.17544818,
    "totalOtherIncomeExpensesNet": -3612000000,
    "incomeBeforeTax": 3454000000,
    "incomeBeforeTaxRatio": 0.0857625267,
    "incomeTaxExpense": -584000000,
    "netIncome": 4535000000,
    "netIncomeRatio": 0.1126036649,
    "eps": 3.36,
    "epsdiluted": 3.36,
    "weightedAverageShsOut": 1329500000,
    "weightedAverageShsOutDil": 1331750000,
    "link": "https://www.sec.gov/Archives/edgar/data/40545/000119312511047479/0001193125-11-047479-index.htm",
    "finalLink": "https://www.sec.gov/Archives/edgar/data/40545/000119312511047479/d10k.htm"
  },
  {
    "date": "2010-09-30",
    "symbol": "GE",
    "reportedCurrency": "USD",
    "cik": "0000040545",
    "fillingDate": "2010-11-03",
    "acceptedDate": "2010-11-03 17:02:41",
    "calendarYear": "2010",
    "period": "Q3",
    "revenue": 35373000000,
    "costOfRevenue": 16627000000,
    "grossProfit": 18746000000,
    "grossProfitRatio": 0.5299522234,
    "researchAndDevelopmentExpenses": 0,
    "generalAndAdministrativeExpenses": 9704000000,
    "sellingAndMarketingExpenses": 0,
    "sellingGeneralAndAdministrativeExpenses": 9704000000,
    "otherExpenses": 1637000000,
    "operatingExpenses": 11341000000,
    "costAndExpenses": 27968000000,
    "interestIncome": 0,
    "interestExpense": 3822000000,
    "depreciationAndAmortization": 2611000000,
    "ebitda": 10016000000,
    "ebitdaratio": 0.2831538179,
    "operatingIncome": 7405000000,
    "operatingIncomeRatio": 0.2093404574,
    "totalOtherIncomeExpensesNet": -3822000000,
    "incomeBeforeTax": 3583000000,
    "incomeBeforeTaxRatio": 0.1012919458,
    "incomeTaxExpense": 319000000,
    "netIncome": 2055000000,
    "netIncomeRatio": 0.0580951573,
    "eps": 1.44,
    "epsdiluted": 1.44,
    "weightedAverageShsOut": 1334250000,
    "weightedAverageShsOutDil": 1336375000,
    "link": "https://www.sec.gov/Archives/edgar/data/40545/000119312510246292/0001193125-10-246292-index.htm",
    "finalLink": "https://www.sec.gov/Archives/edgar/data/40545/000119312510246292/d10q.htm"
  },
  {
    "date": "2010-06-30",
    "symbol": "GE",
    "reportedCurrency": "USD",
    "cik": "0000040545",
    "fillingDate": "2010-08-02",
    "acceptedDate": "2010-08-02 13:58:50",
    "calendarYear": "2010",
    "period": "Q2",
    "revenue": 36928000000,
    "costOfRevenue": 17195000000,
    "grossProfit": 19733000000,
    "grossProfitRatio": 0.5343641681,
    "researchAndDevelopmentExpenses": 0,
    "generalAndAdministrativeExpenses": 9608000000,
    "sellingAndMarketingExpenses": 0,
    "sellingGeneralAndAdministrativeExpenses": 9608000000,
    "otherExpenses": 2007000000,
    "operatingExpenses": 11615000000,
    "costAndExpenses": 28810000000,
    "interestIncome": 0,
    "interestExpense": 3946000000,
    "depreciationAndAmortization": 2373000000,
    "ebitda": 10491000000,
    "ebitdaratio": 0.2840933709,
    "operatingIncome": 8118000000,
    "operatingIncomeRatio": 0.2198331889,
    "totalOtherIncomeExpensesNet": -3946000000,
    "incomeBeforeTax": 4172000000,
    "incomeBeforeTaxRatio": 0.1129766031,
    "incomeTaxExpense": 866000000,
    "netIncome": 3109000000,
    "netIncomeRatio": 0.0841908579,
    "eps": 2.24,
    "epsdiluted": 2.24,
    "weightedAverageShsOut": 1335625000,
    "weightedAverageShsOutDil": 1337750000,
    "link": "https://www.sec.gov/Archives/edgar/data/40545/000119312510173396/0001193125-10-173396-index.htm",
    "finalLink": "https://www.sec.gov/Archives/edgar/data/40545/000119312510173396/d10q.htm"
  },
  {
    "date": "2010-03-31",
    "symbol": "GE",
    "reportedCurrency": "USD",
    "cik": "0000040545",
    "fillingDate": "2010-05-07",
    "acceptedDate": "2010-05-06 18:53:47",
    "calendarYear": "2010",
    "period": "Q1",
    "revenue": 36204000000,
    "costOfRevenue": 17512000000,
    "grossProfit": 18692000000,
    "grossProfitRatio": 0.5162965418,
    "researchAndDevelopmentExpenses": 0,
    "generalAndAdministrativeExpenses": 9675000000,
    "sellingAndMarketingExpenses": 0,
    "sellingGeneralAndAdministrativeExpenses": 9675000000,
    "otherExpenses": 2187000000,
    "operatingExpenses": 11862000000,
    "costAndExpenses": 29374000000,
    "interestIncome": 0,
    "interestExpense": 4023000000,
    "depreciationAndAmortization": 2465000000,
    "ebitda": 9295000000,
    "ebitdaratio": 0.2567395868,
    "operatingIncome": 6830000000,
    "operatingIncomeRatio": 0.1886531875,
    "totalOtherIncomeExpensesNet": -4023000000,
    "incomeBeforeTax": 2807000000,
    "incomeBeforeTaxRatio": 0.0775328693,
    "incomeTaxExpense": 443000000,
    "netIncome": 1945000000,
    "netIncomeRatio": 0.0537233455,
    "eps": 1.36,
    "epsdiluted": 1.36,
    "weightedAverageShsOut": 1333875000,
    "weightedAverageShsOutDil": 1335875000,
    "link": "https://www.sec.gov/Archives/edgar/data/40545/000004054510000042/0000040545-10-000042-index.htm",
    "finalLink": "https://www.sec.gov/Archives/edgar/data/40545/000004054510000042/frm10q.htm"
  },
  {
    "date": "2009-12-31",
    "symbol": "GE",
    "reportedCurrency": "USD",
    "cik": "0000040545",
    "fillingDate": "2010-02-19",
    "acceptedDate": "2010-02-19 17:16:21",
    "calendarYear": "2009",
    "period": "Q4",
    "revenue": 41438000000,
    "costOfRevenue": 20503000000,
    "grossProfit": 20935000000,
    "grossProfitRatio": 0.5052126068,
    "researchAndDevelopmentExpenses": 0,
    "generalAndAdministrativeExpenses": 10940000000,
    "sellingAndMarketingExpenses": 0,
    "sellingGeneralAndAdministrativeExpenses": 10940000000,
    "otherExpenses": 2907000000,
    "operatingExpenses": 13847000000,
    "costAndExpenses": 34350000000,
    "interestIncome": 0,
    "interestExpense": 4467000000,
    "depreciationAndAmortization": 2743000000,
    "ebitda": 9831000000,
    "ebitdaratio": 0.2372460061,
    "operatingIncome": 7088000000,
    "operatingIncomeRatio": 0.1710507264,
    "totalOtherIncomeExpensesNet": -4467000000,
    "incomeBeforeTax": 2621000000,
    "incomeBeforeTaxRatio": 0.0632511222,
    "incomeTaxExpense": -524000000,
    "netIncome": 3013000000,
    "netIncomeRatio": 0.0727110382,
    "eps": 2.24,
    "epsdiluted": 2.24,
    "weightedAverageShsOut": 1328250000,
    "weightedAverageShsOutDil": 1328313000,
    "link": "https://www.sec.gov/Archives/edgar/data/40545/000004054510000010/0000040545-10-000010-index.htm",
    "finalLink": "https://www.sec.gov/Archives/edgar/data/40545/000004054510000010/frm10k.htm"
  },
  {
    "date": "2009-09-30",
    "symbol": "GE",
    "reportedCurrency": "USD",
    "cik": "0000040545",
    "fillingDate": "2009-11-02",
    "acceptedDate": "2009-11-02 16:05:47",
    "calendarYear": "2009",
    "period": "Q3",
    "revenue": 37799000000,
    "costOfRevenue": 18548000000,
    "grossProfit": 19251000000,
    "grossProfitRatio": 0.5092991878,
    "researchAndDevelopmentExpenses": 0,
    "generalAndAdministrativeExpenses": 10086000000,
    "sellingAndMarketingExpenses": 0,
    "sellingGeneralAndAdministrativeExpenses": 10086000000,
    "otherExpenses": 2868000000,
    "operatingExpenses": 12954000000,
    "costAndExpenses": 31502000000,
    "interestIncome": 0,
    "interestExpense": 4322000000,
    "depreciationAndAmortization": 2658000000,
    "ebitda": 8955000000,
    "ebitdaratio": 0.2369110294,
    "operatingIncome": 6297000000,
    "operatingIncomeRatio": 0.1665917088,
    "totalOtherIncomeExpensesNet": -4322000000,
    "incomeBeforeTax": 1975000000,
    "incomeBeforeTaxRatio": 0.0522500595,
    "incomeTaxExpense": -484000000,
    "netIncome": 2494000000,
    "netIncomeRatio": 0.0659805815,
    "eps": 1.81,
    "epsdiluted": 1.81,
    "weightedAverageShsOut": 1329750000,
    "weightedAverageShsOutDil": 1329750000,
    "link": "https://www.sec.gov/Archives/edgar/data/40545/000004054509000071/0000040545-09-000071-index.htm",
    "finalLink": "https://www.sec.gov/Archives/edgar/data/40545/000004054509000071/frm10q.htm"
  },
  {
    "date": "2009-06-30",
    "symbol": "GE",
    "reportedCurrency": "USD",
    "cik": "0000040545",
    "fillingDate": "2009-08-03",
    "acceptedDate": "2009-08-03 09:57:53",
    "calendarYear": "2009",
    "period": "Q2",
    "revenue": 39108000000,
    "costOfRevenue": 18804000000,
    "grossProfit": 20304000000,
    "grossProfitRatio": 0.5191776619,
    "researchAndDevelopmentExpenses": 0,
    "generalAndAdministrativeExpenses": 9712000000,
    "sellingAndMarketingExpenses": 0,
    "sellingGeneralAndAdministrativeExpenses": 9712000000,
    "otherExpenses": 2817000000,
    "operatingExpenses": 12529000000,
    "costAndExpenses": 31333000000,
    "interestIncome": 0,
    "interestExpense": 4653000000,
    "depreciationAndAmortization": 2504000000,
    "ebitda": 10279000000,
    "ebitdaratio": 0.2628362483,
    "operatingIncome": 7775000000,
    "operatingIncomeRatio": 0.1988084279,
    "totalOtherIncomeExpensesNet": -4653000000,
    "incomeBeforeTax": 3122000000,
    "incomeBeforeTaxRatio": 0.0798302138,
    "incomeTaxExpense": 227000000,
    "netIncome": 2689000000,
    "netIncomeRatio": 0.0687583103,
    "eps": 1.92,
    "epsdiluted": 1.92,
    "weightedAverageShsOut": 1326125000,
    "weightedAverageShsOutDil": 1326125000,
    "link": "https://www.sec.gov/Archives/edgar/data/40545/000004054509000049/0000040545-09-000049-index.htm",
    "finalLink": "https://www.sec.gov/Archives/edgar/data/40545/000004054509000049/frm10q.htm"
  },
  {
    "date": "2009-03-31",
    "symbol": "GE",
    "reportedCurrency": "USD",
    "cik": "0000040545",
    "fillingDate": "2009-05-01",
    "acceptedDate": "2009-05-01 17:26:19",
    "calendarYear": "2009",
    "period": "Q1",
    "revenue": 38438000000,
    "costOfRevenue": 18066000000,
    "grossProfit": 20372000000,
    "grossProfitRatio": 0.5299963578,
    "researchAndDevelopmentExpenses": 0,
    "generalAndAdministrativeExpenses": 10083000000,
    "sellingAndMarketingExpenses": 0,
    "sellingGeneralAndAdministrativeExpenses": 10083000000,
    "otherExpenses": 2336000000,
    "operatingExpenses": 12419000000,
    "costAndExpenses": 30485000000,
    "interestIncome": 0,
    "interestExpense": 5327000000,
    "depreciationAndAmortization": 2731000000,
    "ebitda": 10684000000,
    "ebitdaratio": 0.2779541079,
    "operatingIncome": 7953000000,
    "operatingIncomeRatio": 0.2069046256,
    "totalOtherIncomeExpensesNet": -5327000000,
    "incomeBeforeTax": 2626000000,
    "incomeBeforeTaxRatio": 0.0683178105,
    "incomeTaxExpense": -309000000,
    "netIncome": 2829000000,
    "netIncomeRatio": 0.0735990426,
    "eps": 2.08,
    "epsdiluted": 2.08,
    "weightedAverageShsOut": 1320500000,
    "weightedAverageShsOutDil": 1320500000,
    "link": "https://www.sec.gov/Archives/edgar/data/40545/000079746309000018/0000797463-09-000018-index.htm",
    "finalLink": "https://www.sec.gov/Archives/edgar/data/40545/000079746309000018/frm10q1q09.htm"
  },
  {
    "date": "2008-12-31",
    "symbol": "GE",
    "reportedCurrency": "USD",
    "cik": "0000040545",
    "fillingDate": "2009-02-18",
    "acceptedDate": "2009-02-18 06:35:13",
    "calendarYear": "2008",
    "period": "Q4",
    "revenue": 46213000000,
    "costOfRevenue": 22913000000,
    "grossProfit": 23300000000,
    "grossProfitRatio": 0.5041871335,
    "researchAndDevelopmentExpenses": 0,
    "generalAndAdministrativeExpenses": 11505000000,
    "sellingAndMarketingExpenses": 0,
    "sellingGeneralAndAdministrativeExpenses": 11505000000,
    "otherExpenses": 3065000000,
    "operatingExpenses": 14570000000,
    "costAndExpenses": 37483000000,
    "interestIncome": 0,
    "interestExpense": 6106000000,
    "depreciationAndAmortization": 3276000000,
    "ebitda": 11867000000,
    "ebitdaratio": 0.2567892152,
    "operatingIncome": 8730000000,
    "operatingIncomeRatio": 0.1889078831,
    "totalOtherIncomeExpensesNet": -6245000000,
    "incomeBeforeTax": 2485000000,
    "incomeBeforeTaxRatio": 0.0537727479,
    "incomeTaxExpense": -1382000000,
    "netIncome": 3722000000,
    "netIncomeRatio": 0.0805401078,
    "eps": 2.8,
    "epsdiluted": 2.8,
    "weightedAverageShsOut": 1290250000,
    "weightedAverageShsOutDil": 1291375000,
    "link": "https://www.sec.gov/Archives/edgar/data/40545/000004054509000012/0000040545-09-000012-index.htm",
    "finalLink": "https://www.sec.gov/Archives/edgar/data/40545/000004054509000012/frm10k.htm"
  },
  {
    "date": "2008-09-30",
    "symbol": "GE",
    "reportedCurrency": "USD",
    "cik": "0000040545",
    "fillingDate": "2008-10-30",
    "acceptedDate": "2008-10-30 16:37:52",
    "calendarYear": "2008",
    "period": "Q3",
    "revenue": 47234000000,
    "costOfRevenue": 22137000000,
    "grossProfit": 25097000000,
    "grossProfitRatio": 0.5313333616,
    "researchAndDevelopmentExpenses": 0,
    "generalAndAdministrativeExpenses": 11329000000,
    "sellingAndMarketingExpenses": 0,
    "sellingGeneralAndAdministrativeExpenses": 11329000000,
    "otherExpenses": 1641000000,
    "operatingExpenses": 12970000000,
    "costAndExpenses": 35107000000,
    "interestIncome": 0,
    "interestExpense": 6955000000,
    "depreciationAndAmortization": 2861000000,
    "ebitda": 14988000000,
    "ebitdaratio": 0.3173137994,
    "operatingIncome": 12127000000,
    "operatingIncomeRatio": 0.2567430241,
    "totalOtherIncomeExpensesNet": -6955000000,
    "incomeBeforeTax": 5172000000,
    "incomeBeforeTaxRatio": 0.1094973959,
    "incomeTaxExpense": 539000000,
    "netIncome": 4312000000,
    "netIncomeRatio": 0.0912901723,
    "eps": 3.44,
    "epsdiluted": 3.44,
    "weightedAverageShsOut": 1244125000,
    "weightedAverageShsOutDil": 1246250000,
    "link": "https://www.sec.gov/Archives/edgar/data/40545/000004054508000059/0000040545-08-000059-index.htm",
    "finalLink": "https://www.sec.gov/Archives/edgar/data/40545/000004054508000059/frm8k093008.htm"
  },
  {
    "date": "2008-06-30",
    "symbol": "GE",
    "reportedCurrency": "USD",
    "cik": "0000040545",
    "fillingDate": "2008-07-25",
    "acceptedDate": "2008-07-25 16:09:25",
    "calendarYear": "2008",
    "period": "Q2",
    "revenue": 46840000000,
    "costOfRevenue": 20729000000,
    "grossProfit": 26111000000,
    "grossProfitRatio": 0.5574508967,
    "researchAndDevelopmentExpenses": 0,
    "generalAndAdministrativeExpenses": 11389000000,
    "sellingAndMarketingExpenses": 0,
    "sellingGeneralAndAdministrativeExpenses": 11389000000,
    "otherExpenses": 1469000000,
    "operatingExpenses": 12858000000,
    "costAndExpenses": 33587000000,
    "interestIncome": 0,
    "interestExpense": 6621000000,
    "depreciationAndAmortization": 2673000000,
    "ebitda": 15926000000,
    "ebitdaratio": 0.3400085397,
    "operatingIncome": 13253000000,
    "operatingIncomeRatio": 0.28294193,
    "totalOtherIncomeExpensesNet": -6621000000,
    "incomeBeforeTax": 6632000000,
    "incomeBeforeTaxRatio": 0.141588386,
    "incomeTaxExpense": 1054000000,
    "netIncome": 5072000000,
    "netIncomeRatio": 0.1082835184,
    "eps": 4.08,
    "epsdiluted": 4.08,
    "weightedAverageShsOut": 1244750000,
    "weightedAverageShsOutDil": 1244750000,
    "link": "https://www.sec.gov/Archives/edgar/data/40545/000004054508000033/0000040545-08-000033-index.htm",
    "finalLink": "https://www.sec.gov/Archives/edgar/data/40545/000004054508000033/frm10q.htm"
  },
  {
    "date": "2008-03-31",
    "symbol": "GE",
    "reportedCurrency": "USD",
    "cik": "0000040545",
    "fillingDate": "2008-04-25",
    "acceptedDate": "2008-04-25 16:47:55",
    "calendarYear": "2008",
    "period": "Q1",
    "revenue": 42228000000,
    "costOfRevenue": 17993000000,
    "grossProfit": 24235000000,
    "grossProfitRatio": 0.5739083073,
    "researchAndDevelopmentExpenses": 0,
    "generalAndAdministrativeExpenses": 11011000000,
    "sellingAndMarketingExpenses": 0,
    "sellingGeneralAndAdministrativeExpenses": 11011000000,
    "otherExpenses": 1343000000,
    "operatingExpenses": 12354000000,
    "costAndExpenses": 30347000000,
    "interestIncome": 0,
    "interestExpense": 6527000000,
    "depreciationAndAmortization": 2682000000,
    "ebitda": 14563000000,
    "ebitdaratio": 0.3448659657,
    "operatingIncome": 11881000000,
    "operatingIncomeRatio": 0.2813536042,
    "totalOtherIncomeExpensesNet": -6527000000,
    "incomeBeforeTax": 5354000000,
    "incomeBeforeTaxRatio": 0.1267879132,
    "incomeTaxExpense": 841000000,
    "netIncome": 4304000000,
    "netIncomeRatio": 0.1019228948,
    "eps": 3.44,
    "epsdiluted": 3.44,
    "weightedAverageShsOut": 1247250000,
    "weightedAverageShsOutDil": 1250750000,
    "link": "https://www.sec.gov/Archives/edgar/data/40545/000004054508000015/0000040545-08-000015-index.htm",
    "finalLink": "https://www.sec.gov/Archives/edgar/data/40545/000004054508000015/frm10q.htm"
  },
  {
    "date": "2007-12-31",
    "symbol": "GE",
    "reportedCurrency": "USD",
    "cik": "0000040545",
    "fillingDate": "2008-02-20",
    "acceptedDate": "2008-02-20 08:54:26",
    "calendarYear": "2007",
    "period": "Q4",
    "revenue": 48576000000,
    "costOfRevenue": 21516000000,
    "grossProfit": 27060000000,
    "grossProfitRatio": 0.5570652174,
    "researchAndDevelopmentExpenses": 0,
    "generalAndAdministrativeExpenses": 11341000000,
    "sellingAndMarketingExpenses": 0,
    "sellingGeneralAndAdministrativeExpenses": 11341000000,
    "otherExpenses": 1330000000,
    "operatingExpenses": 12671000000,
    "costAndExpenses": 34187000000,
    "interestIncome": 0,
    "interestExpense": 6487000000,
    "depreciationAndAmortization": 2846000000,
    "ebitda": 16953000000,
    "ebitdaratio": 0.3489995059,
    "operatingIncome": 14389000000,
    "operatingIncomeRatio": 0.2962162385,
    "totalOtherIncomeExpensesNet": -6769000000,
    "incomeBeforeTax": 7620000000,
    "incomeBeforeTaxRatio": 0.1568675889,
    "incomeTaxExpense": 808000000,
    "netIncome": 6687000000,
    "netIncomeRatio": 0.1376605731,
    "eps": 5.26,
    "epsdiluted": 5.24,
    "weightedAverageShsOut": 1272438000,
    "weightedAverageShsOutDil": 1277063000,
    "link": "https://www.sec.gov/Archives/edgar/data/40545/000004054508000011/0000040545-08-000011-index.htm",
    "finalLink": "https://www.sec.gov/Archives/edgar/data/40545/000004054508000011/frm10k.htm"
  },
  {
    "date": "2007-09-30",
    "symbol": "GE",
    "reportedCurrency": "USD",
    "cik": "0000040545",
    "fillingDate": "2007-11-02",
    "acceptedDate": "2007-11-02 14:56:14",
    "calendarYear": "2007",
    "period": "Q3",
    "revenue": 42512000000,
    "costOfRevenue": 18258000000,
    "grossProfit": 24254000000,
    "grossProfitRatio": 0.5705212646,
    "researchAndDevelopmentExpenses": 0,
    "generalAndAdministrativeExpenses": 11053000000,
    "sellingAndMarketingExpenses": 0,
    "sellingGeneralAndAdministrativeExpenses": 11053000000,
    "otherExpenses": 1190000000,
    "operatingExpenses": 12243000000,
    "costAndExpenses": 30501000000,
    "interestIncome": 0,
    "interestExpense": 6070000000,
    "depreciationAndAmortization": 2580000000,
    "ebitda": 14401000000,
    "ebitdaratio": 0.3387514114,
    "operatingIncome": 12011000000,
    "operatingIncomeRatio": 0.282531991,
    "totalOtherIncomeExpensesNet": -6260000000,
    "incomeBeforeTax": 5751000000,
    "incomeBeforeTaxRatio": 0.1352794505,
    "incomeTaxExpense": 640000000,
    "netIncome": 5559000000,
    "netIncomeRatio": 0.1307630787,
    "eps": 4.4,
    "epsdiluted": 4.32,
    "weightedAverageShsOut": 1272125000,
    "weightedAverageShsOutDil": 1276875000,
    "link": "https://www.sec.gov/Archives/edgar/data/40545/000004054507000051/0000040545-07-000051-index.htm",
    "finalLink": "https://www.sec.gov/Archives/edgar/data/40545/000004054507000051/frm10q.htm"
  },
  {
    "date": "2007-06-30",
    "symbol": "GE",
    "reportedCurrency": "USD",
    "cik": "0000040545",
    "fillingDate": "2007-07-27",
    "acceptedDate": "2007-07-27 13:01:13",
    "calendarYear": "2007",
    "period": "Q2",
    "revenue": 42384000000,
    "costOfRevenue": 17508000000,
    "grossProfit": 24876000000,
    "grossProfitRatio": 0.5869195923,
    "researchAndDevelopmentExpenses": 0,
    "generalAndAdministrativeExpenses": 10887000000,
    "sellingAndMarketingExpenses": 0,
    "sellingGeneralAndAdministrativeExpenses": 10887000000,
    "otherExpenses": 1057000000,
    "operatingExpenses": 11944000000,
    "costAndExpenses": 29452000000,
    "interestIncome": 0,
    "interestExpense": 5645000000,
    "depreciationAndAmortization": 2411000000,
    "ebitda": 15122000000,
    "ebitdaratio": 0.3567855795,
    "operatingIncome": 12932000000,
    "operatingIncomeRatio": 0.3051151378,
    "totalOtherIncomeExpensesNet": -5866000000,
    "incomeBeforeTax": 7066000000,
    "incomeBeforeTaxRatio": 0.1667138543,
    "incomeTaxExpense": 1453000000,
    "netIncome": 5382000000,
    "netIncomeRatio": 0.12698188,
    "eps": 4.16,
    "epsdiluted": 4.16,
    "weightedAverageShsOut": 1283500000,
    "weightedAverageShsOutDil": 1287875000,
    "link": "https://www.sec.gov/Archives/edgar/data/40545/000004054507000039/0000040545-07-000039-index.htm",
    "finalLink": "https://www.sec.gov/Archives/edgar/data/40545/000004054507000039/frm10q.htm"
  },
  {
    "date": "2007-03-31",
    "symbol": "GE",
    "reportedCurrency": "USD",
    "cik": "0000040545",
    "fillingDate": "2007-04-27",
    "acceptedDate": "2007-04-27 14:15:03",
    "calendarYear": "2007",
    "period": "Q1",
    "revenue": 39200000000,
    "costOfRevenue": 15846000000,
    "grossProfit": 23354000000,
    "grossProfitRatio": 0.5957653061,
    "researchAndDevelopmentExpenses": 0,
    "generalAndAdministrativeExpenses": 10457000000,
    "sellingAndMarketingExpenses": 0,
    "sellingGeneralAndAdministrativeExpenses": 10457000000,
    "otherExpenses": 936000000,
    "operatingExpenses": 11393000000,
    "costAndExpenses": 27239000000,
    "interestIncome": 0,
    "interestExpense": 5578000000,
    "depreciationAndAmortization": 2440000000,
    "ebitda": 14178000000,
    "ebitdaratio": 0.3616836735,
    "operatingIncome": 11961000000,
    "operatingIncomeRatio": 0.305127551,
    "totalOtherIncomeExpensesNet": -5801000000,
    "incomeBeforeTax": 6160000000,
    "incomeBeforeTaxRatio": 0.1571428571,
    "incomeTaxExpense": 1232000000,
    "netIncome": 4571000000,
    "netIncomeRatio": 0.1166071429,
    "eps": 3.52,
    "epsdiluted": 3.52,
    "weightedAverageShsOut": 1285500000,
    "weightedAverageShsOutDil": 1289625000,
    "link": "https://www.sec.gov/Archives/edgar/data/40545/000004054507000022/0000040545-07-000022-index.htm",
    "finalLink": "https://www.sec.gov/Archives/edgar/data/40545/000004054507000022/frm10q.htm"
  },
  {
    "date": "2006-12-31",
    "symbol": "GE",
    "reportedCurrency": "USD",
    "cik": "0000040545",
    "fillingDate": "2007-02-27",
    "acceptedDate": "2007-02-27 09:11:09",
    "calendarYear": "2006",
    "period": "Q4",
    "revenue": 44814000000,
    "costOfRevenue": 19838000000,
    "grossProfit": 24976000000,
    "grossProfitRatio": 0.5573258357,
    "researchAndDevelopmentExpenses": 0,
    "generalAndAdministrativeExpenses": 10588000000,
    "sellingAndMarketingExpenses": 0,
    "sellingGeneralAndAdministrativeExpenses": 10588000000,
    "otherExpenses": 1156000000,
    "operatingExpenses": 11744000000,
    "costAndExpenses": 31582000000,
    "interestIncome": 0,
    "interestExpense": 5249000000,
    "depreciationAndAmortization": 2486000000,
    "ebitda": 15498000000,
    "ebitdaratio": 0.3458294283,
    "operatingIncome": 13232000000,
    "operatingIncomeRatio": 0.2952648726,
    "totalOtherIncomeExpensesNet": -5469000000,
    "incomeBeforeTax": 7763000000,
    "incomeBeforeTaxRatio": 0.1732271165,
    "incomeTaxExpense": 1052000000,
    "netIncome": 6708000000,
    "netIncomeRatio": 0.1496853662,
    "eps": 5.19,
    "epsdiluted": 5.17,
    "weightedAverageShsOut": 1292250000,
    "weightedAverageShsOutDil": 1296375000,
    "link": "https://www.sec.gov/Archives/edgar/data/40545/000004054507000017/0000040545-07-000017-index.htm",
    "finalLink": "https://www.sec.gov/Archives/edgar/data/40545/000004054507000017/frm10k.htm"
  },
  {
    "date": "2006-09-30",
    "symbol": "GE",
    "reportedCurrency": "USD",
    "cik": "0000040545",
    "fillingDate": "2006-10-31",
    "acceptedDate": "2006-10-30 18:46:49",
    "calendarYear": "2006",
    "period": "Q3",
    "revenue": 37874000000,
    "costOfRevenue": 16616000000,
    "grossProfit": 21258000000,
    "grossProfitRatio": 0.5612821461,
    "researchAndDevelopmentExpenses": 0,
    "generalAndAdministrativeExpenses": 9613000000,
    "sellingAndMarketingExpenses": 0,
    "sellingGeneralAndAdministrativeExpenses": 9613000000,
    "otherExpenses": 793000000,
    "operatingExpenses": 10406000000,
    "costAndExpenses": 27022000000,
    "interestIncome": 0,
    "interestExpense": 5030000000,
    "depreciationAndAmortization": 2108000000,
    "ebitda": 12762000000,
    "ebitdaratio": 0.3369593917,
    "operatingIncome": 10852000000,
    "operatingIncomeRatio": 0.2865290173,
    "totalOtherIncomeExpensesNet": -5228000000,
    "incomeBeforeTax": 5624000000,
    "incomeBeforeTaxRatio": 0.1484923694,
    "incomeTaxExpense": 875000000,
    "netIncome": 4866000000,
    "netIncomeRatio": 0.1284786397,
    "eps": 3.76,
    "epsdiluted": 3.76,
    "weightedAverageShsOut": 1289625000,
    "weightedAverageShsOutDil": 1293500000,
    "link": "https://www.sec.gov/Archives/edgar/data/40545/000004054506000054/0000040545-06-000054-index.htm",
    "finalLink": "https://www.sec.gov/Archives/edgar/data/40545/000004054506000054/frm10q.htm"
  },
  {
    "date": "2006-06-30",
    "symbol": "GE",
    "reportedCurrency": "USD",
    "cik": "0000040545",
    "fillingDate": "2006-07-24",
    "acceptedDate": "2006-07-24 17:09:50",
    "calendarYear": "2006",
    "period": "Q2",
    "revenue": 37745000000,
    "costOfRevenue": 16322000000,
    "grossProfit": 21423000000,
    "grossProfitRatio": 0.5675718638,
    "researchAndDevelopmentExpenses": 0,
    "generalAndAdministrativeExpenses": 9967000000,
    "sellingAndMarketingExpenses": 0,
    "sellingGeneralAndAdministrativeExpenses": 9967000000,
    "otherExpenses": 896000000,
    "operatingExpenses": 10863000000,
    "costAndExpenses": 27185000000,
    "interestIncome": 0,
    "interestExpense": 4480000000,
    "depreciationAndAmortization": 1919000000,
    "ebitda": 12263000000,
    "ebitdaratio": 0.324890714,
    "operatingIncome": 10560000000,
    "operatingIncomeRatio": 0.2797721553,
    "totalOtherIncomeExpensesNet": -4696000000,
    "incomeBeforeTax": 5864000000,
    "incomeBeforeTaxRatio": 0.1553583256,
    "incomeTaxExpense": 1063000000,
    "netIncome": 4946000000,
    "netIncomeRatio": 0.1310372235,
    "eps": 3.84,
    "epsdiluted": 3.84,
    "weightedAverageShsOut": 1295250000,
    "weightedAverageShsOutDil": 1300000000,
    "link": "https://www.sec.gov/Archives/edgar/data/40545/000004054506000025/0000040545-06-000025-index.htm",
    "finalLink": "https://www.sec.gov/Archives/edgar/data/40545/000004054506000025/frm10q.htm"
  },
  {
    "date": "2006-03-31",
    "symbol": "GE",
    "reportedCurrency": "USD",
    "cik": "0000040545",
    "fillingDate": "2006-04-26",
    "acceptedDate": "2006-04-26 16:04:07",
    "calendarYear": "2006",
    "period": "Q1",
    "revenue": 38029000000,
    "costOfRevenue": 17661000000,
    "grossProfit": 20368000000,
    "grossProfitRatio": 0.5355912593,
    "researchAndDevelopmentExpenses": 0,
    "generalAndAdministrativeExpenses": 9786000000,
    "sellingAndMarketingExpenses": 0,
    "sellingGeneralAndAdministrativeExpenses": 9786000000,
    "otherExpenses": 822000000,
    "operatingExpenses": 10608000000,
    "costAndExpenses": 28269000000,
    "interestIncome": 0,
    "interestExpense": 4348000000,
    "depreciationAndAmortization": 2132000000,
    "ebitda": 11654000000,
    "ebitdaratio": 0.3064503405,
    "operatingIncome": 9760000000,
    "operatingIncomeRatio": 0.2566462437,
    "totalOtherIncomeExpensesNet": -4586000000,
    "incomeBeforeTax": 5174000000,
    "incomeBeforeTaxRatio": 0.136054064,
    "incomeTaxExpense": 997000000,
    "netIncome": 4440000000,
    "netIncomeRatio": 0.1167530043,
    "eps": 3.44,
    "epsdiluted": 3.36,
    "weightedAverageShsOut": 1305250000,
    "weightedAverageShsOutDil": 1305250000,
    "link": "https://www.sec.gov/Archives/edgar/data/40545/000004054506000015/0000040545-06-000015-index.htm",
    "finalLink": "https://www.sec.gov/Archives/edgar/data/40545/000004054506000015/frm10q.htm"
  },
  {
    "date": "2005-12-31",
    "symbol": "GE",
    "reportedCurrency": "USD",
    "cik": "0000040545",
    "fillingDate": "2006-03-03",
    "acceptedDate": "2006-03-03 08:10:03",
    "calendarYear": "2005",
    "period": "Q4",
    "revenue": 26493000000,
    "costOfRevenue": 18675000000,
    "grossProfit": 7818000000,
    "grossProfitRatio": 0.295096818,
    "researchAndDevelopmentExpenses": 0,
    "generalAndAdministrativeExpenses": -1759000000,
    "sellingAndMarketingExpenses": 0,
    "sellingGeneralAndAdministrativeExpenses": -1759000000,
    "otherExpenses": 886000000,
    "operatingExpenses": -873000000,
    "costAndExpenses": 17802000000,
    "interestIncome": 0,
    "interestExpense": 3687000000,
    "depreciationAndAmortization": 2031000000,
    "ebitda": 10866000000,
    "ebitdaratio": 0.4101460763,
    "operatingIncome": 8691000000,
    "operatingIncomeRatio": 0.3280489186,
    "totalOtherIncomeExpensesNet": -3543000000,
    "incomeBeforeTax": 5148000000,
    "incomeBeforeTaxRatio": 0.1943154796,
    "incomeTaxExpense": 162000000,
    "netIncome": 3064000000,
    "netIncomeRatio": 0.1156531914,
    "eps": 2.33,
    "epsdiluted": 2.33,
    "weightedAverageShsOut": 1313250000,
    "weightedAverageShsOutDil": 1315813000,
    "link": "https://www.sec.gov/Archives/edgar/data/40545/000004054506000009/0000040545-06-000009-index.htm",
    "finalLink": "https://www.sec.gov/Archives/edgar/data/40545/000004054506000009/frm10k.htm"
  },
  {
    "date": "2005-09-30",
    "symbol": "GE",
    "reportedCurrency": "USD",
    "cik": "0000040545",
    "fillingDate": "2005-10-24",
    "acceptedDate": "2005-10-24 17:22:34",
    "calendarYear": "2005",
    "period": "Q3",
    "revenue": 36368000000,
    "costOfRevenue": 16001000000,
    "grossProfit": 20367000000,
    "grossProfitRatio": 0.560025297,
    "researchAndDevelopmentExpenses": 0,
    "generalAndAdministrativeExpenses": 9623000000,
    "sellingAndMarketingExpenses": 0,
    "sellingGeneralAndAdministrativeExpenses": 9623000000,
    "otherExpenses": 1095000000,
    "operatingExpenses": 10718000000,
    "costAndExpenses": 26719000000,
    "interestIncome": 0,
    "interestExpense": 3715000000,
    "depreciationAndAmortization": 2217000000,
    "ebitda": 11636000000,
    "ebitdaratio": 0.3199516058,
    "operatingIncome": 9649000000,
    "operatingIncomeRatio": 0.2653156621,
    "totalOtherIncomeExpensesNet": -3945000000,
    "incomeBeforeTax": 5704000000,
    "incomeBeforeTaxRatio": 0.1568411791,
    "incomeTaxExpense": 1112000000,
    "netIncome": 4677000000,
    "netIncomeRatio": 0.1286020678,
    "eps": 3.52,
    "epsdiluted": 3.52,
    "weightedAverageShsOut": 1323125000,
    "weightedAverageShsOutDil": 1327875000,
    "link": "https://www.sec.gov/Archives/edgar/data/40545/000004054505000055/0000040545-05-000055-index.htm",
    "finalLink": "https://www.sec.gov/Archives/edgar/data/40545/000004054505000055/frm10q.htm"
  },
  {
    "date": "2005-06-30",
    "symbol": "GE",
    "reportedCurrency": "USD",
    "cik": "0000040545",
    "fillingDate": "2005-07-29",
    "acceptedDate": "2005-07-29 16:12:48",
    "calendarYear": "2005",
    "period": "Q2",
    "revenue": 36539000000,
    "costOfRevenue": 16596000000,
    "grossProfit": 19943000000,
    "grossProfitRatio": 0.5458003777,
    "researchAndDevelopmentExpenses": 0,
    "generalAndAdministrativeExpenses": 9540000000,
    "sellingAndMarketingExpenses": 0,
    "sellingGeneralAndAdministrativeExpenses": 9540000000,
    "otherExpenses": 958000000,
    "operatingExpenses": 10498000000,
    "costAndExpenses": 27094000000,
    "interestIncome": 0,
    "interestExpense": 3786000000,
    "depreciationAndAmortization": 1986000000,
    "ebitda": 11141000000,
    "ebitdaratio": 0.3049070856,
    "operatingIncome": 9445000000,
    "operatingIncomeRatio": 0.2584909275,
    "totalOtherIncomeExpensesNet": -4076000000,
    "incomeBeforeTax": 5369000000,
    "incomeBeforeTaxRatio": 0.1469388872,
    "incomeTaxExpense": 993000000,
    "netIncome": 4647000000,
    "netIncomeRatio": 0.1271791784,
    "eps": 3.52,
    "epsdiluted": 3.52,
    "weightedAverageShsOut": 1325500000,
    "weightedAverageShsOutDil": 1331250000,
    "link": "https://www.sec.gov/Archives/edgar/data/40545/000004054505000041/0000040545-05-000041-index.htm",
    "finalLink": "https://www.sec.gov/Archives/edgar/data/40545/000004054505000041/frm10q.htm"
  },
  {
    "date": "2005-03-31",
    "symbol": "GE",
    "reportedCurrency": "USD",
    "cik": "0000040545",
    "fillingDate": "2005-05-06",
    "acceptedDate": "2005-05-06 09:12:29",
    "calendarYear": "2005",
    "period": "Q1",
    "revenue": 34350000000,
    "costOfRevenue": 15542000000,
    "grossProfit": 18808000000,
    "grossProfitRatio": 0.5475400291,
    "researchAndDevelopmentExpenses": 0,
    "generalAndAdministrativeExpenses": 9675000000,
    "sellingAndMarketingExpenses": 0,
    "sellingGeneralAndAdministrativeExpenses": 9675000000,
    "otherExpenses": 902000000,
    "operatingExpenses": 10577000000,
    "costAndExpenses": 26119000000,
    "interestIncome": 0,
    "interestExpense": 3671000000,
    "depreciationAndAmortization": 2280000000,
    "ebitda": 10295000000,
    "ebitdaratio": 0.2997088792,
    "operatingIncome": 8231000000,
    "operatingIncomeRatio": 0.2396215429,
    "totalOtherIncomeExpensesNet": -3887000000,
    "incomeBeforeTax": 4344000000,
    "incomeBeforeTaxRatio": 0.1264628821,
    "incomeTaxExpense": 784000000,
    "netIncome": 3965000000,
    "netIncomeRatio": 0.1154294032,
    "eps": 2.96,
    "epsdiluted": 2.96,
    "weightedAverageShsOut": 1324625000,
    "weightedAverageShsOutDil": 1324625000,
    "link": "https://www.sec.gov/Archives/edgar/data/40545/000004054505000033/0000040545-05-000033-index.htm",
    "finalLink": "https://www.sec.gov/Archives/edgar/data/40545/000004054505000033/frm10q1q05.htm"
  },
  {
    "date": "2004-12-31",
    "symbol": "GE",
    "reportedCurrency": "USD",
    "cik": "0000040545",
    "fillingDate": "2005-03-01",
    "acceptedDate": "2005-03-01 10:37:34",
    "calendarYear": "2004",
    "period": "Q4",
    "revenue": 43706000000,
    "costOfRevenue": 18089000000,
    "grossProfit": 25617000000,
    "grossProfitRatio": 0.5861208987,
    "researchAndDevelopmentExpenses": 0,
    "generalAndAdministrativeExpenses": 14625000000,
    "sellingAndMarketingExpenses": 0,
    "sellingGeneralAndAdministrativeExpenses": 14625000000,
    "otherExpenses": 1144000000,
    "operatingExpenses": 15769000000,
    "costAndExpenses": 33858000000,
    "interestIncome": 0,
    "interestExpense": 3404000000,
    "depreciationAndAmortization": 2227000000,
    "ebitda": 11686000000,
    "ebitdaratio": 0.2673774768,
    "operatingIncome": 9848000000,
    "operatingIncomeRatio": 0.2253237542,
    "totalOtherIncomeExpensesNet": -3793000000,
    "incomeBeforeTax": 6055000000,
    "incomeBeforeTaxRatio": 0.138539331,
    "incomeTaxExpense": 677000000,
    "netIncome": 5378000000,
    "netIncomeRatio": 0.1230494669,
    "eps": 4.1,
    "epsdiluted": 4.09,
    "weightedAverageShsOut": 1312313000,
    "weightedAverageShsOutDil": 1315125000,
    "link": "https://www.sec.gov/Archives/edgar/data/40545/000004054505000020/0000040545-05-000020-index.htm",
    "finalLink": "https://www.sec.gov/Archives/edgar/data/40545/000004054505000020/gefrm10k.htm"
  },
  {
    "date": "2004-09-30",
    "symbol": "GE",
    "reportedCurrency": "USD",
    "cik": "0000040545",
    "fillingDate": "2004-10-26",
    "acceptedDate": "2004-10-26 09:09:43",
    "calendarYear": "2004",
    "period": "Q3",
    "revenue": 38336000000,
    "costOfRevenue": 15927000000,
    "grossProfit": 22409000000,
    "grossProfitRatio": 0.5845419449,
    "researchAndDevelopmentExpenses": 0,
    "generalAndAdministrativeExpenses": 13259000000,
    "sellingAndMarketingExpenses": 0,
    "sellingGeneralAndAdministrativeExpenses": 13259000000,
    "otherExpenses": 785000000,
    "operatingExpenses": 14044000000,
    "costAndExpenses": 29971000000,
    "interestIncome": 0,
    "interestExpense": 2974000000,
    "depreciationAndAmortization": 2104000000,
    "ebitda": 10200000000,
    "ebitdaratio": 0.2660684474,
    "operatingIncome": 8365000000,
    "operatingIncomeRatio": 0.218202212,
    "totalOtherIncomeExpensesNet": -3243000000,
    "incomeBeforeTax": 5122000000,
    "incomeBeforeTaxRatio": 0.1336080968,
    "incomeTaxExpense": 1051000000,
    "netIncome": 4071000000,
    "netIncomeRatio": 0.1061926127,
    "eps": 3.12,
    "epsdiluted": 3.04,
    "weightedAverageShsOut": 1320750000,
    "weightedAverageShsOutDil": 1326250000,
    "link": "https://www.sec.gov/Archives/edgar/data/40545/000004054504000045/0000040545-04-000045-index.htm",
    "finalLink": "https://www.sec.gov/Archives/edgar/data/40545/000004054504000045/ge3q04_10q.htm"
  },
  {
    "date": "2004-06-30",
    "symbol": "GE",
    "reportedCurrency": "USD",
    "cik": "0000040545",
    "fillingDate": "2004-07-30",
    "acceptedDate": "2004-07-30 12:37:16",
    "calendarYear": "2004",
    "period": "Q2",
    "revenue": 36781000000,
    "costOfRevenue": 15125000000,
    "grossProfit": 21656000000,
    "grossProfitRatio": 0.5887822517,
    "researchAndDevelopmentExpenses": 0,
    "generalAndAdministrativeExpenses": 13229000000,
    "sellingAndMarketingExpenses": 0,
    "sellingGeneralAndAdministrativeExpenses": 13229000000,
    "otherExpenses": 1004000000,
    "operatingExpenses": 14233000000,
    "costAndExpenses": 29358000000,
    "interestIncome": 0,
    "interestExpense": 2784000000,
    "depreciationAndAmortization": 2057000000,
    "ebitda": 9294000000,
    "ebitdaratio": 0.2526848101,
    "operatingIncome": 7423000000,
    "operatingIncomeRatio": 0.2018161551,
    "totalOtherIncomeExpensesNet": -2970000000,
    "incomeBeforeTax": 4453000000,
    "incomeBeforeTaxRatio": 0.1210679427,
    "incomeTaxExpense": 702000000,
    "netIncome": 3751000000,
    "netIncomeRatio": 0.1019820016,
    "eps": 2.88,
    "epsdiluted": 2.88,
    "weightedAverageShsOut": 1298375000,
    "weightedAverageShsOutDil": 1303875000,
    "link": "https://www.sec.gov/Archives/edgar/data/40545/000004054504000036/0000040545-04-000036-index.htm",
    "finalLink": "https://www.sec.gov/Archives/edgar/data/40545/000004054504000036/ge2q04.htm"
  },
  {
    "date": "2004-03-31",
    "symbol": "GE",
    "reportedCurrency": "USD",
    "cik": "0000040545",
    "fillingDate": "2004-05-04",
    "acceptedDate": "2004-05-04 16:06:46",
    "calendarYear": "2004",
    "period": "Q1",
    "revenue": 33592000000,
    "costOfRevenue": 12618000000,
    "grossProfit": 20974000000,
    "grossProfitRatio": 0.6243748512,
    "researchAndDevelopmentExpenses": 0,
    "generalAndAdministrativeExpenses": 12662000000,
    "sellingAndMarketingExpenses": 0,
    "sellingGeneralAndAdministrativeExpenses": 12662000000,
    "otherExpenses": 955000000,
    "operatingExpenses": 13617000000,
    "costAndExpenses": 26235000000,
    "interestIncome": 0,
    "interestExpense": 2843000000,
    "depreciationAndAmortization": 1997000000,
    "ebitda": 9271000000,
    "ebitdaratio": 0.2759883306,
    "operatingIncome": 7357000000,
    "operatingIncomeRatio": 0.2190104787,
    "totalOtherIncomeExpensesNet": -2926000000,
    "incomeBeforeTax": 4431000000,
    "incomeBeforeTaxRatio": 0.1319064063,
    "incomeTaxExpense": 1065000000,
    "netIncome": 3366000000,
    "netIncomeRatio": 0.1002024291,
    "eps": 2.64,
    "epsdiluted": 2.64,
    "weightedAverageShsOut": 1267375000,
    "weightedAverageShsOutDil": 1273250000,
    "link": "https://www.sec.gov/Archives/edgar/data/40545/000004054504000019/0000040545-04-000019-index.htm",
    "finalLink": "https://www.sec.gov/Archives/edgar/data/40545/000004054504000019/mar04_10q.htm"
  },
  {
    "date": "2003-12-31",
    "symbol": "GE",
    "reportedCurrency": "USD",
    "cik": "0000040545",
    "fillingDate": "2004-03-01",
    "acceptedDate": "2004-03-01 17:20:34",
    "calendarYear": "2003",
    "period": "Q4",
    "revenue": 36964000000,
    "costOfRevenue": 15211000000,
    "grossProfit": 21753000000,
    "grossProfitRatio": 0.5884915052,
    "researchAndDevelopmentExpenses": 0,
    "generalAndAdministrativeExpenses": 12279000000,
    "sellingAndMarketingExpenses": 0,
    "sellingGeneralAndAdministrativeExpenses": 12279000000,
    "otherExpenses": 953000000,
    "operatingExpenses": 13232000000,
    "costAndExpenses": 28443000000,
    "interestIncome": 0,
    "interestExpense": 2622000000,
    "depreciationAndAmortization": 1832000000,
    "ebitda": 9979000000,
    "ebitdaratio": 0.2699653717,
    "operatingIncome": 8521000000,
    "operatingIncomeRatio": 0.2305215886,
    "totalOtherIncomeExpensesNet": -2996000000,
    "incomeBeforeTax": 5525000000,
    "incomeBeforeTaxRatio": 0.1494697544,
    "incomeTaxExpense": 965000000,
    "netIncome": 4560000000,
    "netIncomeRatio": 0.1233632724,
    "eps": 3.64,
    "epsdiluted": 3.62,
    "weightedAverageShsOut": 1253125000,
    "weightedAverageShsOutDil": 1260000000,
    "link": "https://www.sec.gov/Archives/edgar/data/40545/000004054504000013/0000040545-04-000013-index.htm",
    "finalLink": "https://www.sec.gov/Archives/edgar/data/40545/000004054504000013/frm10k.htm"
  },
  {
    "date": "2003-09-30",
    "symbol": "GE",
    "reportedCurrency": "USD",
    "cik": "0000040545",
    "fillingDate": "2003-10-31",
    "acceptedDate": "2003-10-31 16:30:04",
    "calendarYear": "2003",
    "period": "Q3",
    "revenue": 33394000000,
    "costOfRevenue": 12289000000,
    "grossProfit": 21105000000,
    "grossProfitRatio": 0.6319997604,
    "researchAndDevelopmentExpenses": 0,
    "generalAndAdministrativeExpenses": 12124000000,
    "sellingAndMarketingExpenses": 0,
    "sellingGeneralAndAdministrativeExpenses": 12124000000,
    "otherExpenses": 1061000000,
    "operatingExpenses": 13185000000,
    "costAndExpenses": 25474000000,
    "interestIncome": 0,
    "interestExpense": 2723000000,
    "depreciationAndAmortization": 1741000000,
    "ebitda": 9584000000,
    "ebitdaratio": 0.2869976643,
    "operatingIncome": 7920000000,
    "operatingIncomeRatio": 0.2371683536,
    "totalOtherIncomeExpensesNet": -2800000000,
    "incomeBeforeTax": 5120000000,
    "incomeBeforeTaxRatio": 0.1533209559,
    "incomeTaxExpense": 1099000000,
    "netIncome": 3649000000,
    "netIncomeRatio": 0.1092711265,
    "eps": 2.88,
    "epsdiluted": 2.88,
    "weightedAverageShsOut": 1253875000,
    "weightedAverageShsOutDil": 1260625000,
    "link": "https://www.sec.gov/Archives/edgar/data/40545/000004054503000057/0000040545-03-000057-index.htm",
    "finalLink": "https://www.sec.gov/Archives/edgar/data/40545/000004054503000057/frm10q.htm"
  },
  {
    "date": "2003-06-30",
    "symbol": "GE",
    "reportedCurrency": "USD",
    "cik": "0000040545",
    "fillingDate": "2003-08-01",
    "acceptedDate": "2003-08-01 13:04:55",
    "calendarYear": "2003",
    "period": "Q2",
    "revenue": 33373000000,
    "costOfRevenue": 12425000000,
    "grossProfit": 20948000000,
    "grossProfitRatio": 0.6276930453,
    "researchAndDevelopmentExpenses": 0,
    "generalAndAdministrativeExpenses": 12205000000,
    "sellingAndMarketingExpenses": 0,
    "sellingGeneralAndAdministrativeExpenses": 12205000000,
    "otherExpenses": 978000000,
    "operatingExpenses": 13183000000,
    "costAndExpenses": 25608000000,
    "interestIncome": 0,
    "interestExpense": 2683000000,
    "depreciationAndAmortization": 1718000000,
    "ebitda": 9411000000,
    "ebitdaratio": 0.2819944266,
    "operatingIncome": 7765000000,
    "operatingIncomeRatio": 0.232673119,
    "totalOtherIncomeExpensesNet": -2755000000,
    "incomeBeforeTax": 5010000000,
    "incomeBeforeTaxRatio": 0.1501213556,
    "incomeTaxExpense": 1216000000,
    "netIncome": 3794000000,
    "netIncomeRatio": 0.1136847152,
    "eps": 3.04,
    "epsdiluted": 3.04,
    "weightedAverageShsOut": 1251000000,
    "weightedAverageShsOutDil": 1258250000,
    "link": "https://www.sec.gov/Archives/edgar/data/40545/000004054503000037/0000040545-03-000037-index.htm",
    "finalLink": "https://www.sec.gov/Archives/edgar/data/40545/000004054503000037/ge_10q.htm"
  },
  {
    "date": "2003-03-31",
    "symbol": "GE",
    "reportedCurrency": "USD",
    "cik": "0000040545",
    "fillingDate": "2003-05-02",
    "acceptedDate": "2003-05-02 11:42:35",
    "calendarYear": "2003",
    "period": "Q1",
    "revenue": 30456000000,
    "costOfRevenue": 11281000000,
    "grossProfit": 19175000000,
    "grossProfitRatio": 0.6295967954,
    "researchAndDevelopmentExpenses": 0,
    "generalAndAdministrativeExpenses": 11500000000,
    "sellingAndMarketingExpenses": 0,
    "sellingGeneralAndAdministrativeExpenses": 11500000000,
    "otherExpenses": 760000000,
    "operatingExpenses": 12260000000,
    "costAndExpenses": 23541000000,
    "interestIncome": 0,
    "interestExpense": 2596000000,
    "depreciationAndAmortization": 1665000000,
    "ebitda": 8510000000,
    "ebitdaratio": 0.2794194904,
    "operatingIncome": 6915000000,
    "operatingIncomeRatio": 0.2270488574,
    "totalOtherIncomeExpensesNet": -2666000000,
    "incomeBeforeTax": 4249000000,
    "incomeBeforeTaxRatio": 0.1395127397,
    "incomeTaxExpense": 1035000000,
    "netIncome": 2999000000,
    "netIncomeRatio": 0.0984699238,
    "eps": 2.4,
    "epsdiluted": 2.4,
    "weightedAverageShsOut": 1247875000,
    "weightedAverageShsOutDil": 1255500000,
    "link": "https://www.sec.gov/Archives/edgar/data/40545/000004054503000024/0000040545-03-000024-index.htm",
    "finalLink": "https://www.sec.gov/Archives/edgar/data/40545/000004054503000024/frm10q1.htm"
  },
  {
    "date": "2002-12-31",
    "symbol": "GE",
    "reportedCurrency": "USD",
    "cik": "0000040545",
    "fillingDate": "2003-03-07",
    "acceptedDate": "2003-03-07 13:21:47",
    "calendarYear": "2002",
    "period": "Q4",
    "revenue": 35378000000,
    "costOfRevenue": 14404000000,
    "grossProfit": 20974000000,
    "grossProfitRatio": 0.5928543162,
    "researchAndDevelopmentExpenses": 0,
    "generalAndAdministrativeExpenses": 14259000000,
    "sellingAndMarketingExpenses": 0,
    "sellingGeneralAndAdministrativeExpenses": 14259000000,
    "otherExpenses": 1000000000,
    "operatingExpenses": 15259000000,
    "costAndExpenses": 29663000000,
    "interestIncome": 0,
    "interestExpense": 2626000000,
    "depreciationAndAmortization": 1709000000,
    "ebitda": 7348000000,
    "ebitdaratio": 0.2076997004,
    "operatingIncome": 5715000000,
    "operatingIncomeRatio": 0.1615410707,
    "totalOtherIncomeExpensesNet": -2702000000,
    "incomeBeforeTax": 3013000000,
    "incomeBeforeTaxRatio": 0.0851659223,
    "incomeTaxExpense": -89000000,
    "netIncome": 3102000000,
    "netIncomeRatio": 0.08768161,
    "eps": 2.49,
    "epsdiluted": 2.48,
    "weightedAverageShsOut": 1243625000,
    "weightedAverageShsOutDil": 1252813000,
    "link": "https://www.sec.gov/Archives/edgar/data/40545/000004054503000016/0000040545-03-000016-index.htm",
    "finalLink": "https://www.sec.gov/Archives/edgar/data/40545/000004054503000016/frm10k.htm"
  },
  {
    "date": "2002-09-30",
    "symbol": "GE",
    "reportedCurrency": "USD",
    "cik": "0000040545",
    "fillingDate": "2002-10-29",
    "acceptedDate": "2002-10-29 14:43:41",
    "calendarYear": "2002",
    "period": "Q3",
    "revenue": 32719000000,
    "costOfRevenue": 12240000000,
    "grossProfit": 20479000000,
    "grossProfitRatio": 0.6259054372,
    "researchAndDevelopmentExpenses": 0,
    "generalAndAdministrativeExpenses": 11718000000,
    "sellingAndMarketingExpenses": 0,
    "sellingGeneralAndAdministrativeExpenses": 11718000000,
    "otherExpenses": 640000000,
    "operatingExpenses": 12358000000,
    "costAndExpenses": 24598000000,
    "interestIncome": 0,
    "interestExpense": 2773000000,
    "depreciationAndAmortization": 1694000000,
    "ebitda": 9731000000,
    "ebitdaratio": 0.2974112901,
    "operatingIncome": 8121000000,
    "operatingIncomeRatio": 0.2482044072,
    "totalOtherIncomeExpensesNet": -2857000000,
    "incomeBeforeTax": 5264000000,
    "incomeBeforeTaxRatio": 0.1608851126,
    "incomeTaxExpense": 1177000000,
    "netIncome": 4087000000,
    "netIncomeRatio": 0.1249121306,
    "eps": 3.28,
    "epsdiluted": 3.28,
    "weightedAverageShsOut": 1243875000,
    "weightedAverageShsOutDil": 1252125000,
    "link": "https://www.sec.gov/Archives/edgar/data/40545/000004054502000058/0000040545-02-000058-index.htm",
    "finalLink": "https://www.sec.gov/Archives/edgar/data/40545/000004054502000058/frm10q3.htm"
  },
  {
    "date": "2002-06-30",
    "symbol": "GE",
    "reportedCurrency": "USD",
    "cik": "0000040545",
    "fillingDate": "2002-07-31",
    "acceptedDate": "2002-07-31 12:27:33",
    "calendarYear": "2002",
    "period": "Q2",
    "revenue": 33332000000,
    "costOfRevenue": 13865000000,
    "grossProfit": 19467000000,
    "grossProfitRatio": 0.5840333613,
    "researchAndDevelopmentExpenses": 0,
    "generalAndAdministrativeExpenses": 10542000000,
    "sellingAndMarketingExpenses": 0,
    "sellingGeneralAndAdministrativeExpenses": 10542000000,
    "otherExpenses": 785000000,
    "operatingExpenses": 11327000000,
    "costAndExpenses": 25192000000,
    "interestIncome": 0,
    "interestExpense": 2443000000,
    "depreciationAndAmortization": 1670000000,
    "ebitda": 9720000000,
    "ebitdaratio": 0.2916116645,
    "operatingIncome": 8140000000,
    "operatingIncomeRatio": 0.2442097684,
    "totalOtherIncomeExpensesNet": -2533000000,
    "incomeBeforeTax": 5607000000,
    "incomeBeforeTaxRatio": 0.1682167287,
    "incomeTaxExpense": 1181000000,
    "netIncome": 4426000000,
    "netIncomeRatio": 0.1327853114,
    "eps": 3.6,
    "epsdiluted": 3.52,
    "weightedAverageShsOut": 1242750000,
    "weightedAverageShsOutDil": 1253625000,
    "link": "https://www.sec.gov/Archives/edgar/data/40545/000004054502000039/0000040545-02-000039-index.htm",
    "finalLink": "https://www.sec.gov/Archives/edgar/data/40545/000004054502000039/frm10q2.htm"
  },
  {
    "date": "2002-03-31",
    "symbol": "GE",
    "reportedCurrency": "USD",
    "cik": "0000040545",
    "fillingDate": "2002-05-13",
    "acceptedDate": "2002-05-13 16:19:55",
    "calendarYear": "2002",
    "period": "Q1",
    "revenue": 30521000000,
    "costOfRevenue": 12347000000,
    "grossProfit": 18174000000,
    "grossProfitRatio": 0.5954588644,
    "researchAndDevelopmentExpenses": 0,
    "generalAndAdministrativeExpenses": 10055000000,
    "sellingAndMarketingExpenses": 0,
    "sellingGeneralAndAdministrativeExpenses": 10055000000,
    "otherExpenses": 662000000,
    "operatingExpenses": 10717000000,
    "costAndExpenses": 23064000000,
    "interestIncome": 0,
    "interestExpense": 2374000000,
    "depreciationAndAmortization": 1303000000,
    "ebitda": 8684000000,
    "ebitdaratio": 0.2845254087,
    "operatingIncome": 7457000000,
    "operatingIncomeRatio": 0.2443235805,
    "totalOtherIncomeExpensesNet": -2450000000,
    "incomeBeforeTax": 5007000000,
    "incomeBeforeTaxRatio": 0.1640509813,
    "incomeTaxExpense": 1489000000,
    "netIncome": 2503000000,
    "netIncomeRatio": 0.0820091085,
    "eps": 2,
    "epsdiluted": 2,
    "weightedAverageShsOut": 1241375000,
    "weightedAverageShsOutDil": 1254125000,
    "link": "https://www.sec.gov/Archives/edgar/data/40545/000004054502000025/0000040545-02-000025-index.htm",
    "finalLink": "https://www.sec.gov/Archives/edgar/data/40545/000004054502000025/frm10q.htm"
  },
  {
    "date": "2001-12-31",
    "symbol": "GE",
    "reportedCurrency": "USD",
    "cik": "0000040545",
    "fillingDate": "2002-03-08",
    "acceptedDate": "2002-03-08 00:00:00",
    "calendarYear": "2001",
    "period": "Q4",
    "revenue": 33975000000,
    "costOfRevenue": 12854000000,
    "grossProfit": 21121000000,
    "grossProfitRatio": 0.6216629875,
    "researchAndDevelopmentExpenses": 0,
    "generalAndAdministrativeExpenses": 12114000000,
    "sellingAndMarketingExpenses": 0,
    "sellingGeneralAndAdministrativeExpenses": 12114000000,
    "otherExpenses": 935000000,
    "operatingExpenses": 13049000000,
    "costAndExpenses": 25903000000,
    "interestIncome": 0,
    "interestExpense": 2639000000,
    "depreciationAndAmortization": 1818000000,
    "ebitda": 9804000000,
    "ebitdaratio": 0.2885651214,
    "operatingIncome": 8072000000,
    "operatingIncomeRatio": 0.2375864606,
    "totalOtherIncomeExpensesNet": -2725000000,
    "incomeBeforeTax": 5347000000,
    "incomeBeforeTaxRatio": 0.1573804268,
    "incomeTaxExpense": 1414000000,
    "netIncome": 3933000000,
    "netIncomeRatio": 0.1157615894,
    "eps": 3.17,
    "epsdiluted": 3.13,
    "weightedAverageShsOut": 1241563000,
    "weightedAverageShsOutDil": 1256063000,
    "link": "https://www.sec.gov/Archives/edgar/data/40545/000004054502000012/0000040545-02-000012-index.htm",
    "finalLink": "https://www.sec.gov/Archives/edgar/data/40545/000004054502000012/f10k.txt"
  },
  {
    "date": "2001-09-30",
    "symbol": "GE",
    "reportedCurrency": "USD",
    "cik": "0000040545",
    "fillingDate": "2001-11-02",
    "acceptedDate": "2001-11-02 00:00:00",
    "calendarYear": "2001",
    "period": "Q3",
    "revenue": 29468000000,
    "costOfRevenue": 11741000000,
    "grossProfit": 17727000000,
    "grossProfitRatio": 0.6015678024,
    "researchAndDevelopmentExpenses": 0,
    "generalAndAdministrativeExpenses": 10057000000,
    "sellingAndMarketingExpenses": 0,
    "sellingGeneralAndAdministrativeExpenses": 10057000000,
    "otherExpenses": 567000000,
    "operatingExpenses": 10624000000,
    "costAndExpenses": 22365000000,
    "interestIncome": 0,
    "interestExpense": 2640000000,
    "depreciationAndAmortization": 1758000000,
    "ebitda": 8802000000,
    "ebitdaratio": 0.2986968915,
    "operatingIncome": 7103000000,
    "operatingIncomeRatio": 0.2410411294,
    "totalOtherIncomeExpensesNet": -2699000000,
    "incomeBeforeTax": 4404000000,
    "incomeBeforeTaxRatio": 0.1494502511,
    "incomeTaxExpense": 1123000000,
    "netIncome": 3281000000,
    "netIncomeRatio": 0.1113411158,
    "eps": 2.64,
    "epsdiluted": 2.64,
    "weightedAverageShsOut": 1241625000,
    "weightedAverageShsOutDil": 1255625000,
    "link": "https://www.sec.gov/Archives/edgar/data/40545/000004054501500051/0000040545-01-500051-index.htm",
    "finalLink": "https://www.sec.gov/Archives/edgar/data/40545/000004054501500051/f10q.htm"
  },
  {
    "date": "2001-06-30",
    "symbol": "GE",
    "reportedCurrency": "USD",
    "cik": "0000040545",
    "fillingDate": "2001-07-23",
    "acceptedDate": "2001-07-23 00:00:00",
    "calendarYear": "2001",
    "period": "Q2",
    "revenue": 31977000000,
    "costOfRevenue": 12709000000,
    "grossProfit": 19268000000,
    "grossProfitRatio": 0.6025580886,
    "researchAndDevelopmentExpenses": 0,
    "generalAndAdministrativeExpenses": 10468000000,
    "sellingAndMarketingExpenses": 0,
    "sellingGeneralAndAdministrativeExpenses": 10468000000,
    "otherExpenses": 496000000,
    "operatingExpenses": 10964000000,
    "costAndExpenses": 23673000000,
    "interestIncome": 0,
    "interestExpense": 2707000000,
    "depreciationAndAmortization": 1586000000,
    "ebitda": 9789000000,
    "ebitdaratio": 0.3061262783,
    "operatingIncome": 8304000000,
    "operatingIncomeRatio": 0.2596866498,
    "totalOtherIncomeExpensesNet": -2808000000,
    "incomeBeforeTax": 5496000000,
    "incomeBeforeTaxRatio": 0.1718735341,
    "incomeTaxExpense": 1599000000,
    "netIncome": 3897000000,
    "netIncomeRatio": 0.1218688432,
    "eps": 3.15,
    "epsdiluted": 3.12,
    "weightedAverageShsOut": 1242000000,
    "weightedAverageShsOutDil": 1258125000,
    "link": "https://www.sec.gov/Archives/edgar/data/40545/000004054501500035/0000040545-01-500035-index.htm",
    "finalLink": "https://www.sec.gov/Archives/edgar/data/40545/000004054501500035/f10q.htm"
  },
  {
    "date": "2001-03-31",
    "symbol": "GE",
    "reportedCurrency": "USD",
    "cik": "0000040545",
    "fillingDate": "2001-04-19",
    "acceptedDate": "2001-04-19 00:00:00",
    "calendarYear": "2001",
    "period": "Q1",
    "revenue": 30493000000,
    "costOfRevenue": 11793000000,
    "grossProfit": 18700000000,
    "grossProfitRatio": 0.6132555013,
    "researchAndDevelopmentExpenses": 0,
    "generalAndAdministrativeExpenses": 10585000000,
    "sellingAndMarketingExpenses": 0,
    "sellingGeneralAndAdministrativeExpenses": 10585000000,
    "otherExpenses": 483000000,
    "operatingExpenses": 11068000000,
    "costAndExpenses": 22861000000,
    "interestIncome": 0,
    "interestExpense": 3076000000,
    "depreciationAndAmortization": 1561000000,
    "ebitda": 9091000000,
    "ebitdaratio": 0.298133998,
    "operatingIncome": 7632000000,
    "operatingIncomeRatio": 0.2502869511,
    "totalOtherIncomeExpensesNet": -3178000000,
    "incomeBeforeTax": 4454000000,
    "incomeBeforeTaxRatio": 0.1460663103,
    "incomeTaxExpense": 1437000000,
    "netIncome": 2573000000,
    "netIncomeRatio": 0.0843800216,
    "eps": 2.08,
    "epsdiluted": 2.08,
    "weightedAverageShsOut": 1241750000,
    "weightedAverageShsOutDil": 1258375000,
    "link": "https://www.sec.gov/Archives/edgar/data/40545/000004054501500025/0000040545-01-500025-index.htm",
    "finalLink": "https://www.sec.gov/Archives/edgar/data/40545/000004054501500025/f10q.htm"
  },
  {
    "date": "2000-12-31",
    "symbol": "GE",
    "reportedCurrency": "USD",
    "cik": "0000040545",
    "fillingDate": "2001-03-23",
    "acceptedDate": "2001-03-23 00:00:00",
    "calendarYear": "2000",
    "period": "Q4",
    "revenue": 34981000000,
    "costOfRevenue": 13697000000,
    "grossProfit": 21284000000,
    "grossProfitRatio": 0.6084445842,
    "researchAndDevelopmentExpenses": 0,
    "generalAndAdministrativeExpenses": 12449000000,
    "sellingAndMarketingExpenses": 0,
    "sellingGeneralAndAdministrativeExpenses": 12449000000,
    "otherExpenses": 640000000,
    "operatingExpenses": 13089000000,
    "costAndExpenses": 26786000000,
    "interestIncome": 0,
    "interestExpense": 3065000000,
    "depreciationAndAmortization": 1977000000,
    "ebitda": 10050000000,
    "ebitdaratio": 0.2872988194,
    "operatingIncome": 8195000000,
    "operatingIncomeRatio": 0.2342700323,
    "totalOtherIncomeExpensesNet": -3187000000,
    "incomeBeforeTax": 5008000000,
    "incomeBeforeTaxRatio": 0.1431634316,
    "incomeTaxExpense": 1423000000,
    "netIncome": 3585000000,
    "netIncomeRatio": 0.1024842057,
    "eps": 2.89,
    "epsdiluted": 2.85,
    "weightedAverageShsOut": 1239438000,
    "weightedAverageShsOutDil": 1257750000,
    "link": "https://www.sec.gov/Archives/edgar/data/40545/000004054501500023/0000040545-01-500023-index.htm",
    "finalLink": "https://www.sec.gov/Archives/edgar/data/40545/000004054501500023/f10k2000.htm"
  },
  {
    "date": "2000-09-30",
    "symbol": "GE",
    "reportedCurrency": "USD",
    "cik": "0000040545",
    "fillingDate": "2000-10-26",
    "acceptedDate": "2000-10-26 00:00:00",
    "calendarYear": "2000",
    "period": "Q3",
    "revenue": 32014000000,
    "costOfRevenue": 13059000000,
    "grossProfit": 18955000000,
    "grossProfitRatio": 0.5920847129,
    "researchAndDevelopmentExpenses": 0,
    "generalAndAdministrativeExpenses": 10993000000,
    "sellingAndMarketingExpenses": 0,
    "sellingGeneralAndAdministrativeExpenses": 10993000000,
    "otherExpenses": 463000000,
    "operatingExpenses": 11456000000,
    "costAndExpenses": 24515000000,
    "interestIncome": 0,
    "interestExpense": 2859000000,
    "depreciationAndAmortization": 1833000000,
    "ebitda": 9222000000,
    "ebitdaratio": 0.2880614731,
    "operatingIncome": 7499000000,
    "operatingIncomeRatio": 0.2342412694,
    "totalOtherIncomeExpensesNet": -2969000000,
    "incomeBeforeTax": 4530000000,
    "incomeBeforeTaxRatio": 0.1415005935,
    "incomeTaxExpense": 1350000000,
    "netIncome": 3180000000,
    "netIncomeRatio": 0.0993315425,
    "eps": 2.56,
    "epsdiluted": 2.51,
    "weightedAverageShsOut": 1238250000,
    "weightedAverageShsOutDil": 1258500000,
    "link": "https://www.sec.gov/Archives/edgar/data/40545/000004054500500024/0000040545-00-500024-index.htm",
    "finalLink": "https://www.sec.gov/Archives/edgar/data/40545/000004054500500024/f3q2000.htm"
  },
  {
    "date": "2000-06-30",
    "symbol": "GE",
    "reportedCurrency": "USD",
    "cik": "0000040545",
    "fillingDate": "2000-07-26",
    "acceptedDate": "2000-07-26 00:00:00",
    "calendarYear": "2000",
    "period": "Q2",
    "revenue": 32862000000,
    "costOfRevenue": 13207000000,
    "grossProfit": 19655000000,
    "grossProfitRatio": 0.5981072363,
    "researchAndDevelopmentExpenses": 0,
    "generalAndAdministrativeExpenses": 11224000000,
    "sellingAndMarketingExpenses": 0,
    "sellingGeneralAndAdministrativeExpenses": 11224000000,
    "otherExpenses": 421000000,
    "operatingExpenses": 11645000000,
    "costAndExpenses": 24852000000,
    "interestIncome": 0,
    "interestExpense": 3014000000,
    "depreciationAndAmortization": 1898000000,
    "ebitda": 9811000000,
    "ebitdaratio": 0.2985515185,
    "operatingIncome": 8010000000,
    "operatingIncomeRatio": 0.2437465766,
    "totalOtherIncomeExpensesNet": -3111000000,
    "incomeBeforeTax": 4899000000,
    "incomeBeforeTaxRatio": 0.1490779624,
    "incomeTaxExpense": 1521000000,
    "netIncome": 3378000000,
    "netIncomeRatio": 0.1027935001,
    "eps": 2.72,
    "epsdiluted": 2.67,
    "weightedAverageShsOut": 1236500000,
    "weightedAverageShsOutDil": 1257000000,
    "link": "https://www.sec.gov/Archives/edgar/data/40545/000004054500500016/0000040545-00-500016-index.htm",
    "finalLink": "https://www.sec.gov/Archives/edgar/data/40545/000004054500500016/f10q2q.htm"
  },
  {
    "date": "2000-03-31",
    "symbol": "GE",
    "reportedCurrency": "USD",
    "cik": "0000040545",
    "fillingDate": "2000-05-15",
    "acceptedDate": "2000-05-15 00:00:00",
    "calendarYear": "2000",
    "period": "Q1",
    "revenue": 29996000000,
    "costOfRevenue": 11860000000,
    "grossProfit": 18136000000,
    "grossProfitRatio": 0.6046139485,
    "researchAndDevelopmentExpenses": 0,
    "generalAndAdministrativeExpenses": 10726000000,
    "sellingAndMarketingExpenses": 0,
    "sellingGeneralAndAdministrativeExpenses": 10726000000,
    "otherExpenses": 521000000,
    "operatingExpenses": 11247000000,
    "costAndExpenses": 23107000000,
    "interestIncome": 0,
    "interestExpense": 2782000000,
    "depreciationAndAmortization": 1953000000,
    "ebitda": 8744000000,
    "ebitdaratio": 0.2915055341,
    "operatingIncome": 6889000000,
    "operatingIncomeRatio": 0.2296639552,
    "totalOtherIncomeExpensesNet": -2880000000,
    "incomeBeforeTax": 4009000000,
    "incomeBeforeTaxRatio": 0.1336511535,
    "incomeTaxExpense": 1417000000,
    "netIncome": 2592000000,
    "netIncomeRatio": 0.0864115215,
    "eps": 2.08,
    "epsdiluted": 2.08,
    "weightedAverageShsOut": 1233750000,
    "weightedAverageShsOutDil": 1253875000,
    "link": "https://www.sec.gov/Archives/edgar/data/40545/000004054500000032/0000040545-00-000032-index.htm",
    "finalLink": "https://www.sec.gov/Archives/edgar/data/40545/000004054500000032/0000040545-00-000032-d1.html"
  },
  {
    "date": "1999-12-31",
    "symbol": "GE",
    "reportedCurrency": "USD",
    "cik": "0000040545",
    "fillingDate": "2000-03-17",
    "acceptedDate": "2000-03-17 00:00:00",
    "calendarYear": "1999",
    "period": "Q4",
    "revenue": 32453000000,
    "costOfRevenue": 12203000000,
    "grossProfit": 20250000000,
    "grossProfitRatio": 0.6239792931,
    "researchAndDevelopmentExpenses": 0,
    "generalAndAdministrativeExpenses": 16817000000,
    "sellingAndMarketingExpenses": 0,
    "sellingGeneralAndAdministrativeExpenses": 11401000000,
    "otherExpenses": 1834000000,
    "operatingExpenses": 13235000000,
    "costAndExpenses": 25438000000,
    "interestIncome": 0,
    "interestExpense": 2891000000,
    "depreciationAndAmortization": 1834000000,
    "ebitda": 8849000000,
    "ebitdaratio": 0.2726712477,
    "operatingIncome": 7015000000,
    "operatingIncomeRatio": 0.2161587527,
    "totalOtherIncomeExpensesNet": -2600000000,
    "incomeBeforeTax": 4415000000,
    "incomeBeforeTaxRatio": 0.1360428928,
    "incomeTaxExpense": 1326000000,
    "netIncome": 3089000000,
    "netIncomeRatio": 0.0951838043,
    "eps": 2.51,
    "epsdiluted": 2.47,
    "weightedAverageShsOut": 1231438000,
    "weightedAverageShsOutDil": 1251688000,
    "link": "https://www.sec.gov/Archives/edgar/data/40545/000004054500000023/0000040545-00-000023-index.htm",
    "finalLink": "https://www.sec.gov/Archives/edgar/data/40545/000004054500000023/0000040545-00-000023-d1.html"
  },
  {
    "date": "1999-09-30",
    "symbol": "GE",
    "reportedCurrency": "USD",
    "cik": "0000040545",
    "fillingDate": "1999-10-26",
    "acceptedDate": "1999-10-26 00:00:00",
    "calendarYear": "1999",
    "period": "Q3",
    "revenue": 27200000000,
    "costOfRevenue": 11197000000,
    "grossProfit": 16003000000,
    "grossProfitRatio": 0.5883455882,
    "researchAndDevelopmentExpenses": 0,
    "generalAndAdministrativeExpenses": 9411000000,
    "sellingAndMarketingExpenses": 0,
    "sellingGeneralAndAdministrativeExpenses": 9411000000,
    "otherExpenses": 227000000,
    "operatingExpenses": 9638000000,
    "costAndExpenses": 20835000000,
    "interestIncome": 0,
    "interestExpense": 2455000000,
    "depreciationAndAmortization": 1675000000,
    "ebitda": 7948000000,
    "ebitdaratio": 0.2922058824,
    "operatingIncome": 6365000000,
    "operatingIncomeRatio": 0.2340073529,
    "totalOtherIncomeExpensesNet": -2547000000,
    "incomeBeforeTax": 3818000000,
    "incomeBeforeTaxRatio": 0.1403676471,
    "incomeTaxExpense": 1165000000,
    "netIncome": 2653000000,
    "netIncomeRatio": 0.0975367647,
    "eps": 2.16,
    "epsdiluted": 2.09,
    "weightedAverageShsOut": 1229875000,
    "weightedAverageShsOutDil": 1249875000,
    "link": "https://www.sec.gov/Archives/edgar/data/40545/000004054599000038/0000040545-99-000038-index.html",
    "finalLink": "https://www.sec.gov/Archives/edgar/data/40545/000004054599000038/0000040545-99-000038.txt"
  },
  {
    "date": "1999-06-30",
    "symbol": "GE",
    "reportedCurrency": "USD",
    "cik": "0000040545",
    "fillingDate": "1999-08-11",
    "acceptedDate": "1999-08-11 00:00:00",
    "calendarYear": "1999",
    "period": "Q2",
    "revenue": 27410000000,
    "costOfRevenue": 11157000000,
    "grossProfit": 16253000000,
    "grossProfitRatio": 0.5929587742,
    "researchAndDevelopmentExpenses": 0,
    "generalAndAdministrativeExpenses": 9199000000,
    "sellingAndMarketingExpenses": 0,
    "sellingGeneralAndAdministrativeExpenses": 9199000000,
    "otherExpenses": 442000000,
    "operatingExpenses": 9641000000,
    "costAndExpenses": 20798000000,
    "interestIncome": 0,
    "interestExpense": 2404000000,
    "depreciationAndAmortization": 1669000000,
    "ebitda": 8173000000,
    "ebitdaratio": 0.2981758482,
    "operatingIncome": 6612000000,
    "operatingIncomeRatio": 0.24122583,
    "totalOtherIncomeExpensesNet": -2512000000,
    "incomeBeforeTax": 4100000000,
    "incomeBeforeTaxRatio": 0.1495804451,
    "incomeTaxExpense": 1280000000,
    "netIncome": 2820000000,
    "netIncomeRatio": 0.1028821598,
    "eps": 2.29,
    "epsdiluted": 2.24,
    "weightedAverageShsOut": 1228750000,
    "weightedAverageShsOutDil": 1249000000,
    "link": "https://www.sec.gov/Archives/edgar/data/40545/000004054599000023/0000040545-99-000023-index.html",
    "finalLink": "https://www.sec.gov/Archives/edgar/data/40545/000004054599000023/0000040545-99-000023.txt"
  },
  {
    "date": "1999-03-31",
    "symbol": "GE",
    "reportedCurrency": "USD",
    "cik": "0000040545",
    "fillingDate": "1999-05-11",
    "acceptedDate": "1999-05-11 00:00:00",
    "calendarYear": "1999",
    "period": "Q1",
    "revenue": 24062000000,
    "costOfRevenue": 9567000000,
    "grossProfit": 14495000000,
    "grossProfitRatio": 0.6024021278,
    "researchAndDevelopmentExpenses": 0,
    "generalAndAdministrativeExpenses": 2619000000,
    "sellingAndMarketingExpenses": 0,
    "sellingGeneralAndAdministrativeExpenses": 2619000000,
    "otherExpenses": 276000000,
    "operatingExpenses": 2895000000,
    "costAndExpenses": 12462000000,
    "interestIncome": 0,
    "interestExpense": 2263000000,
    "depreciationAndAmortization": 1513000000,
    "ebitda": 7020000000,
    "ebitdaratio": 0.291746322,
    "operatingIncome": 11600000000,
    "operatingIncomeRatio": 0.4820879395,
    "totalOtherIncomeExpensesNet": -8356000000,
    "incomeBeforeTax": 3244000000,
    "incomeBeforeTaxRatio": 0.1348183858,
    "incomeTaxExpense": 1089000000,
    "netIncome": 2155000000,
    "netIncomeRatio": 0.0895603026,
    "eps": 1.76,
    "epsdiluted": 1.76,
    "weightedAverageShsOut": 1227125000,
    "weightedAverageShsOutDil": 1247750000,
    "link": "https://www.sec.gov/Archives/edgar/data/40545/000004054599000015/0000040545-99-000015-index.html",
    "finalLink": "https://www.sec.gov/Archives/edgar/data/40545/0000040545-99-000015.txt"
  },
  {
    "date": "1998-12-31",
    "symbol": "GE",
    "reportedCurrency": "USD",
    "cik": "0000040545",
    "fillingDate": "1999-03-25",
    "acceptedDate": "1999-03-25 00:00:00",
    "calendarYear": "1998",
    "period": "Q4",
    "revenue": 28455000000,
    "costOfRevenue": 9447000000,
    "grossProfit": 19008000000,
    "grossProfitRatio": 0.6680021086,
    "researchAndDevelopmentExpenses": 0,
    "generalAndAdministrativeExpenses": 0,
    "sellingAndMarketingExpenses": 0,
    "sellingGeneralAndAdministrativeExpenses": 10042000000,
    "otherExpenses": 2625000000,
    "operatingExpenses": 12667000000,
    "costAndExpenses": 22114000000,
    "interestIncome": 0,
    "interestExpense": 0,
    "depreciationAndAmortization": 2625000000,
    "ebitda": 8966000000,
    "ebitdaratio": 0.3150940081,
    "operatingIncome": 6341000000,
    "operatingIncomeRatio": 0.2228430856,
    "totalOtherIncomeExpensesNet": -2712000000,
    "incomeBeforeTax": 3629000000,
    "incomeBeforeTaxRatio": 0.1275347039,
    "incomeTaxExpense": 958000000,
    "netIncome": 2671000000,
    "netIncomeRatio": 0.0938675101,
    "eps": 2.17,
    "epsdiluted": 2.15,
    "weightedAverageShsOut": 1233590000,
    "weightedAverageShsOutDil": 1245027000,
    "link": "https://www.sec.gov/Archives/edgar/data/40545/000004054599000007/0000040545-99-000007-index.htm",
    "finalLink": "https://www.sec.gov/Archives/edgar/data/40545/000004054599000007/"
  },
  {
    "date": "1998-09-30",
    "symbol": "GE",
    "reportedCurrency": "USD",
    "cik": "0000040545",
    "fillingDate": "1998-11-12",
    "acceptedDate": "1998-11-12 00:00:00",
    "calendarYear": "1998",
    "period": "Q3",
    "revenue": 23978000000,
    "costOfRevenue": 8907000000,
    "grossProfit": 15071000000,
    "grossProfitRatio": 0.6285344899,
    "researchAndDevelopmentExpenses": 0,
    "generalAndAdministrativeExpenses": 0,
    "sellingAndMarketingExpenses": 0,
    "sellingGeneralAndAdministrativeExpenses": 8249000000,
    "otherExpenses": 1152000000,
    "operatingExpenses": 9401000000,
    "costAndExpenses": 18308000000,
    "interestIncome": 0,
    "interestExpense": 0,
    "depreciationAndAmortization": 1152000000,
    "ebitda": 6822000000,
    "ebitdaratio": 0.2845108016,
    "operatingIncome": 5670000000,
    "operatingIncomeRatio": 0.2364667612,
    "totalOtherIncomeExpensesNet": -2271000000,
    "incomeBeforeTax": 3399000000,
    "incomeBeforeTaxRatio": 0.141754942,
    "incomeTaxExpense": 1115000000,
    "netIncome": 2284000000,
    "netIncomeRatio": 0.0952539828,
    "eps": 1.84,
    "epsdiluted": 1.84,
    "weightedAverageShsOut": 1241304000,
    "weightedAverageShsOutDil": 1241304000,
    "link": "https://www.sec.gov/Archives/edgar/data/40545/000004054598000031/0000040545-98-000031-index.html",
    "finalLink": "https://www.sec.gov/Archives/edgar/data/40545/0000040545-98-000031.txt"
  },
  {
    "date": "1998-06-30",
    "symbol": "GE",
    "reportedCurrency": "USD",
    "cik": "0000040545",
    "fillingDate": "1998-07-31",
    "acceptedDate": "1998-07-31 00:00:00",
    "calendarYear": "1998",
    "period": "Q2",
    "revenue": 24928000000,
    "costOfRevenue": 9678000000,
    "grossProfit": 15250000000,
    "grossProfitRatio": 0.6117618742,
    "researchAndDevelopmentExpenses": 0,
    "generalAndAdministrativeExpenses": 0,
    "sellingAndMarketingExpenses": 0,
    "sellingGeneralAndAdministrativeExpenses": 8425000000,
    "otherExpenses": 1006000000,
    "operatingExpenses": 9431000000,
    "costAndExpenses": 19109000000,
    "interestIncome": 0,
    "interestExpense": 0,
    "depreciationAndAmortization": 660000000,
    "ebitda": 6863000000,
    "ebitdaratio": 0.2753129012,
    "operatingIncome": 5819000000,
    "operatingIncomeRatio": 0.233432285,
    "totalOtherIncomeExpensesNet": -2285000000,
    "incomeBeforeTax": 3534000000,
    "incomeBeforeTaxRatio": 0.1417682927,
    "incomeTaxExpense": 1084000000,
    "netIncome": 2450000000,
    "netIncomeRatio": 0.0982830552,
    "eps": 2,
    "epsdiluted": 2,
    "weightedAverageShsOut": 1225000000,
    "weightedAverageShsOutDil": 1225000000,
    "link": "https://www.sec.gov/Archives/edgar/data/40545/000004054598000025/0000040545-98-000025-index.html",
    "finalLink": "https://www.sec.gov/Archives/edgar/data/40545/0000040545-98-000025.txt"
  },
  {
    "date": "1998-03-31",
    "symbol": "GE",
    "reportedCurrency": "USD",
    "cik": "0000040545",
    "fillingDate": "1998-05-12",
    "acceptedDate": "1998-05-12 00:00:00",
    "calendarYear": "1998",
    "period": "Q1",
    "revenue": 22459000000,
    "costOfRevenue": 8042000000,
    "grossProfit": 14417000000,
    "grossProfitRatio": 0.6419252861,
    "researchAndDevelopmentExpenses": 0,
    "generalAndAdministrativeExpenses": 0,
    "sellingAndMarketingExpenses": 0,
    "sellingGeneralAndAdministrativeExpenses": 7978000000,
    "otherExpenses": 1423000000,
    "operatingExpenses": 9401000000,
    "costAndExpenses": 17443000000,
    "interestIncome": 0,
    "interestExpense": 0,
    "depreciationAndAmortization": 1423000000,
    "ebitda": 6439000000,
    "ebitdaratio": 0.2867002093,
    "operatingIncome": 5016000000,
    "operatingIncomeRatio": 0.223340309,
    "totalOtherIncomeExpensesNet": -2101000000,
    "incomeBeforeTax": 2915000000,
    "incomeBeforeTaxRatio": 0.1297920655,
    "incomeTaxExpense": 1024000000,
    "netIncome": 1891000000,
    "netIncomeRatio": 0.0841978717,
    "eps": 1.52,
    "epsdiluted": 1.52,
    "weightedAverageShsOut": 1244079000,
    "weightedAverageShsOutDil": 1244079000,
    "link": "https://www.sec.gov/Archives/edgar/data/40545/000004054598000018/0000040545-98-000018-index.html",
    "finalLink": "https://www.sec.gov/Archives/edgar/data/40545/0000040545-98-000018.txt"
  },
  {
    "date": "1997-12-31",
    "symbol": "GE",
    "reportedCurrency": "USD",
    "cik": "0000040545",
    "fillingDate": "1998-03-27",
    "acceptedDate": "1998-03-27 00:00:00",
    "calendarYear": "1997",
    "period": "Q4",
    "revenue": 24876000000,
    "costOfRevenue": 14476000000,
    "grossProfit": 10400000000,
    "grossProfitRatio": 0.4180736453,
    "researchAndDevelopmentExpenses": 0,
    "generalAndAdministrativeExpenses": 0,
    "sellingAndMarketingExpenses": 0,
    "sellingGeneralAndAdministrativeExpenses": 6214000000,
    "otherExpenses": 1102000000,
    "operatingExpenses": 7316000000,
    "costAndExpenses": 21792000000,
    "interestIncome": 0,
    "interestExpense": 0,
    "depreciationAndAmortization": 1102000000,
    "ebitda": 4186000000,
    "ebitdaratio": 0.1682746422,
    "operatingIncome": 3084000000,
    "operatingIncomeRatio": 0.1239749156,
    "totalOtherIncomeExpensesNet": -559000000,
    "incomeBeforeTax": 2525000000,
    "incomeBeforeTaxRatio": 0.1015034571,
    "incomeTaxExpense": 175000000,
    "netIncome": 2350000000,
    "netIncomeRatio": 0.0944685641,
    "eps": 1.9,
    "epsdiluted": 1.88,
    "weightedAverageShsOut": 1236102000,
    "weightedAverageShsOutDil": 1249227000,
    "link": "https://www.sec.gov/Archives/edgar/data/40545/000004054598000013/0000040545-98-000013-index.htm",
    "finalLink": "https://www.sec.gov/Archives/edgar/data/40545/000004054598000013/"
  },
  {
    "date": "1997-09-30",
    "symbol": "GE",
    "reportedCurrency": "USD",
    "cik": "0000040545",
    "fillingDate": "1997-10-24",
    "acceptedDate": "1997-10-24 00:00:00",
    "calendarYear": "1997",
    "period": "Q3",
    "revenue": 21806000000,
    "costOfRevenue": 8311000000,
    "grossProfit": 13495000000,
    "grossProfitRatio": 0.6188663671,
    "researchAndDevelopmentExpenses": 0,
    "generalAndAdministrativeExpenses": 0,
    "sellingAndMarketingExpenses": 0,
    "sellingGeneralAndAdministrativeExpenses": 7580000000,
    "otherExpenses": 1049000000,
    "operatingExpenses": 8629000000,
    "costAndExpenses": 16940000000,
    "interestIncome": 0,
    "interestExpense": 0,
    "depreciationAndAmortization": 1049000000,
    "ebitda": 5915000000,
    "ebitdaratio": 0.2712556177,
    "operatingIncome": 4866000000,
    "operatingIncomeRatio": 0.2231495919,
    "totalOtherIncomeExpensesNet": -2002000000,
    "incomeBeforeTax": 2864000000,
    "incomeBeforeTaxRatio": 0.1313399982,
    "incomeTaxExpense": 850000000,
    "netIncome": 2014000000,
    "netIncomeRatio": 0.0923599009,
    "eps": 1.68,
    "epsdiluted": 1.6,
    "weightedAverageShsOut": 1198810000,
    "weightedAverageShsOutDil": 1258750000,
    "link": "https://www.sec.gov/Archives/edgar/data/40545/000004054597000021/0000040545-97-000021-index.html",
    "finalLink": "https://www.sec.gov/Archives/edgar/data/40545/0000040545-97-000021.txt"
  },
  {
    "date": "1997-06-30",
    "symbol": "GE",
    "reportedCurrency": "USD",
    "cik": "0000040545",
    "fillingDate": "1997-07-30",
    "acceptedDate": "1997-07-30 00:00:00",
    "calendarYear": "1997",
    "period": "Q2",
    "revenue": 21860000000,
    "costOfRevenue": 8645000000,
    "grossProfit": 13215000000,
    "grossProfitRatio": 0.6045288198,
    "researchAndDevelopmentExpenses": 0,
    "generalAndAdministrativeExpenses": 0,
    "sellingAndMarketingExpenses": 0,
    "sellingGeneralAndAdministrativeExpenses": 7069000000,
    "otherExpenses": 979000000,
    "operatingExpenses": 8048000000,
    "costAndExpenses": 16693000000,
    "interestIncome": 0,
    "interestExpense": 0,
    "depreciationAndAmortization": 979000000,
    "ebitda": 6146000000,
    "ebitdaratio": 0.2811527905,
    "operatingIncome": 5167000000,
    "operatingIncomeRatio": 0.2363677951,
    "totalOtherIncomeExpensesNet": -1936000000,
    "incomeBeforeTax": 3231000000,
    "incomeBeforeTaxRatio": 0.1478042086,
    "incomeTaxExpense": 1069000000,
    "netIncome": 2162000000,
    "netIncomeRatio": 0.0989021043,
    "eps": 1.76,
    "epsdiluted": 1.76,
    "weightedAverageShsOut": 1228409000,
    "weightedAverageShsOutDil": 1228409000,
    "link": "https://www.sec.gov/Archives/edgar/data/40545/000004054597000017/0000040545-97-000017-index.html",
    "finalLink": "https://www.sec.gov/Archives/edgar/data/40545/0000040545-97-000017.txt"
  },
  {
    "date": "1997-03-31",
    "symbol": "GE",
    "reportedCurrency": "USD",
    "cik": "0000040545",
    "fillingDate": "1997-05-13",
    "acceptedDate": "1997-05-13 00:00:00",
    "calendarYear": "1997",
    "period": "Q1",
    "revenue": 19998000000,
    "costOfRevenue": 7375000000,
    "grossProfit": 12623000000,
    "grossProfitRatio": 0.6312131213,
    "researchAndDevelopmentExpenses": 0,
    "generalAndAdministrativeExpenses": 0,
    "sellingAndMarketingExpenses": 0,
    "sellingGeneralAndAdministrativeExpenses": 7285000000,
    "otherExpenses": 952000000,
    "operatingExpenses": 8237000000,
    "costAndExpenses": 15612000000,
    "interestIncome": 0,
    "interestExpense": 0,
    "depreciationAndAmortization": 952000000,
    "ebitda": 5338000000,
    "ebitdaratio": 0.2669266927,
    "operatingIncome": 4386000000,
    "operatingIncomeRatio": 0.2193219322,
    "totalOtherIncomeExpensesNet": -1827000000,
    "incomeBeforeTax": 2559000000,
    "incomeBeforeTaxRatio": 0.1279627963,
    "incomeTaxExpense": 882000000,
    "netIncome": 1677000000,
    "netIncomeRatio": 0.0838583858,
    "eps": 1.36,
    "epsdiluted": 1.36,
    "weightedAverageShsOut": 1233088000,
    "weightedAverageShsOutDil": 1233088000,
    "link": "https://www.sec.gov/Archives/edgar/data/40545/000004054597000010/0000040545-97-000010-index.html",
    "finalLink": "https://www.sec.gov/Archives/edgar/data/40545/0000040545-97-000010.txt"
  },
  {
    "date": "1996-12-31",
    "symbol": "GE",
    "reportedCurrency": "USD",
    "cik": "0000040545",
    "fillingDate": "1997-03-21",
    "acceptedDate": "1997-03-21 00:00:00",
    "calendarYear": "1996",
    "period": "Q4",
    "revenue": 22848000000,
    "costOfRevenue": 8558000000,
    "grossProfit": 14290000000,
    "grossProfitRatio": 0.6254376751,
    "researchAndDevelopmentExpenses": 0,
    "generalAndAdministrativeExpenses": 0,
    "sellingAndMarketingExpenses": 0,
    "sellingGeneralAndAdministrativeExpenses": 8227000000,
    "otherExpenses": 989000000,
    "operatingExpenses": 9216000000,
    "costAndExpenses": 17774000000,
    "interestIncome": 0,
    "interestExpense": 0,
    "depreciationAndAmortization": 989000000,
    "ebitda": 6063000000,
    "ebitdaratio": 0.265362395,
    "operatingIncome": 5074000000,
    "operatingIncomeRatio": 0.2220763305,
    "totalOtherIncomeExpensesNet": -2119000000,
    "incomeBeforeTax": 2955000000,
    "incomeBeforeTaxRatio": 0.1293329832,
    "incomeTaxExpense": 888000000,
    "netIncome": 2067000000,
    "netIncomeRatio": 0.090467437,
    "eps": 1.65,
    "epsdiluted": 1.65,
    "weightedAverageShsOut": 1252896000,
    "weightedAverageShsOutDil": 1252896000,
    "link": "https://www.sec.gov/Archives/edgar/data/40545/000004054597000005/0000040545-97-000005-index.htm",
    "finalLink": "https://www.sec.gov/Archives/edgar/data/40545/000004054597000005/"
  },
  {
    "date": "1996-09-30",
    "symbol": "GE",
    "reportedCurrency": "USD",
    "cik": "0000040545",
    "fillingDate": "1996-11-14",
    "acceptedDate": "1996-11-14 00:00:00",
    "calendarYear": "1996",
    "period": "Q3",
    "revenue": 19861000000,
    "costOfRevenue": 7415000000,
    "grossProfit": 12446000000,
    "grossProfitRatio": 0.626655254,
    "researchAndDevelopmentExpenses": 0,
    "generalAndAdministrativeExpenses": 0,
    "sellingAndMarketingExpenses": 0,
    "sellingGeneralAndAdministrativeExpenses": 6944000000,
    "otherExpenses": 972000000,
    "operatingExpenses": 7916000000,
    "costAndExpenses": 15331000000,
    "interestIncome": 0,
    "interestExpense": 0,
    "depreciationAndAmortization": 972000000,
    "ebitda": 5502000000,
    "ebitdaratio": 0.277025326,
    "operatingIncome": 4530000000,
    "operatingIncomeRatio": 0.2280851921,
    "totalOtherIncomeExpensesNet": -1832000000,
    "incomeBeforeTax": 2698000000,
    "incomeBeforeTaxRatio": 0.1358441166,
    "incomeTaxExpense": 910000000,
    "netIncome": 1788000000,
    "netIncomeRatio": 0.0900256785,
    "eps": 1.44,
    "epsdiluted": 1.44,
    "weightedAverageShsOut": 1241667000,
    "weightedAverageShsOutDil": 1241667000,
    "link": "https://www.sec.gov/Archives/edgar/data/40545/000004054596000025/0000040545-96-000025-index.html",
    "finalLink": "https://www.sec.gov/Archives/edgar/data/40545/0000040545-96-000025.txt"
  },
  {
    "date": "1996-06-30",
    "symbol": "GE",
    "reportedCurrency": "USD",
    "cik": "0000040545",
    "fillingDate": "1996-08-14",
    "acceptedDate": "1996-08-14 00:00:00",
    "calendarYear": "1996",
    "period": "Q2",
    "revenue": 18901000000,
    "costOfRevenue": 7072000000,
    "grossProfit": 11829000000,
    "grossProfitRatio": 0.6258399027,
    "researchAndDevelopmentExpenses": 0,
    "generalAndAdministrativeExpenses": 0,
    "sellingAndMarketingExpenses": 0,
    "sellingGeneralAndAdministrativeExpenses": 6246000000,
    "otherExpenses": 932000000,
    "operatingExpenses": 7178000000,
    "costAndExpenses": 14250000000,
    "interestIncome": 0,
    "interestExpense": 0,
    "depreciationAndAmortization": 932000000,
    "ebitda": 5583000000,
    "ebitdaratio": 0.2953811968,
    "operatingIncome": 4651000000,
    "operatingIncomeRatio": 0.2460716364,
    "totalOtherIncomeExpensesNet": -1816000000,
    "incomeBeforeTax": 2835000000,
    "incomeBeforeTaxRatio": 0.1499920639,
    "incomeTaxExpense": 927000000,
    "netIncome": 1908000000,
    "netIncomeRatio": 0.1009470398,
    "eps": 1.52,
    "epsdiluted": 1.52,
    "weightedAverageShsOut": 1255263000,
    "weightedAverageShsOutDil": 1255263000,
    "link": "https://www.sec.gov/Archives/edgar/data/40545/000004054596000023/0000040545-96-000023-index.html",
    "finalLink": "https://www.sec.gov/Archives/edgar/data/40545/0000040545-96-000023.txt"
  },
  {
    "date": "1996-03-31",
    "symbol": "GE",
    "reportedCurrency": "USD",
    "cik": "0000040545",
    "fillingDate": "1996-05-14",
    "acceptedDate": "1996-05-14 00:00:00",
    "calendarYear": "1996",
    "period": "Q1",
    "revenue": 16931000000,
    "costOfRevenue": 6041000000,
    "grossProfit": 10890000000,
    "grossProfitRatio": 0.643198866,
    "researchAndDevelopmentExpenses": 0,
    "generalAndAdministrativeExpenses": 0,
    "sellingAndMarketingExpenses": 0,
    "sellingGeneralAndAdministrativeExpenses": 5912000000,
    "otherExpenses": 892000000,
    "operatingExpenses": 6804000000,
    "costAndExpenses": 12845000000,
    "interestIncome": 0,
    "interestExpense": 0,
    "depreciationAndAmortization": 892000000,
    "ebitda": 4978000000,
    "ebitdaratio": 0.2940168921,
    "operatingIncome": 4086000000,
    "operatingIncomeRatio": 0.2413324671,
    "totalOtherIncomeExpensesNet": -1768000000,
    "incomeBeforeTax": 2318000000,
    "incomeBeforeTaxRatio": 0.1369086291,
    "incomeTaxExpense": 801000000,
    "netIncome": 1517000000,
    "netIncomeRatio": 0.0895989605,
    "eps": 1.2,
    "epsdiluted": 1.2,
    "weightedAverageShsOut": 1264167000,
    "weightedAverageShsOutDil": 1264167000,
    "link": "https://www.sec.gov/Archives/edgar/data/40545/000004054596000010/0000040545-96-000010-index.html",
    "finalLink": "https://www.sec.gov/Archives/edgar/data/40545/0000040545-96-000010.txt"
  },
  {
    "date": "1995-12-31",
    "symbol": "GE",
    "reportedCurrency": "USD",
    "cik": "0000040545",
    "fillingDate": "1996-03-20",
    "acceptedDate": "1996-03-20 00:00:00",
    "calendarYear": "1995",
    "period": "Q4",
    "revenue": 19547000000,
    "costOfRevenue": 8036000000,
    "grossProfit": 11511000000,
    "grossProfitRatio": 0.5888883205,
    "researchAndDevelopmentExpenses": 0,
    "generalAndAdministrativeExpenses": 0,
    "sellingAndMarketingExpenses": 0,
    "sellingGeneralAndAdministrativeExpenses": 6104000000,
    "otherExpenses": 978000000,
    "operatingExpenses": 7082000000,
    "costAndExpenses": 15118000000,
    "interestIncome": 0,
    "interestExpense": 0,
    "depreciationAndAmortization": 978000000,
    "ebitda": 5407000000,
    "ebitdaratio": 0.2766153374,
    "operatingIncome": 4429000000,
    "operatingIncomeRatio": 0.2265820842,
    "totalOtherIncomeExpensesNet": -1757000000,
    "incomeBeforeTax": 2672000000,
    "incomeBeforeTaxRatio": 0.1366961682,
    "incomeTaxExpense": 807000000,
    "netIncome": 1865000000,
    "netIncomeRatio": 0.0954110605,
    "eps": 1.48,
    "epsdiluted": 1.48,
    "weightedAverageShsOut": 1260336000,
    "weightedAverageShsOutDil": 1260336000,
    "link": "https://www.sec.gov/Archives/edgar/data/40545/000004054596000007/0000040545-96-000007-index.htm",
    "finalLink": "https://www.sec.gov/Archives/edgar/data/40545/0000040545-96-000007.txt"
  },
  {
    "date": "1995-09-30",
    "symbol": "GE",
    "reportedCurrency": "USD",
    "cik": "0000040545",
    "fillingDate": "1995-11-13",
    "acceptedDate": "1995-11-13 00:00:00",
    "calendarYear": "1995",
    "period": "Q3",
    "revenue": 17151000000,
    "costOfRevenue": 6423000000,
    "grossProfit": 10728000000,
    "grossProfitRatio": 0.6255028861,
    "researchAndDevelopmentExpenses": 0,
    "generalAndAdministrativeExpenses": 0,
    "sellingAndMarketingExpenses": 0,
    "sellingGeneralAndAdministrativeExpenses": 5715000000,
    "otherExpenses": 859000000,
    "operatingExpenses": 6574000000,
    "costAndExpenses": 12997000000,
    "interestIncome": 0,
    "interestExpense": 0,
    "depreciationAndAmortization": 859000000,
    "ebitda": 5013000000,
    "ebitdaratio": 0.2922861641,
    "operatingIncome": 4154000000,
    "operatingIncomeRatio": 0.2422016209,
    "totalOtherIncomeExpensesNet": -1761000000,
    "incomeBeforeTax": 2393000000,
    "incomeBeforeTaxRatio": 0.1395253921,
    "incomeTaxExpense": 783000000,
    "netIncome": 1610000000,
    "netIncomeRatio": 0.0938720774,
    "eps": 1.28,
    "epsdiluted": 1.28,
    "weightedAverageShsOut": 1257813000,
    "weightedAverageShsOutDil": 1257813000,
    "link": "https://www.sec.gov/Archives/edgar/data/40545/000004054595000017/0000040545-95-000017-index.html",
    "finalLink": "https://www.sec.gov/Archives/edgar/data/40545/0000040545-95-000017.txt"
  }
]