[
  {
    "date": "2025-06-30",
    "symbol": "GEHC",
    "reportedCurrency": "USD",
    "cik": "0001932393",
    "fillingDate": "2025-07-30",
    "acceptedDate": "2025-07-30 06:27:45",
    "calendarYear": "2025",
    "period": "Q2",
    "revenue": 5006000000,
    "costOfRevenue": 3023000000,
    "grossProfit": 1985000000,
    "grossProfitRatio": 0.396524171,
    "researchAndDevelopmentExpenses": 302000000,
    "generalAndAdministrativeExpenses": 0,
    "sellingAndMarketingExpenses": 0,
    "sellingGeneralAndAdministrativeExpenses": 1029000000,
    "otherExpenses": -2000000,
    "operatingExpenses": 1329000000,
    "costAndExpenses": 4352000000,
    "interestIncome": 6000000,
    "interestExpense": 113000000,
    "depreciationAndAmortization": 148000000,
    "ebitda": 874000000,
    "ebitdaratio": 0.1745904914,
    "operatingIncome": 654000000,
    "operatingIncomeRatio": 0.1306432281,
    "totalOtherIncomeExpensesNet": -41000000,
    "incomeBeforeTax": 613000000,
    "incomeBeforeTaxRatio": 0.1224530563,
    "incomeTaxExpense": 113000000,
    "netIncome": 486000000,
    "netIncomeRatio": 0.0970834998,
    "eps": 1.06,
    "epsdiluted": 1.06,
    "weightedAverageShsOut": 457000000,
    "weightedAverageShsOutDil": 458000000,
    "link": "https://www.sec.gov/Archives/edgar/data/1932393/000193239325000049/0001932393-25-000049-index.htm",
    "finalLink": "https://www.sec.gov/Archives/edgar/data/1932393/000193239325000049/gehc-20250630.htm"
  },
  {
    "date": "2025-03-31",
    "symbol": "GEHC",
    "reportedCurrency": "USD",
    "cik": "0001932393",
    "fillingDate": "2025-04-30",
    "acceptedDate": "2025-04-30 06:26:15",
    "calendarYear": "2025",
    "period": "Q1",
    "revenue": 4777000000,
    "costOfRevenue": 2765000000,
    "grossProfit": 2012000000,
    "grossProfitRatio": 0.421184844,
    "researchAndDevelopmentExpenses": 344000000,
    "generalAndAdministrativeExpenses": 0,
    "sellingAndMarketingExpenses": 0,
    "sellingGeneralAndAdministrativeExpenses": 1040000000,
    "otherExpenses": -1000000,
    "operatingExpenses": 1383000000,
    "costAndExpenses": 4148000000,
    "interestIncome": 0,
    "interestExpense": 111000000,
    "depreciationAndAmortization": 136000000,
    "ebitda": 939000000,
    "ebitdaratio": 0.196566883,
    "operatingIncome": 629000000,
    "operatingIncomeRatio": 0.1316725979,
    "totalOtherIncomeExpensesNet": 63000000,
    "incomeBeforeTax": 692000000,
    "incomeBeforeTaxRatio": 0.1448607913,
    "incomeTaxExpense": 104000000,
    "netIncome": 564000000,
    "netIncomeRatio": 0.1180657316,
    "eps": 1.23,
    "epsdiluted": 1.23,
    "weightedAverageShsOut": 457000000,
    "weightedAverageShsOutDil": 459000000,
    "link": "https://www.sec.gov/Archives/edgar/data/1932393/000193239325000014/0001932393-25-000014-index.htm",
    "finalLink": "https://www.sec.gov/Archives/edgar/data/1932393/000193239325000014/gehc-20250331.htm"
  },
  {
    "date": "2024-12-31",
    "symbol": "GEHC",
    "reportedCurrency": "USD",
    "cik": "0001932393",
    "fillingDate": "2025-02-13",
    "acceptedDate": "2025-02-13 06:26:45",
    "calendarYear": "2024",
    "period": "Q4",
    "revenue": 5319000000,
    "costOfRevenue": 3044000000,
    "grossProfit": 2275000000,
    "grossProfitRatio": 0.4277119759,
    "researchAndDevelopmentExpenses": 344000000,
    "generalAndAdministrativeExpenses": 0,
    "sellingAndMarketingExpenses": 0,
    "sellingGeneralAndAdministrativeExpenses": 1130000000,
    "otherExpenses": 0,
    "operatingExpenses": 1474000000,
    "costAndExpenses": 4518000000,
    "interestIncome": 0,
    "interestExpense": 111000000,
    "depreciationAndAmortization": 140000000,
    "ebitda": 1085000000,
    "ebitdaratio": 0.2039857116,
    "operatingIncome": 801000000,
    "operatingIncomeRatio": 0.1505922166,
    "totalOtherIncomeExpensesNet": 33000000,
    "incomeBeforeTax": 834000000,
    "incomeBeforeTaxRatio": 0.1567963903,
    "incomeTaxExpense": 96000000,
    "netIncome": 720000000,
    "netIncomeRatio": 0.1353637902,
    "eps": 1.58,
    "epsdiluted": 1.57,
    "weightedAverageShsOut": 457000000,
    "weightedAverageShsOutDil": 459000000,
    "link": "https://www.sec.gov/Archives/edgar/data/1932393/000193239325000005/0001932393-25-000005-index.htm",
    "finalLink": "https://www.sec.gov/Archives/edgar/data/1932393/000193239325000005/gehc-20241231.htm"
  },
  {
    "date": "2024-09-30",
    "symbol": "GEHC",
    "reportedCurrency": "USD",
    "cik": "0001932393",
    "fillingDate": "2024-10-30",
    "acceptedDate": "2024-10-30 06:32:42",
    "calendarYear": "2024",
    "period": "Q3",
    "revenue": 4863000000,
    "costOfRevenue": 2838000000,
    "grossProfit": 2026000000,
    "grossProfitRatio": 0.4166152581,
    "researchAndDevelopmentExpenses": 316000000,
    "generalAndAdministrativeExpenses": 0,
    "sellingAndMarketingExpenses": 0,
    "sellingGeneralAndAdministrativeExpenses": 1034000000,
    "otherExpenses": -1000000,
    "operatingExpenses": 1349000000,
    "costAndExpenses": 4187000000,
    "interestIncome": 5000000,
    "interestExpense": 130000000,
    "depreciationAndAmortization": 143000000,
    "ebitda": 931000000,
    "ebitdaratio": 0.1914456097,
    "operatingIncome": 676000000,
    "operatingIncomeRatio": 0.1390088423,
    "totalOtherIncomeExpensesNet": -18000000,
    "incomeBeforeTax": 658000000,
    "incomeBeforeTaxRatio": 0.1353074234,
    "incomeTaxExpense": 168000000,
    "netIncome": 471000000,
    "netIncomeRatio": 0.096853794,
    "eps": 1.03,
    "epsdiluted": 1.02,
    "weightedAverageShsOut": 457000000,
    "weightedAverageShsOutDil": 459000000,
    "link": "https://www.sec.gov/Archives/edgar/data/1932393/000193239324000050/0001932393-24-000050-index.htm",
    "finalLink": "https://www.sec.gov/Archives/edgar/data/1932393/000193239324000050/gehc-20240930.htm"
  },
  {
    "date": "2024-06-30",
    "symbol": "GEHC",
    "reportedCurrency": "USD",
    "cik": "0001932393",
    "fillingDate": "2024-07-31",
    "acceptedDate": "2024-07-31 06:26:17",
    "calendarYear": "2024",
    "period": "Q2",
    "revenue": 4839000000,
    "costOfRevenue": 2837000000,
    "grossProfit": 2002000000,
    "grossProfitRatio": 0.4137218434,
    "researchAndDevelopmentExpenses": 327000000,
    "generalAndAdministrativeExpenses": 0,
    "sellingAndMarketingExpenses": 0,
    "sellingGeneralAndAdministrativeExpenses": 1067000000,
    "otherExpenses": 0,
    "operatingExpenses": 1394000000,
    "costAndExpenses": 4231000000,
    "interestIncome": 0,
    "interestExpense": 131000000,
    "depreciationAndAmortization": 149000000,
    "ebitda": 858000000,
    "ebitdaratio": 0.1773093614,
    "operatingIncome": 608000000,
    "operatingIncomeRatio": 0.1256457946,
    "totalOtherIncomeExpensesNet": -30000000,
    "incomeBeforeTax": 578000000,
    "incomeBeforeTaxRatio": 0.1194461666,
    "incomeTaxExpense": 143000000,
    "netIncome": 428000000,
    "netIncomeRatio": 0.0884480265,
    "eps": 0.94,
    "epsdiluted": 0.93,
    "weightedAverageShsOut": 457000000,
    "weightedAverageShsOutDil": 459000000,
    "link": "https://www.sec.gov/Archives/edgar/data/1932393/000193239324000044/0001932393-24-000044-index.htm",
    "finalLink": "https://www.sec.gov/Archives/edgar/data/1932393/000193239324000044/gehc-20240630.htm"
  },
  {
    "date": "2024-03-31",
    "symbol": "GEHC",
    "reportedCurrency": "USD",
    "cik": "0001932393",
    "fillingDate": "2024-04-30",
    "acceptedDate": "2024-04-30 06:27:02",
    "calendarYear": "2024",
    "period": "Q1",
    "revenue": 4650000000,
    "costOfRevenue": 2749000000,
    "grossProfit": 1902000000,
    "grossProfitRatio": 0.4090322581,
    "researchAndDevelopmentExpenses": 324000000,
    "generalAndAdministrativeExpenses": 0,
    "sellingAndMarketingExpenses": 0,
    "sellingGeneralAndAdministrativeExpenses": 1038000000,
    "otherExpenses": -1000000,
    "operatingExpenses": 1361000000,
    "costAndExpenses": 4110000000,
    "interestIncome": 0,
    "interestExpense": 138000000,
    "depreciationAndAmortization": 148000000,
    "ebitda": 798000000,
    "ebitdaratio": 0.1716129032,
    "operatingIncome": 540000000,
    "operatingIncomeRatio": 0.1161290323,
    "totalOtherIncomeExpensesNet": -28000000,
    "incomeBeforeTax": 512000000,
    "incomeBeforeTaxRatio": 0.1101075269,
    "incomeTaxExpense": 124000000,
    "netIncome": 374000000,
    "netIncomeRatio": 0.0804301075,
    "eps": 0.82,
    "epsdiluted": 0.81,
    "weightedAverageShsOut": 456000000,
    "weightedAverageShsOutDil": 459000000,
    "link": "https://www.sec.gov/Archives/edgar/data/1932393/000193239324000034/0001932393-24-000034-index.htm",
    "finalLink": "https://www.sec.gov/Archives/edgar/data/1932393/000193239324000034/gehc-20240331.htm"
  },
  {
    "date": "2023-12-31",
    "symbol": "GEHC",
    "reportedCurrency": "USD",
    "cik": "0001932393",
    "fillingDate": "2024-02-06",
    "acceptedDate": "2024-02-06 06:26:57",
    "calendarYear": "2023",
    "period": "Q4",
    "revenue": 5206000000,
    "costOfRevenue": 3050000000,
    "grossProfit": 2156000000,
    "grossProfitRatio": 0.4141375336,
    "researchAndDevelopmentExpenses": 315000000,
    "generalAndAdministrativeExpenses": 0,
    "sellingAndMarketingExpenses": 0,
    "sellingGeneralAndAdministrativeExpenses": 1152000000,
    "otherExpenses": 0,
    "operatingExpenses": 1467000000,
    "costAndExpenses": 4517000000,
    "interestIncome": 7000000,
    "interestExpense": 131000000,
    "depreciationAndAmortization": 144000000,
    "ebitda": 899000000,
    "ebitdaratio": 0.172685363,
    "operatingIncome": 689000000,
    "operatingIncomeRatio": 0.1323472916,
    "totalOtherIncomeExpensesNet": -80000000,
    "incomeBeforeTax": 609000000,
    "incomeBeforeTaxRatio": 0.1169804072,
    "incomeTaxExpense": 193000000,
    "netIncome": 403000000,
    "netIncomeRatio": 0.07741068,
    "eps": 0.89,
    "epsdiluted": 0.88,
    "weightedAverageShsOut": 455000000,
    "weightedAverageShsOutDil": 458000000,
    "link": "https://www.sec.gov/Archives/edgar/data/1932393/000193239324000013/0001932393-24-000013-index.htm",
    "finalLink": "https://www.sec.gov/Archives/edgar/data/1932393/000193239324000013/gehc-20231231.htm"
  },
  {
    "date": "2023-09-30",
    "symbol": "GEHC",
    "reportedCurrency": "USD",
    "cik": "0001932393",
    "fillingDate": "2023-10-31",
    "acceptedDate": "2023-10-31 06:34:03",
    "calendarYear": "2023",
    "period": "Q3",
    "revenue": 4822000000,
    "costOfRevenue": 2887000000,
    "grossProfit": 1935000000,
    "grossProfitRatio": 0.4012857735,
    "researchAndDevelopmentExpenses": 322000000,
    "generalAndAdministrativeExpenses": 0,
    "sellingAndMarketingExpenses": 0,
    "sellingGeneralAndAdministrativeExpenses": 996000000,
    "otherExpenses": 0,
    "operatingExpenses": 1318000000,
    "costAndExpenses": 4205000000,
    "interestIncome": 6000000,
    "interestExpense": 138000000,
    "depreciationAndAmortization": 153000000,
    "ebitda": 927000000,
    "ebitdaratio": 0.1922438822,
    "operatingIncome": 617000000,
    "operatingIncomeRatio": 0.1279552053,
    "totalOtherIncomeExpensesNet": 19000000,
    "incomeBeforeTax": 636000000,
    "incomeBeforeTaxRatio": 0.1318954791,
    "incomeTaxExpense": 250000000,
    "netIncome": 375000000,
    "netIncomeRatio": 0.0777685608,
    "eps": 0.82,
    "epsdiluted": 0.82,
    "weightedAverageShsOut": 455000000,
    "weightedAverageShsOutDil": 458000000,
    "link": "https://www.sec.gov/Archives/edgar/data/1932393/000193239323000125/0001932393-23-000125-index.htm",
    "finalLink": "https://www.sec.gov/Archives/edgar/data/1932393/000193239323000125/gehc-20230930.htm"
  },
  {
    "date": "2023-06-30",
    "symbol": "GEHC",
    "reportedCurrency": "USD",
    "cik": "0001932393",
    "fillingDate": "2023-07-25",
    "acceptedDate": "2023-07-25 06:40:34",
    "calendarYear": "2023",
    "period": "Q2",
    "revenue": 4817000000,
    "costOfRevenue": 2877000000,
    "grossProfit": 1940000000,
    "grossProfitRatio": 0.4027402948,
    "researchAndDevelopmentExpenses": 298000000,
    "generalAndAdministrativeExpenses": 0,
    "sellingAndMarketingExpenses": 0,
    "sellingGeneralAndAdministrativeExpenses": 1072000000,
    "otherExpenses": 0,
    "operatingExpenses": 1370000000,
    "costAndExpenses": 4247000000,
    "interestIncome": 0,
    "interestExpense": 137000000,
    "depreciationAndAmortization": 156000000,
    "ebitda": 848000000,
    "ebitdaratio": 0.1760431804,
    "operatingIncome": 570000000,
    "operatingIncomeRatio": 0.1183309114,
    "totalOtherIncomeExpensesNet": 0,
    "incomeBeforeTax": 570000000,
    "incomeBeforeTaxRatio": 0.1183309114,
    "incomeTaxExpense": 137000000,
    "netIncome": 418000000,
    "netIncomeRatio": 0.0867760017,
    "eps": 0.92,
    "epsdiluted": 0.91,
    "weightedAverageShsOut": 455000000,
    "weightedAverageShsOutDil": 458000000,
    "link": "https://www.sec.gov/Archives/edgar/data/1932393/000193239323000112/0001932393-23-000112-index.htm",
    "finalLink": "https://www.sec.gov/Archives/edgar/data/1932393/000193239323000112/gehc-20230630.htm"
  },
  {
    "date": "2023-03-31",
    "symbol": "GEHC",
    "reportedCurrency": "USD",
    "cik": "0001932393",
    "fillingDate": "2023-04-25",
    "acceptedDate": "2023-04-25 06:25:58",
    "calendarYear": "2023",
    "period": "Q1",
    "revenue": 4707000000,
    "costOfRevenue": 2816000000,
    "grossProfit": 1891000000,
    "grossProfitRatio": 0.4017420863,
    "researchAndDevelopmentExpenses": 270000000,
    "generalAndAdministrativeExpenses": 0,
    "sellingAndMarketingExpenses": 0,
    "sellingGeneralAndAdministrativeExpenses": 1062000000,
    "otherExpenses": 0,
    "operatingExpenses": 1332000000,
    "costAndExpenses": 4148000000,
    "interestIncome": 13000000,
    "interestExpense": 136000000,
    "depreciationAndAmortization": 157000000,
    "ebitda": 839000000,
    "ebitdaratio": 0.1782451668,
    "operatingIncome": 559000000,
    "operatingIncomeRatio": 0.1187592947,
    "totalOtherIncomeExpensesNet": -13000000,
    "incomeBeforeTax": 546000000,
    "incomeBeforeTaxRatio": 0.1159974506,
    "incomeTaxExpense": 163000000,
    "netIncome": 372000000,
    "netIncomeRatio": 0.0790312301,
    "eps": 0.42,
    "epsdiluted": 0.41,
    "weightedAverageShsOut": 454000000,
    "weightedAverageShsOutDil": 457000000,
    "link": "https://www.sec.gov/Archives/edgar/data/1932393/000193239323000087/0001932393-23-000087-index.htm",
    "finalLink": "https://www.sec.gov/Archives/edgar/data/1932393/000193239323000087/gehc-20230331.htm"
  },
  {
    "date": "2022-12-31",
    "symbol": "GEHC",
    "reportedCurrency": "USD",
    "cik": "0001932393",
    "fillingDate": "2023-02-15",
    "acceptedDate": "2023-02-15 08:46:32",
    "calendarYear": "2022",
    "period": "Q4",
    "revenue": 4938000000,
    "costOfRevenue": 3006000000,
    "grossProfit": 1932000000,
    "grossProfitRatio": 0.3912515188,
    "researchAndDevelopmentExpenses": 271000000,
    "generalAndAdministrativeExpenses": 0,
    "sellingAndMarketingExpenses": 0,
    "sellingGeneralAndAdministrativeExpenses": 884000000,
    "otherExpenses": 0,
    "operatingExpenses": 1155000000,
    "costAndExpenses": 4161000000,
    "interestIncome": 0,
    "interestExpense": 60000000,
    "depreciationAndAmortization": 157000000,
    "ebitda": 938000000,
    "ebitdaratio": 0.1899554475,
    "operatingIncome": 777000000,
    "operatingIncomeRatio": 0.1573511543,
    "totalOtherIncomeExpensesNet": -59000000,
    "incomeBeforeTax": 718000000,
    "incomeBeforeTaxRatio": 0.1454029972,
    "incomeTaxExpense": 151000000,
    "netIncome": 554000000,
    "netIncomeRatio": 0.1121911705,
    "eps": 1.22,
    "epsdiluted": 1.22,
    "weightedAverageShsOut": 453926139,
    "weightedAverageShsOutDil": 453926139,
    "link": "https://www.sec.gov/Archives/edgar/data/1932393/000193239323000025/0001932393-23-000025-index.htm",
    "finalLink": "https://www.sec.gov/Archives/edgar/data/1932393/000193239323000025/gehc-20221231.htm"
  },
  {
    "date": "2022-09-30",
    "symbol": "GEHC",
    "reportedCurrency": "USD",
    "cik": "0001932393",
    "fillingDate": "2022-09-30",
    "acceptedDate": "2022-09-30 00:00:00",
    "calendarYear": "2022",
    "period": "Q3",
    "revenue": 4576000000,
    "costOfRevenue": 2803000000,
    "grossProfit": 1773000000,
    "grossProfitRatio": 0.3874562937,
    "researchAndDevelopmentExpenses": 260000000,
    "generalAndAdministrativeExpenses": 0,
    "sellingAndMarketingExpenses": 0,
    "sellingGeneralAndAdministrativeExpenses": 908000000,
    "otherExpenses": 0,
    "operatingExpenses": 1168000000,
    "costAndExpenses": 3971000000,
    "interestIncome": 4000000,
    "interestExpense": 2000000,
    "depreciationAndAmortization": 160000000,
    "ebitda": 767000000,
    "ebitdaratio": 0.1676136364,
    "operatingIncome": 605000000,
    "operatingIncomeRatio": 0.1322115385,
    "totalOtherIncomeExpensesNet": 17000000,
    "incomeBeforeTax": 622000000,
    "incomeBeforeTaxRatio": 0.1359265734,
    "incomeTaxExpense": 129000000,
    "netIncome": 488000000,
    "netIncomeRatio": 0.1066433566,
    "eps": 1.07,
    "epsdiluted": 1.07,
    "weightedAverageShsOut": 454000000,
    "weightedAverageShsOutDil": 454710004,
    "link": null,
    "finalLink": null
  },
  {
    "date": "2022-06-30",
    "symbol": "GEHC",
    "reportedCurrency": "USD",
    "cik": "0001932393",
    "fillingDate": "2022-06-30",
    "acceptedDate": "2022-06-30 00:00:00",
    "calendarYear": "2022",
    "period": "Q2",
    "revenue": 4484000000,
    "costOfRevenue": 2688000000,
    "grossProfit": 1796000000,
    "grossProfitRatio": 0.4005352364,
    "researchAndDevelopmentExpenses": 257000000,
    "generalAndAdministrativeExpenses": 0,
    "sellingAndMarketingExpenses": 0,
    "sellingGeneralAndAdministrativeExpenses": 908000000,
    "otherExpenses": 0,
    "operatingExpenses": 1165000000,
    "costAndExpenses": 3853000000,
    "interestIncome": 0,
    "interestExpense": 22000000,
    "depreciationAndAmortization": 157000000,
    "ebitda": 818000000,
    "ebitdaratio": 0.182426405,
    "operatingIncome": 631000000,
    "operatingIncomeRatio": 0.1407225691,
    "totalOtherIncomeExpensesNet": 8000000,
    "incomeBeforeTax": 639000000,
    "incomeBeforeTaxRatio": 0.1425066905,
    "incomeTaxExpense": 153000000,
    "netIncome": 485000000,
    "netIncomeRatio": 0.108162355,
    "eps": 1.07,
    "epsdiluted": 1.07,
    "weightedAverageShsOut": 454000000,
    "weightedAverageShsOutDil": 454710004,
    "link": null,
    "finalLink": null
  },
  {
    "date": "2022-03-31",
    "symbol": "GEHC",
    "reportedCurrency": "USD",
    "cik": "0001932393",
    "fillingDate": "2022-03-31",
    "acceptedDate": "2022-03-31 00:00:00",
    "calendarYear": "2022",
    "period": "Q1",
    "revenue": 4343000000,
    "costOfRevenue": 2665000000,
    "grossProfit": 1678000000,
    "grossProfitRatio": 0.3863688694,
    "researchAndDevelopmentExpenses": 238000000,
    "generalAndAdministrativeExpenses": 0,
    "sellingAndMarketingExpenses": 0,
    "sellingGeneralAndAdministrativeExpenses": 931000000,
    "otherExpenses": 0,
    "operatingExpenses": 1169000000,
    "costAndExpenses": 3834000000,
    "interestIncome": 0,
    "interestExpense": 6000000,
    "depreciationAndAmortization": 159000000,
    "ebitda": 698000000,
    "ebitdaratio": 0.1607183974,
    "operatingIncome": 509000000,
    "operatingIncomeRatio": 0.1172000921,
    "totalOtherIncomeExpensesNet": 24000000,
    "incomeBeforeTax": 533000000,
    "incomeBeforeTaxRatio": 0.1227262261,
    "incomeTaxExpense": 131000000,
    "netIncome": 389000000,
    "netIncomeRatio": 0.0895694221,
    "eps": 0.86,
    "epsdiluted": 0.86,
    "weightedAverageShsOut": 453926139,
    "weightedAverageShsOutDil": 454710004,
    "link": null,
    "finalLink": null
  },
  {
    "date": "2021-12-31",
    "symbol": "GEHC",
    "reportedCurrency": "USD",
    "cik": "0001932393",
    "fillingDate": "2021-12-31",
    "acceptedDate": "2021-12-31 00:00:00",
    "calendarYear": "2021",
    "period": "Q4",
    "revenue": 4589000000,
    "costOfRevenue": 2727000000,
    "grossProfit": 1862000000,
    "grossProfitRatio": 0.4057528873,
    "researchAndDevelopmentExpenses": 225000000,
    "generalAndAdministrativeExpenses": 0,
    "sellingAndMarketingExpenses": 0,
    "sellingGeneralAndAdministrativeExpenses": 910000000,
    "otherExpenses": 0,
    "operatingExpenses": 1135000000,
    "costAndExpenses": 3862000000,
    "interestIncome": 6000000,
    "interestExpense": 6000000,
    "depreciationAndAmortization": 154000000,
    "ebitda": 915000000,
    "ebitdaratio": 0.1993898453,
    "operatingIncome": 727000000,
    "operatingIncomeRatio": 0.1584223142,
    "totalOtherIncomeExpensesNet": 28000000,
    "incomeBeforeTax": 755000000,
    "incomeBeforeTaxRatio": 0.1645238614,
    "incomeTaxExpense": 179000000,
    "netIncome": 564000000,
    "netIncomeRatio": 0.1229025932,
    "eps": 1.27,
    "epsdiluted": 1.27,
    "weightedAverageShsOut": 454710004,
    "weightedAverageShsOutDil": 454710004,
    "link": null,
    "finalLink": null
  },
  {
    "date": "2021-09-30",
    "symbol": "GEHC",
    "reportedCurrency": "USD",
    "cik": "0001932393",
    "fillingDate": "2021-09-30",
    "acceptedDate": "2021-09-29 20:00:00",
    "calendarYear": "2021",
    "period": "Q3",
    "revenue": 4305000000,
    "costOfRevenue": 2538000000,
    "grossProfit": 1767000000,
    "grossProfitRatio": 0.4104529617,
    "researchAndDevelopmentExpenses": 200000000,
    "generalAndAdministrativeExpenses": 0,
    "sellingAndMarketingExpenses": 0,
    "sellingGeneralAndAdministrativeExpenses": 914000000,
    "otherExpenses": 0,
    "operatingExpenses": 1114000000,
    "costAndExpenses": 3652000000,
    "interestIncome": 10000000,
    "interestExpense": 0,
    "depreciationAndAmortization": 155000000,
    "ebitda": 808000000,
    "ebitdaratio": 0.187688734,
    "operatingIncome": 653000000,
    "operatingIncomeRatio": 0.1516840883,
    "totalOtherIncomeExpensesNet": 24000000,
    "incomeBeforeTax": 677000000,
    "incomeBeforeTaxRatio": 0.1572590012,
    "incomeTaxExpense": 160000000,
    "netIncome": 504000000,
    "netIncomeRatio": 0.1170731707,
    "eps": 1.108,
    "epsdiluted": 1.108,
    "weightedAverageShsOut": 454710004,
    "weightedAverageShsOutDil": 454710004,
    "link": null,
    "finalLink": null
  },
  {
    "date": "2021-06-30",
    "symbol": "GEHC",
    "reportedCurrency": "USD",
    "cik": "0001932393",
    "fillingDate": "2021-06-30",
    "acceptedDate": "2021-06-29 20:00:00",
    "calendarYear": "2021",
    "period": "Q2",
    "revenue": 4346000000,
    "costOfRevenue": 2573000000,
    "grossProfit": 1773000000,
    "grossProfitRatio": 0.4079613438,
    "researchAndDevelopmentExpenses": 195500000,
    "generalAndAdministrativeExpenses": 0,
    "sellingAndMarketingExpenses": 0,
    "sellingGeneralAndAdministrativeExpenses": 869500000,
    "otherExpenses": 0,
    "operatingExpenses": 1065000000,
    "costAndExpenses": 3638000000,
    "interestIncome": 2000000,
    "interestExpense": 0,
    "depreciationAndAmortization": 158000000,
    "ebitda": 866000000,
    "ebitdaratio": 0.1992636908,
    "operatingIncome": 708000000,
    "operatingIncomeRatio": 0.1629084215,
    "totalOtherIncomeExpensesNet": 14000000,
    "incomeBeforeTax": 722000000,
    "incomeBeforeTaxRatio": 0.1661297745,
    "incomeTaxExpense": 130500000,
    "netIncome": 581000000,
    "netIncomeRatio": 0.1336861482,
    "eps": 1.278,
    "epsdiluted": 1.278,
    "weightedAverageShsOut": 454710004,
    "weightedAverageShsOutDil": 454710004,
    "link": null,
    "finalLink": null
  },
  {
    "date": "2021-03-31",
    "symbol": "GEHC",
    "reportedCurrency": "USD",
    "cik": "0001932393",
    "fillingDate": "2021-03-31",
    "acceptedDate": "2021-03-30 20:00:00",
    "calendarYear": "2021",
    "period": "Q1",
    "revenue": 4346000000,
    "costOfRevenue": 2573000000,
    "grossProfit": 1773000000,
    "grossProfitRatio": 0.4079613438,
    "researchAndDevelopmentExpenses": 195500000,
    "generalAndAdministrativeExpenses": 0,
    "sellingAndMarketingExpenses": 0,
    "sellingGeneralAndAdministrativeExpenses": 869500000,
    "otherExpenses": 0,
    "operatingExpenses": 1065000000,
    "costAndExpenses": 3638000000,
    "interestIncome": 2000000,
    "interestExpense": 0,
    "depreciationAndAmortization": 158000000,
    "ebitda": 866000000,
    "ebitdaratio": 0.1992636908,
    "operatingIncome": 708000000,
    "operatingIncomeRatio": 0.1629084215,
    "totalOtherIncomeExpensesNet": 14000000,
    "incomeBeforeTax": 722000000,
    "incomeBeforeTaxRatio": 0.1661297745,
    "incomeTaxExpense": 130500000,
    "netIncome": 581000000,
    "netIncomeRatio": 0.1336861482,
    "eps": 1.278,
    "epsdiluted": 1.278,
    "weightedAverageShsOut": 454710004,
    "weightedAverageShsOutDil": 454710004,
    "link": null,
    "finalLink": null
  }
]