[
  {
    "date": "2025-07-04",
    "symbol": "GEN",
    "reportedCurrency": "USD",
    "cik": "0000849399",
    "fillingDate": "2025-08-13",
    "acceptedDate": "2025-08-13 16:05:17",
    "calendarYear": "2026",
    "period": "Q1",
    "revenue": 1257000000,
    "costOfRevenue": 267000000,
    "grossProfit": 990000000,
    "grossProfitRatio": 0.7875894988,
    "researchAndDevelopmentExpenses": 109000000,
    "generalAndAdministrativeExpenses": 74000000,
    "sellingAndMarketingExpenses": 297000000,
    "sellingGeneralAndAdministrativeExpenses": 371000000,
    "otherExpenses": 0,
    "operatingExpenses": 480000000,
    "costAndExpenses": 801000000,
    "interestIncome": 0,
    "interestExpense": 156000000,
    "depreciationAndAmortization": 123000000,
    "ebitda": 579000000,
    "ebitdaratio": 0.4606205251,
    "operatingIncome": 446000000,
    "operatingIncomeRatio": 0.3548130469,
    "totalOtherIncomeExpensesNet": -146000000,
    "incomeBeforeTax": 300000000,
    "incomeBeforeTaxRatio": 0.2386634845,
    "incomeTaxExpense": 165000000,
    "netIncome": 135000000,
    "netIncomeRatio": 0.107398568,
    "eps": 0.22,
    "epsdiluted": 0.22,
    "weightedAverageShsOut": 617000000,
    "weightedAverageShsOutDil": 624000000,
    "link": "https://www.sec.gov/Archives/edgar/data/849399/000084939925000059/0000849399-25-000059-index.htm",
    "finalLink": "https://www.sec.gov/Archives/edgar/data/849399/000084939925000059/gen-20250704.htm"
  },
  {
    "date": "2025-03-28",
    "symbol": "GEN",
    "reportedCurrency": "USD",
    "cik": "0000849399",
    "fillingDate": "2025-05-15",
    "acceptedDate": "2025-05-15 17:20:31",
    "calendarYear": "2025",
    "period": "Q4",
    "revenue": 1010000000,
    "costOfRevenue": 199000000,
    "grossProfit": 811000000,
    "grossProfitRatio": 0.802970297,
    "researchAndDevelopmentExpenses": 81000000,
    "generalAndAdministrativeExpenses": 67000000,
    "sellingAndMarketingExpenses": 196000000,
    "sellingGeneralAndAdministrativeExpenses": 263000000,
    "otherExpenses": 50000000,
    "operatingExpenses": 394000000,
    "costAndExpenses": 593000000,
    "interestIncome": 8000000,
    "interestExpense": 135000000,
    "depreciationAndAmortization": 104000000,
    "ebitda": 526000000,
    "ebitdaratio": 0.5207920792,
    "operatingIncome": 417000000,
    "operatingIncomeRatio": 0.4128712871,
    "totalOtherIncomeExpensesNet": -130000000,
    "incomeBeforeTax": 287000000,
    "incomeBeforeTaxRatio": 0.2841584158,
    "incomeTaxExpense": 145000000,
    "netIncome": 142000000,
    "netIncomeRatio": 0.1405940594,
    "eps": 0.23,
    "epsdiluted": 0.23,
    "weightedAverageShsOut": 616000000,
    "weightedAverageShsOutDil": 624000000,
    "link": "https://www.sec.gov/Archives/edgar/data/849399/000084939925000033/0000849399-25-000033-index.htm",
    "finalLink": "https://www.sec.gov/Archives/edgar/data/849399/000084939925000033/gen-20250328.htm"
  },
  {
    "date": "2024-12-27",
    "symbol": "GEN",
    "reportedCurrency": "USD",
    "cik": "0000849399",
    "fillingDate": "2025-01-31",
    "acceptedDate": "2025-01-31 16:31:53",
    "calendarYear": "2025",
    "period": "Q3",
    "revenue": 986000000,
    "costOfRevenue": 193000000,
    "grossProfit": 793000000,
    "grossProfitRatio": 0.8042596349,
    "researchAndDevelopmentExpenses": 84000000,
    "generalAndAdministrativeExpenses": 108000000,
    "sellingAndMarketingExpenses": 182000000,
    "sellingGeneralAndAdministrativeExpenses": 290000000,
    "otherExpenses": 45000000,
    "operatingExpenses": 419000000,
    "costAndExpenses": 612000000,
    "interestIncome": 6000000,
    "interestExpense": 141000000,
    "depreciationAndAmortization": 104000000,
    "ebitda": 453000000,
    "ebitdaratio": 0.4594320487,
    "operatingIncome": 374000000,
    "operatingIncomeRatio": 0.3793103448,
    "totalOtherIncomeExpensesNet": -166000000,
    "incomeBeforeTax": 208000000,
    "incomeBeforeTaxRatio": 0.2109533469,
    "incomeTaxExpense": 49000000,
    "netIncome": 159000000,
    "netIncomeRatio": 0.1612576065,
    "eps": 0.26,
    "epsdiluted": 0.26,
    "weightedAverageShsOut": 616000000,
    "weightedAverageShsOutDil": 623000000,
    "link": "https://www.sec.gov/Archives/edgar/data/849399/000084939925000006/0000849399-25-000006-index.htm",
    "finalLink": "https://www.sec.gov/Archives/edgar/data/849399/000084939925000006/gen-20241227.htm"
  },
  {
    "date": "2024-09-27",
    "symbol": "GEN",
    "reportedCurrency": "USD",
    "cik": "0000849399",
    "fillingDate": "2024-10-31",
    "acceptedDate": "2024-10-31 16:37:28",
    "calendarYear": "2025",
    "period": "Q2",
    "revenue": 974000000,
    "costOfRevenue": 194000000,
    "grossProfit": 780000000,
    "grossProfitRatio": 0.8008213552,
    "researchAndDevelopmentExpenses": 83000000,
    "generalAndAdministrativeExpenses": 64000000,
    "sellingAndMarketingExpenses": 184000000,
    "sellingGeneralAndAdministrativeExpenses": 248000000,
    "otherExpenses": 47000000,
    "operatingExpenses": 378000000,
    "costAndExpenses": 572000000,
    "interestIncome": 6000000,
    "interestExpense": 149000000,
    "depreciationAndAmortization": 105000000,
    "ebitda": 512000000,
    "ebitdaratio": 0.5256673511,
    "operatingIncome": 402000000,
    "operatingIncomeRatio": 0.4127310062,
    "totalOtherIncomeExpensesNet": -144000000,
    "incomeBeforeTax": 258000000,
    "incomeBeforeTaxRatio": 0.2648870637,
    "incomeTaxExpense": 97000000,
    "netIncome": 161000000,
    "netIncomeRatio": 0.1652977413,
    "eps": 0.26,
    "epsdiluted": 0.26,
    "weightedAverageShsOut": 616000000,
    "weightedAverageShsOutDil": 622000000,
    "link": "https://www.sec.gov/Archives/edgar/data/849399/000084939924000081/0000849399-24-000081-index.htm",
    "finalLink": "https://www.sec.gov/Archives/edgar/data/849399/000084939924000081/gen-20240927.htm"
  },
  {
    "date": "2024-06-28",
    "symbol": "GEN",
    "reportedCurrency": "USD",
    "cik": "0000849399",
    "fillingDate": "2024-08-07",
    "acceptedDate": "2024-08-06 21:55:00",
    "calendarYear": "2025",
    "period": "Q1",
    "revenue": 965000000,
    "costOfRevenue": 190000000,
    "grossProfit": 775000000,
    "grossProfitRatio": 0.8031088083,
    "researchAndDevelopmentExpenses": 81000000,
    "generalAndAdministrativeExpenses": 52000000,
    "sellingAndMarketingExpenses": 183000000,
    "sellingGeneralAndAdministrativeExpenses": 235000000,
    "otherExpenses": 42000000,
    "operatingExpenses": 358000000,
    "costAndExpenses": 548000000,
    "interestIncome": 8000000,
    "interestExpense": 153000000,
    "depreciationAndAmortization": 106000000,
    "ebitda": 535000000,
    "ebitdaratio": 0.5544041451,
    "operatingIncome": 417000000,
    "operatingIncomeRatio": 0.4321243523,
    "totalOtherIncomeExpensesNet": -141000000,
    "incomeBeforeTax": 276000000,
    "incomeBeforeTaxRatio": 0.2860103627,
    "incomeTaxExpense": 95000000,
    "netIncome": 181000000,
    "netIncomeRatio": 0.1875647668,
    "eps": 0.29,
    "epsdiluted": 0.29,
    "weightedAverageShsOut": 621000000,
    "weightedAverageShsOutDil": 627000000,
    "link": "https://www.sec.gov/Archives/edgar/data/849399/000084939924000042/0000849399-24-000042-index.htm",
    "finalLink": "https://www.sec.gov/Archives/edgar/data/849399/000084939924000042/gen-20240628.htm"
  },
  {
    "date": "2024-03-29",
    "symbol": "GEN",
    "reportedCurrency": "USD",
    "cik": "0000849399",
    "fillingDate": "2024-05-16",
    "acceptedDate": "2024-05-15 19:45:16",
    "calendarYear": "2024",
    "period": "Q4",
    "revenue": 967000000,
    "costOfRevenue": 190000000,
    "grossProfit": 777000000,
    "grossProfitRatio": 0.803516029,
    "researchAndDevelopmentExpenses": 80000000,
    "generalAndAdministrativeExpenses": 45000000,
    "sellingAndMarketingExpenses": 181000000,
    "sellingGeneralAndAdministrativeExpenses": 226000000,
    "otherExpenses": 71000000,
    "operatingExpenses": 377000000,
    "costAndExpenses": 567000000,
    "interestIncome": 8000000,
    "interestExpense": 161000000,
    "depreciationAndAmortization": 111000000,
    "ebitda": 487000000,
    "ebitdaratio": 0.5036194416,
    "operatingIncome": 400000000,
    "operatingIncomeRatio": 0.4136504654,
    "totalOtherIncomeExpensesNet": -185000000,
    "incomeBeforeTax": 212000000,
    "incomeBeforeTaxRatio": 0.2192347466,
    "incomeTaxExpense": 81000000,
    "netIncome": 134000000,
    "netIncomeRatio": 0.1385729059,
    "eps": 0.21,
    "epsdiluted": 0.21,
    "weightedAverageShsOut": 630000000,
    "weightedAverageShsOutDil": 637000000,
    "link": "https://www.sec.gov/Archives/edgar/data/849399/000084939924000036/0000849399-24-000036-index.htm",
    "finalLink": "https://www.sec.gov/Archives/edgar/data/849399/000084939924000036/gen-20240329.htm"
  },
  {
    "date": "2023-12-29",
    "symbol": "GEN",
    "reportedCurrency": "USD",
    "cik": "0000849399",
    "fillingDate": "2024-02-05",
    "acceptedDate": "2024-02-05 17:05:52",
    "calendarYear": "2024",
    "period": "Q3",
    "revenue": 951000000,
    "costOfRevenue": 182000000,
    "grossProfit": 769000000,
    "grossProfitRatio": 0.8086225026,
    "researchAndDevelopmentExpenses": 77000000,
    "generalAndAdministrativeExpenses": 110000000,
    "sellingAndMarketingExpenses": 184000000,
    "sellingGeneralAndAdministrativeExpenses": 294000000,
    "otherExpenses": 63000000,
    "operatingExpenses": 434000000,
    "costAndExpenses": 616000000,
    "interestIncome": 5000000,
    "interestExpense": 165000000,
    "depreciationAndAmortization": 124000000,
    "ebitda": 467000000,
    "ebitdaratio": 0.49106204,
    "operatingIncome": 332000000,
    "operatingIncomeRatio": 0.349106204,
    "totalOtherIncomeExpensesNet": -154000000,
    "incomeBeforeTax": 178000000,
    "incomeBeforeTaxRatio": 0.1871713985,
    "incomeTaxExpense": 36000000,
    "netIncome": 142000000,
    "netIncomeRatio": 0.1493165089,
    "eps": 0.22,
    "epsdiluted": 0.22,
    "weightedAverageShsOut": 639000000,
    "weightedAverageShsOutDil": 645000000,
    "link": "https://www.sec.gov/Archives/edgar/data/849399/000084939924000008/0000849399-24-000008-index.htm",
    "finalLink": "https://www.sec.gov/Archives/edgar/data/849399/000084939924000008/gen-20231229.htm"
  },
  {
    "date": "2023-09-29",
    "symbol": "GEN",
    "reportedCurrency": "USD",
    "cik": "0000849399",
    "fillingDate": "2023-11-07",
    "acceptedDate": "2023-11-07 16:08:23",
    "calendarYear": "2024",
    "period": "Q2",
    "revenue": 948000000,
    "costOfRevenue": 180000000,
    "grossProfit": 768000000,
    "grossProfitRatio": 0.8101265823,
    "researchAndDevelopmentExpenses": 85000000,
    "generalAndAdministrativeExpenses": 393000000,
    "sellingAndMarketingExpenses": 187000000,
    "sellingGeneralAndAdministrativeExpenses": 580000000,
    "otherExpenses": 77000000,
    "operatingExpenses": 742000000,
    "costAndExpenses": 922000000,
    "interestIncome": 6000000,
    "interestExpense": 173000000,
    "depreciationAndAmortization": 125000000,
    "ebitda": 154000000,
    "ebitdaratio": 0.1624472574,
    "operatingIncome": 22000000,
    "operatingIncomeRatio": 0.0232067511,
    "totalOtherIncomeExpensesNet": -166000000,
    "incomeBeforeTax": -144000000,
    "incomeBeforeTaxRatio": -0.1518987342,
    "incomeTaxExpense": -291000000,
    "netIncome": 147000000,
    "netIncomeRatio": 0.1550632911,
    "eps": 0.23,
    "epsdiluted": 0.23,
    "weightedAverageShsOut": 640000000,
    "weightedAverageShsOutDil": 644000000,
    "link": "https://www.sec.gov/Archives/edgar/data/849399/000084939923000029/0000849399-23-000029-index.htm",
    "finalLink": "https://www.sec.gov/Archives/edgar/data/849399/000084939923000029/gen-20230929.htm"
  },
  {
    "date": "2023-06-30",
    "symbol": "GEN",
    "reportedCurrency": "USD",
    "cik": "0000849399",
    "fillingDate": "2023-08-04",
    "acceptedDate": "2023-08-04 17:28:14",
    "calendarYear": "2024",
    "period": "Q1",
    "revenue": 943000000,
    "costOfRevenue": 179000000,
    "grossProfit": 767000000,
    "grossProfitRatio": 0.8133616119,
    "researchAndDevelopmentExpenses": 90000000,
    "generalAndAdministrativeExpenses": 56000000,
    "sellingAndMarketingExpenses": 181000000,
    "sellingGeneralAndAdministrativeExpenses": 237000000,
    "otherExpenses": 78000000,
    "operatingExpenses": 399000000,
    "costAndExpenses": 578000000,
    "interestIncome": 6000000,
    "interestExpense": 170000000,
    "depreciationAndAmortization": 125000000,
    "ebitda": 496000000,
    "ebitdaratio": 0.525980912,
    "operatingIncome": 359000000,
    "operatingIncomeRatio": 0.380699894,
    "totalOtherIncomeExpensesNet": -158000000,
    "incomeBeforeTax": 201000000,
    "incomeBeforeTaxRatio": 0.2131495228,
    "incomeTaxExpense": 14000000,
    "netIncome": 187000000,
    "netIncomeRatio": 0.1983032874,
    "eps": 0.29,
    "epsdiluted": 0.29,
    "weightedAverageShsOut": 640000000,
    "weightedAverageShsOutDil": 643000000,
    "link": "https://www.sec.gov/Archives/edgar/data/849399/000084939923000021/0000849399-23-000021-index.htm",
    "finalLink": "https://www.sec.gov/Archives/edgar/data/849399/000084939923000021/gen-20230630.htm"
  },
  {
    "date": "2023-03-31",
    "symbol": "GEN",
    "reportedCurrency": "USD",
    "cik": "0000849399",
    "fillingDate": "2023-05-25",
    "acceptedDate": "2023-05-24 20:36:47",
    "calendarYear": "2023",
    "period": "Q4",
    "revenue": 947000000,
    "costOfRevenue": 190000000,
    "grossProfit": 757000000,
    "grossProfitRatio": 0.7993664203,
    "researchAndDevelopmentExpenses": 88000000,
    "generalAndAdministrativeExpenses": 61000000,
    "sellingAndMarketingExpenses": 176000000,
    "sellingGeneralAndAdministrativeExpenses": 237000000,
    "otherExpenses": 61000000,
    "operatingExpenses": 386000000,
    "costAndExpenses": 576000000,
    "interestIncome": 5000000,
    "interestExpense": 168000000,
    "depreciationAndAmortization": 132000000,
    "ebitda": 464000000,
    "ebitdaratio": 0.489968321,
    "operatingIncome": 357000000,
    "operatingIncomeRatio": 0.3769799366,
    "totalOtherIncomeExpensesNet": -193000000,
    "incomeBeforeTax": 164000000,
    "incomeBeforeTaxRatio": 0.1731784583,
    "incomeTaxExpense": -751000000,
    "netIncome": 915000000,
    "netIncomeRatio": 0.9662090813,
    "eps": 1.43,
    "epsdiluted": 1.42,
    "weightedAverageShsOut": 639000000,
    "weightedAverageShsOutDil": 644000000,
    "link": "https://www.sec.gov/Archives/edgar/data/849399/000084939923000014/0000849399-23-000014-index.htm",
    "finalLink": "https://www.sec.gov/Archives/edgar/data/849399/000084939923000014/gen-20230331.htm"
  },
  {
    "date": "2022-12-30",
    "symbol": "GEN",
    "reportedCurrency": "USD",
    "cik": "0000849399",
    "fillingDate": "2023-02-06",
    "acceptedDate": "2023-02-06 16:54:45",
    "calendarYear": "2023",
    "period": "Q3",
    "revenue": 936000000,
    "costOfRevenue": 178000000,
    "grossProfit": 758000000,
    "grossProfitRatio": 0.8098290598,
    "researchAndDevelopmentExpenses": 91000000,
    "generalAndAdministrativeExpenses": 11000000,
    "sellingAndMarketingExpenses": 183000000,
    "sellingGeneralAndAdministrativeExpenses": 194000000,
    "otherExpenses": 105000000,
    "operatingExpenses": 393000000,
    "costAndExpenses": 571000000,
    "interestIncome": 5000000,
    "interestExpense": 154000000,
    "depreciationAndAmortization": 131000000,
    "ebitda": 495000000,
    "ebitdaratio": 0.5288461538,
    "operatingIncome": 368000000,
    "operatingIncomeRatio": 0.3931623932,
    "totalOtherIncomeExpensesNet": -152000000,
    "incomeBeforeTax": 216000000,
    "incomeBeforeTaxRatio": 0.2307692308,
    "incomeTaxExpense": 51000000,
    "netIncome": 165000000,
    "netIncomeRatio": 0.1762820513,
    "eps": 0.26,
    "epsdiluted": 0.25,
    "weightedAverageShsOut": 647000000,
    "weightedAverageShsOutDil": 651000000,
    "link": "https://www.sec.gov/Archives/edgar/data/849399/000084939923000008/0000849399-23-000008-index.htm",
    "finalLink": "https://www.sec.gov/Archives/edgar/data/849399/000084939923000008/gen-20221230.htm"
  },
  {
    "date": "2022-09-30",
    "symbol": "GEN",
    "reportedCurrency": "USD",
    "cik": "0000849399",
    "fillingDate": "2022-09-30",
    "acceptedDate": "2022-09-30 00:00:00",
    "calendarYear": "2023",
    "period": "Q2",
    "revenue": 748000000,
    "costOfRevenue": 119000000,
    "grossProfit": 629000000,
    "grossProfitRatio": 0.8409090909,
    "researchAndDevelopmentExpenses": 73000000,
    "generalAndAdministrativeExpenses": 110000000,
    "sellingAndMarketingExpenses": 167000000,
    "sellingGeneralAndAdministrativeExpenses": 277000000,
    "otherExpenses": 29000000,
    "operatingExpenses": 379000000,
    "costAndExpenses": 498000000,
    "interestIncome": 3000000,
    "interestExpense": 48000000,
    "depreciationAndAmortization": 56000000,
    "ebitda": 283000000,
    "ebitdaratio": 0.378342246,
    "operatingIncome": 241000000,
    "operatingIncomeRatio": 0.3221925134,
    "totalOtherIncomeExpensesNet": -46000000,
    "incomeBeforeTax": 195000000,
    "incomeBeforeTaxRatio": 0.2606951872,
    "incomeTaxExpense": 126000000,
    "netIncome": 69000000,
    "netIncomeRatio": 0.0922459893,
    "eps": 0.12,
    "epsdiluted": 0.12,
    "weightedAverageShsOut": 590000000,
    "weightedAverageShsOutDil": 595000000,
    "link": null,
    "finalLink": null
  },
  {
    "date": "2022-06-30",
    "symbol": "GEN",
    "reportedCurrency": "USD",
    "cik": "0000849399",
    "fillingDate": "2022-07-01",
    "acceptedDate": "2022-06-30 20:00:00",
    "calendarYear": "2023",
    "period": "Q1",
    "revenue": 707000000,
    "costOfRevenue": 123000000,
    "grossProfit": 584000000,
    "grossProfitRatio": 0.8260254597,
    "researchAndDevelopmentExpenses": 61000000,
    "generalAndAdministrativeExpenses": 104000000,
    "sellingAndMarketingExpenses": 156000000,
    "sellingGeneralAndAdministrativeExpenses": 260000000,
    "otherExpenses": -1000000,
    "operatingExpenses": 321000000,
    "costAndExpenses": 444000000,
    "interestIncome": 2000000,
    "interestExpense": 31000000,
    "depreciationAndAmortization": 33000000,
    "ebitda": 293000000,
    "ebitdaratio": 0.414427157,
    "operatingIncome": 263000000,
    "operatingIncomeRatio": 0.3719943423,
    "totalOtherIncomeExpensesNet": -34000000,
    "incomeBeforeTax": 229000000,
    "incomeBeforeTaxRatio": 0.323903819,
    "incomeTaxExpense": 29000000,
    "netIncome": 200000000,
    "netIncomeRatio": 0.2828854314,
    "eps": 0.35,
    "epsdiluted": 0.33,
    "weightedAverageShsOut": 578000000,
    "weightedAverageShsOutDil": 604000000,
    "link": null,
    "finalLink": null
  },
  {
    "date": "2022-03-31",
    "symbol": "GEN",
    "reportedCurrency": "USD",
    "cik": "0000849399",
    "fillingDate": "2022-03-31",
    "acceptedDate": "2022-03-31 00:00:00",
    "calendarYear": "2022",
    "period": "Q4",
    "revenue": 716000000,
    "costOfRevenue": 101000000,
    "grossProfit": 615000000,
    "grossProfitRatio": 0.8589385475,
    "researchAndDevelopmentExpenses": 59000000,
    "generalAndAdministrativeExpenses": 242000000,
    "sellingAndMarketingExpenses": 156000000,
    "sellingGeneralAndAdministrativeExpenses": 398000000,
    "otherExpenses": 22000000,
    "operatingExpenses": 479000000,
    "costAndExpenses": 580000000,
    "interestIncome": 0,
    "interestExpense": 31000000,
    "depreciationAndAmortization": 36000000,
    "ebitda": 163000000,
    "ebitdaratio": 0.2276536313,
    "operatingIncome": 129000000,
    "operatingIncomeRatio": 0.1801675978,
    "totalOtherIncomeExpensesNet": -40000000,
    "incomeBeforeTax": 96000000,
    "incomeBeforeTaxRatio": 0.1340782123,
    "incomeTaxExpense": -24000000,
    "netIncome": 120000000,
    "netIncomeRatio": 0.1675977654,
    "eps": 0.21,
    "epsdiluted": 0.2,
    "weightedAverageShsOut": 581000000,
    "weightedAverageShsOutDil": 593000000,
    "link": null,
    "finalLink": null
  },
  {
    "date": "2021-12-31",
    "symbol": "GEN",
    "reportedCurrency": "USD",
    "cik": "0000849399",
    "fillingDate": "2021-12-31",
    "acceptedDate": "2021-12-31 00:00:00",
    "calendarYear": "2022",
    "period": "Q3",
    "revenue": 702000000,
    "costOfRevenue": 105000000,
    "grossProfit": 597000000,
    "grossProfitRatio": 0.8504273504,
    "researchAndDevelopmentExpenses": 60000000,
    "generalAndAdministrativeExpenses": 42000000,
    "sellingAndMarketingExpenses": 160000000,
    "sellingGeneralAndAdministrativeExpenses": 202000000,
    "otherExpenses": -9000000,
    "operatingExpenses": 283000000,
    "costAndExpenses": 388000000,
    "interestIncome": 0,
    "interestExpense": 32000000,
    "depreciationAndAmortization": 42000000,
    "ebitda": 347000000,
    "ebitdaratio": 0.4943019943,
    "operatingIncome": 302000000,
    "operatingIncomeRatio": 0.4301994302,
    "totalOtherIncomeExpensesNet": -41000000,
    "incomeBeforeTax": 261000000,
    "incomeBeforeTaxRatio": 0.3717948718,
    "incomeTaxExpense": 59000000,
    "netIncome": 202000000,
    "netIncomeRatio": 0.2877492877,
    "eps": 0.35,
    "epsdiluted": 0.34,
    "weightedAverageShsOut": 582000000,
    "weightedAverageShsOutDil": 591000000,
    "link": null,
    "finalLink": null
  },
  {
    "date": "2021-09-30",
    "symbol": "GEN",
    "reportedCurrency": "USD",
    "cik": "0000849399",
    "fillingDate": "2021-09-30",
    "acceptedDate": "2021-09-30 00:00:00",
    "calendarYear": "2022",
    "period": "Q2",
    "revenue": 692000000,
    "costOfRevenue": 100000000,
    "grossProfit": 592000000,
    "grossProfitRatio": 0.8554913295,
    "researchAndDevelopmentExpenses": 66000000,
    "generalAndAdministrativeExpenses": 63000000,
    "sellingAndMarketingExpenses": 150000000,
    "sellingGeneralAndAdministrativeExpenses": 213000000,
    "otherExpenses": 177000000,
    "operatingExpenses": 300000000,
    "costAndExpenses": 400000000,
    "interestIncome": 0,
    "interestExpense": 31000000,
    "depreciationAndAmortization": 41000000,
    "ebitda": 505000000,
    "ebitdaratio": 0.7297687861,
    "operatingIncome": 287000000,
    "operatingIncomeRatio": 0.4147398844,
    "totalOtherIncomeExpensesNet": 146000000,
    "incomeBeforeTax": 433000000,
    "incomeBeforeTaxRatio": 0.6257225434,
    "incomeTaxExpense": 100000000,
    "netIncome": 333000000,
    "netIncomeRatio": 0.4812138728,
    "eps": 0.57,
    "epsdiluted": 0.56,
    "weightedAverageShsOut": 582000000,
    "weightedAverageShsOutDil": 591000000,
    "link": null,
    "finalLink": null
  },
  {
    "date": "2021-06-30",
    "symbol": "GEN",
    "reportedCurrency": "USD",
    "cik": "0000849399",
    "fillingDate": "2021-06-30",
    "acceptedDate": "2021-06-30 00:00:00",
    "calendarYear": "2022",
    "period": "Q1",
    "revenue": 686000000,
    "costOfRevenue": 102000000,
    "grossProfit": 584000000,
    "grossProfitRatio": 0.8513119534,
    "researchAndDevelopmentExpenses": 68000000,
    "generalAndAdministrativeExpenses": 45000000,
    "sellingAndMarketingExpenses": 156000000,
    "sellingGeneralAndAdministrativeExpenses": 201000000,
    "otherExpenses": -3000000,
    "operatingExpenses": 290000000,
    "costAndExpenses": 392000000,
    "interestIncome": 0,
    "interestExpense": 32000000,
    "depreciationAndAmortization": 41000000,
    "ebitda": 325000000,
    "ebitdaratio": 0.4737609329,
    "operatingIncome": 287000000,
    "operatingIncomeRatio": 0.4183673469,
    "totalOtherIncomeExpensesNet": -35000000,
    "incomeBeforeTax": 252000000,
    "incomeBeforeTaxRatio": 0.3673469388,
    "incomeTaxExpense": 71000000,
    "netIncome": 181000000,
    "netIncomeRatio": 0.2638483965,
    "eps": 0.31,
    "epsdiluted": 0.31,
    "weightedAverageShsOut": 580000000,
    "weightedAverageShsOutDil": 591000000,
    "link": null,
    "finalLink": null
  },
  {
    "date": "2021-03-31",
    "symbol": "GEN",
    "reportedCurrency": "USD",
    "cik": "0000849399",
    "fillingDate": "2021-03-31",
    "acceptedDate": "2021-03-31 00:00:00",
    "calendarYear": "2021",
    "period": "Q4",
    "revenue": 672000000,
    "costOfRevenue": 99000000,
    "grossProfit": 573000000,
    "grossProfitRatio": 0.8526785714,
    "researchAndDevelopmentExpenses": 68000000,
    "generalAndAdministrativeExpenses": 52000000,
    "sellingAndMarketingExpenses": 148000000,
    "sellingGeneralAndAdministrativeExpenses": 200000000,
    "otherExpenses": 58000000,
    "operatingExpenses": 288000000,
    "costAndExpenses": 387000000,
    "interestIncome": 1000000,
    "interestExpense": 35000000,
    "depreciationAndAmortization": 53000000,
    "ebitda": 377000000,
    "ebitdaratio": 0.5610119048,
    "operatingIncome": 266000000,
    "operatingIncomeRatio": 0.3958333333,
    "totalOtherIncomeExpensesNet": 4000000,
    "incomeBeforeTax": 289000000,
    "incomeBeforeTaxRatio": 0.4300595238,
    "incomeTaxExpense": 81000000,
    "netIncome": 194000000,
    "netIncomeRatio": 0.2886904762,
    "eps": 0.33,
    "epsdiluted": 0.33,
    "weightedAverageShsOut": 582000000,
    "weightedAverageShsOutDil": 587000000,
    "link": null,
    "finalLink": null
  },
  {
    "date": "2020-12-31",
    "symbol": "GEN",
    "reportedCurrency": "USD",
    "cik": "0000849399",
    "fillingDate": "2020-12-31",
    "acceptedDate": "2020-12-31 00:00:00",
    "calendarYear": "2021",
    "period": "Q3",
    "revenue": 639000000,
    "costOfRevenue": 87000000,
    "grossProfit": 552000000,
    "grossProfitRatio": 0.8638497653,
    "researchAndDevelopmentExpenses": 71000000,
    "generalAndAdministrativeExpenses": 42000000,
    "sellingAndMarketingExpenses": 140000000,
    "sellingGeneralAndAdministrativeExpenses": 182000000,
    "otherExpenses": 5000000,
    "operatingExpenses": 271000000,
    "costAndExpenses": 358000000,
    "interestIncome": 0,
    "interestExpense": 32000000,
    "depreciationAndAmortization": 28000000,
    "ebitda": 319000000,
    "ebitdaratio": 0.4992175274,
    "operatingIncome": 280000000,
    "operatingIncomeRatio": 0.4381846635,
    "totalOtherIncomeExpensesNet": -28000000,
    "incomeBeforeTax": 253000000,
    "incomeBeforeTaxRatio": 0.3959311424,
    "incomeTaxExpense": 80000000,
    "netIncome": 178000000,
    "netIncomeRatio": 0.2785602504,
    "eps": 0.3,
    "epsdiluted": 0.3,
    "weightedAverageShsOut": 593000000,
    "weightedAverageShsOutDil": 597000000,
    "link": null,
    "finalLink": null
  },
  {
    "date": "2020-09-30",
    "symbol": "GEN",
    "reportedCurrency": "USD",
    "cik": "0000849399",
    "fillingDate": "2020-09-30",
    "acceptedDate": "2020-09-30 00:00:00",
    "calendarYear": "2021",
    "period": "Q2",
    "revenue": 626000000,
    "costOfRevenue": 90000000,
    "grossProfit": 536000000,
    "grossProfitRatio": 0.8562300319,
    "researchAndDevelopmentExpenses": 63000000,
    "generalAndAdministrativeExpenses": 68000000,
    "sellingAndMarketingExpenses": 143000000,
    "sellingGeneralAndAdministrativeExpenses": 211000000,
    "otherExpenses": 38000000,
    "operatingExpenses": 292000000,
    "costAndExpenses": 382000000,
    "interestIncome": 1000000,
    "interestExpense": 37000000,
    "depreciationAndAmortization": 39000000,
    "ebitda": 312000000,
    "ebitdaratio": 0.4984025559,
    "operatingIncome": 230000000,
    "operatingIncomeRatio": 0.3674121406,
    "totalOtherIncomeExpensesNet": -13000000,
    "incomeBeforeTax": 231000000,
    "incomeBeforeTaxRatio": 0.3690095847,
    "incomeTaxExpense": 65000000,
    "netIncome": 64000000,
    "netIncomeRatio": 0.1022364217,
    "eps": 0.11,
    "epsdiluted": 0.11,
    "weightedAverageShsOut": 592000000,
    "weightedAverageShsOutDil": 600000000,
    "link": null,
    "finalLink": null
  },
  {
    "date": "2020-06-30",
    "symbol": "GEN",
    "reportedCurrency": "USD",
    "cik": "0000849399",
    "fillingDate": "2020-06-30",
    "acceptedDate": "2020-06-30 00:00:00",
    "calendarYear": "2021",
    "period": "Q1",
    "revenue": 614000000,
    "costOfRevenue": 86000000,
    "grossProfit": 528000000,
    "grossProfitRatio": 0.8599348534,
    "researchAndDevelopmentExpenses": 65000000,
    "generalAndAdministrativeExpenses": 53000000,
    "sellingAndMarketingExpenses": 145000000,
    "sellingGeneralAndAdministrativeExpenses": 198000000,
    "otherExpenses": -4000000,
    "operatingExpenses": 281000000,
    "costAndExpenses": 367000000,
    "interestIncome": 2000000,
    "interestExpense": 40000000,
    "depreciationAndAmortization": 46000000,
    "ebitda": 191000000,
    "ebitdaratio": 0.3110749186,
    "operatingIncome": 120000000,
    "operatingIncomeRatio": 0.1954397394,
    "totalOtherIncomeExpensesNet": -149000000,
    "incomeBeforeTax": 99000000,
    "incomeBeforeTaxRatio": 0.161237785,
    "incomeTaxExpense": -50000000,
    "netIncome": 118000000,
    "netIncomeRatio": 0.1921824104,
    "eps": 0.2,
    "epsdiluted": 0.19,
    "weightedAverageShsOut": 590000000,
    "weightedAverageShsOutDil": 614000000,
    "link": null,
    "finalLink": null
  },
  {
    "date": "2020-03-31",
    "symbol": "GEN",
    "reportedCurrency": "USD",
    "cik": "0000849399",
    "fillingDate": "2020-03-31",
    "acceptedDate": "2020-03-31 00:00:00",
    "calendarYear": "2020",
    "period": "Q4",
    "revenue": 614000000,
    "costOfRevenue": 97000000,
    "grossProfit": 517000000,
    "grossProfitRatio": 0.842019544,
    "researchAndDevelopmentExpenses": 70000000,
    "generalAndAdministrativeExpenses": 97000000,
    "sellingAndMarketingExpenses": 150000000,
    "sellingGeneralAndAdministrativeExpenses": 247000000,
    "otherExpenses": 263000000,
    "operatingExpenses": 335000000,
    "costAndExpenses": 432000000,
    "interestIncome": 24000000,
    "interestExpense": 50000000,
    "depreciationAndAmortization": 54000000,
    "ebitda": 361000000,
    "ebitdaratio": 0.5879478827,
    "operatingIncome": 44000000,
    "operatingIncomeRatio": 0.0716612378,
    "totalOtherIncomeExpensesNet": 73000000,
    "incomeBeforeTax": 257000000,
    "incomeBeforeTaxRatio": 0.4185667752,
    "incomeTaxExpense": 108000000,
    "netIncome": 231000000,
    "netIncomeRatio": 0.3762214984,
    "eps": 0.39,
    "epsdiluted": 0.36,
    "weightedAverageShsOut": 599000000,
    "weightedAverageShsOutDil": 639000000,
    "link": null,
    "finalLink": null
  },
  {
    "date": "2019-12-31",
    "symbol": "GEN",
    "reportedCurrency": "USD",
    "cik": "0000849399",
    "fillingDate": "2019-12-31",
    "acceptedDate": "2019-12-31 00:00:00",
    "calendarYear": "2020",
    "period": "Q3",
    "revenue": 618000000,
    "costOfRevenue": 103000000,
    "grossProfit": 515000000,
    "grossProfitRatio": 0.8333333333,
    "researchAndDevelopmentExpenses": 72000000,
    "generalAndAdministrativeExpenses": 85000000,
    "sellingAndMarketingExpenses": 178000000,
    "sellingGeneralAndAdministrativeExpenses": 263000000,
    "otherExpenses": 399000000,
    "operatingExpenses": 355000000,
    "costAndExpenses": 458000000,
    "interestIncome": 38000000,
    "interestExpense": 51000000,
    "depreciationAndAmortization": 56000000,
    "ebitda": 517000000,
    "ebitdaratio": 0.8365695793,
    "operatingIncome": 62000000,
    "operatingIncomeRatio": 0.1003236246,
    "totalOtherIncomeExpensesNet": 348000000,
    "incomeBeforeTax": 410000000,
    "incomeBeforeTaxRatio": 0.6634304207,
    "incomeTaxExpense": 57000000,
    "netIncome": 2845000000,
    "netIncomeRatio": 4.6035598706,
    "eps": 4.58,
    "epsdiluted": 4.4,
    "weightedAverageShsOut": 621000000,
    "weightedAverageShsOutDil": 647000000,
    "link": null,
    "finalLink": null
  },
  {
    "date": "2019-09-30",
    "symbol": "GEN",
    "reportedCurrency": "USD",
    "cik": "0000849399",
    "fillingDate": "2019-09-30",
    "acceptedDate": "2019-09-30 00:00:00",
    "calendarYear": "2020",
    "period": "Q2",
    "revenue": 608000000,
    "costOfRevenue": 100000000,
    "grossProfit": 508000000,
    "grossProfitRatio": 0.8355263158,
    "researchAndDevelopmentExpenses": 86000000,
    "generalAndAdministrativeExpenses": 92000000,
    "sellingAndMarketingExpenses": 189000000,
    "sellingGeneralAndAdministrativeExpenses": 281000000,
    "otherExpenses": -2000000,
    "operatingExpenses": 388000000,
    "costAndExpenses": 488000000,
    "interestIncome": 8000000,
    "interestExpense": 46000000,
    "depreciationAndAmortization": 93000000,
    "ebitda": 199000000,
    "ebitdaratio": 0.3273026316,
    "operatingIncome": 103000000,
    "operatingIncomeRatio": 0.1694078947,
    "totalOtherIncomeExpensesNet": -66000000,
    "incomeBeforeTax": 55000000,
    "incomeBeforeTaxRatio": 0.0904605263,
    "incomeTaxExpense": 20000000,
    "netIncome": 785000000,
    "netIncomeRatio": 1.2911184211,
    "eps": 1.27,
    "epsdiluted": 1.22,
    "weightedAverageShsOut": 620000000,
    "weightedAverageShsOutDil": 644000000,
    "link": null,
    "finalLink": null
  },
  {
    "date": "2019-06-30",
    "symbol": "GEN",
    "reportedCurrency": "USD",
    "cik": "0000849399",
    "fillingDate": "2019-06-30",
    "acceptedDate": "2019-06-30 00:00:00",
    "calendarYear": "2020",
    "period": "Q1",
    "revenue": 1247000000,
    "costOfRevenue": 272000000,
    "grossProfit": 975000000,
    "grossProfitRatio": 0.7818765036,
    "researchAndDevelopmentExpenses": 241000000,
    "generalAndAdministrativeExpenses": 108000000,
    "sellingAndMarketingExpenses": 393000000,
    "sellingGeneralAndAdministrativeExpenses": 501000000,
    "otherExpenses": 3000000,
    "operatingExpenses": 793000000,
    "costAndExpenses": 1065000000,
    "interestIncome": 10000000,
    "interestExpense": 49000000,
    "depreciationAndAmortization": 158000000,
    "ebitda": 340000000,
    "ebitdaratio": 0.2726543705,
    "operatingIncome": 157000000,
    "operatingIncomeRatio": 0.1259021652,
    "totalOtherIncomeExpensesNet": -45000000,
    "incomeBeforeTax": 108000000,
    "incomeBeforeTaxRatio": 0.0866078589,
    "incomeTaxExpense": 82000000,
    "netIncome": 26000000,
    "netIncomeRatio": 0.0208500401,
    "eps": 0.042,
    "epsdiluted": 0.0405,
    "weightedAverageShsOut": 619000000,
    "weightedAverageShsOutDil": 642000000,
    "link": null,
    "finalLink": null
  },
  {
    "date": "2019-03-31",
    "symbol": "GEN",
    "reportedCurrency": "USD",
    "cik": "0000849399",
    "fillingDate": "2019-03-31",
    "acceptedDate": "2019-03-31 00:00:00",
    "calendarYear": "2019",
    "period": "Q4",
    "revenue": 1189000000,
    "costOfRevenue": 279000000,
    "grossProfit": 910000000,
    "grossProfitRatio": 0.7653490328,
    "researchAndDevelopmentExpenses": 236000000,
    "generalAndAdministrativeExpenses": 102000000,
    "sellingAndMarketingExpenses": 378000000,
    "sellingGeneralAndAdministrativeExpenses": 480000000,
    "otherExpenses": -4000000,
    "operatingExpenses": 767000000,
    "costAndExpenses": 1046000000,
    "interestIncome": 13000000,
    "interestExpense": 51000000,
    "depreciationAndAmortization": 158000000,
    "ebitda": 261000000,
    "ebitdaratio": 0.2195121951,
    "operatingIncome": 107000000,
    "operatingIncomeRatio": 0.0899915896,
    "totalOtherIncomeExpensesNet": -54000000,
    "incomeBeforeTax": 52000000,
    "incomeBeforeTaxRatio": 0.0437342304,
    "incomeTaxExpense": 22000000,
    "netIncome": 34000000,
    "netIncomeRatio": 0.0285954584,
    "eps": 0.0534,
    "epsdiluted": 0.0514,
    "weightedAverageShsOut": 637000000,
    "weightedAverageShsOutDil": 662000000,
    "link": null,
    "finalLink": null
  },
  {
    "date": "2018-12-31",
    "symbol": "GEN",
    "reportedCurrency": "USD",
    "cik": "0000849399",
    "fillingDate": "2018-12-31",
    "acceptedDate": "2018-12-31 00:00:00",
    "calendarYear": "2019",
    "period": "Q3",
    "revenue": 1211000000,
    "costOfRevenue": 266000000,
    "grossProfit": 945000000,
    "grossProfitRatio": 0.7803468208,
    "researchAndDevelopmentExpenses": 209000000,
    "generalAndAdministrativeExpenses": 98000000,
    "sellingAndMarketingExpenses": 364000000,
    "sellingGeneralAndAdministrativeExpenses": 462000000,
    "otherExpenses": -19000000,
    "operatingExpenses": 723000000,
    "costAndExpenses": 989000000,
    "interestIncome": 11000000,
    "interestExpense": 53000000,
    "depreciationAndAmortization": 152000000,
    "ebitda": 302000000,
    "ebitdaratio": 0.2493806771,
    "operatingIncome": 169000000,
    "operatingIncomeRatio": 0.1395540875,
    "totalOtherIncomeExpensesNet": -121000000,
    "incomeBeforeTax": 97000000,
    "incomeBeforeTaxRatio": 0.0800990917,
    "incomeTaxExpense": 38000000,
    "netIncome": 65000000,
    "netIncomeRatio": 0.0536746491,
    "eps": 0.1,
    "epsdiluted": 0.1,
    "weightedAverageShsOut": 633333333,
    "weightedAverageShsOutDil": 637000000,
    "link": null,
    "finalLink": null
  },
  {
    "date": "2018-09-30",
    "symbol": "GEN",
    "reportedCurrency": "USD",
    "cik": "0000849399",
    "fillingDate": "2018-09-30",
    "acceptedDate": "2018-09-30 00:00:00",
    "calendarYear": "2019",
    "period": "Q2",
    "revenue": 1175000000,
    "costOfRevenue": 256000000,
    "grossProfit": 919000000,
    "grossProfitRatio": 0.7821276596,
    "researchAndDevelopmentExpenses": 231000000,
    "generalAndAdministrativeExpenses": 114000000,
    "sellingAndMarketingExpenses": 365000000,
    "sellingGeneralAndAdministrativeExpenses": 479000000,
    "otherExpenses": -22000000,
    "operatingExpenses": 761000000,
    "costAndExpenses": 1017000000,
    "interestIncome": 11000000,
    "interestExpense": 52000000,
    "depreciationAndAmortization": 153000000,
    "ebitda": 233000000,
    "ebitdaratio": 0.1982978723,
    "operatingIncome": 102000000,
    "operatingIncomeRatio": 0.0868085106,
    "totalOtherIncomeExpensesNet": -127000000,
    "incomeBeforeTax": 28000000,
    "incomeBeforeTaxRatio": 0.0238297872,
    "incomeTaxExpense": 36000000,
    "netIncome": -8000000,
    "netIncomeRatio": -0.0068085106,
    "eps": -0.0129,
    "epsdiluted": -0.0127,
    "weightedAverageShsOut": 620000000,
    "weightedAverageShsOutDil": 630000000,
    "link": null,
    "finalLink": null
  },
  {
    "date": "2018-06-30",
    "symbol": "GEN",
    "reportedCurrency": "USD",
    "cik": "0000849399",
    "fillingDate": "2018-06-30",
    "acceptedDate": "2018-06-30 00:00:00",
    "calendarYear": "2019",
    "period": "Q1",
    "revenue": 1156000000,
    "costOfRevenue": 249000000,
    "grossProfit": 907000000,
    "grossProfitRatio": 0.7846020761,
    "researchAndDevelopmentExpenses": 236000000,
    "generalAndAdministrativeExpenses": 133000000,
    "sellingAndMarketingExpenses": 388000000,
    "sellingGeneralAndAdministrativeExpenses": 521000000,
    "otherExpenses": -22000000,
    "operatingExpenses": 810000000,
    "costAndExpenses": 1059000000,
    "interestIncome": 7000000,
    "interestExpense": 52000000,
    "depreciationAndAmortization": 152000000,
    "ebitda": 135000000,
    "ebitdaratio": 0.1167820069,
    "operatingIncome": 1000000,
    "operatingIncomeRatio": 0.0008650519,
    "totalOtherIncomeExpensesNet": -125000000,
    "incomeBeforeTax": -73000000,
    "incomeBeforeTaxRatio": -0.0631487889,
    "incomeTaxExpense": -6000000,
    "netIncome": -63000000,
    "netIncomeRatio": -0.0544982699,
    "eps": -0.1,
    "epsdiluted": -0.1,
    "weightedAverageShsOut": 624000000,
    "weightedAverageShsOutDil": 624000000,
    "link": null,
    "finalLink": null
  },
  {
    "date": "2018-03-31",
    "symbol": "GEN",
    "reportedCurrency": "USD",
    "cik": "0000849399",
    "fillingDate": "2018-03-31",
    "acceptedDate": "2018-03-31 00:00:00",
    "calendarYear": "2018",
    "period": "Q4",
    "revenue": 1222000000,
    "costOfRevenue": 264000000,
    "grossProfit": 958000000,
    "grossProfitRatio": 0.7839607201,
    "researchAndDevelopmentExpenses": 258000000,
    "generalAndAdministrativeExpenses": 147000000,
    "sellingAndMarketingExpenses": 354000000,
    "sellingGeneralAndAdministrativeExpenses": 501000000,
    "otherExpenses": -5000000,
    "operatingExpenses": 813000000,
    "costAndExpenses": 1077000000,
    "interestIncome": 8000000,
    "interestExpense": 57000000,
    "depreciationAndAmortization": 196000000,
    "ebitda": 110000000,
    "ebitdaratio": 0.0900163666,
    "operatingIncome": 6000000,
    "operatingIncomeRatio": 0.0049099836,
    "totalOtherIncomeExpensesNet": -203000000,
    "incomeBeforeTax": -61000000,
    "incomeBeforeTaxRatio": -0.0499181669,
    "incomeTaxExpense": -27000000,
    "netIncome": -35000000,
    "netIncomeRatio": -0.0286415712,
    "eps": -0.0564,
    "epsdiluted": -0.0564,
    "weightedAverageShsOut": 621000000,
    "weightedAverageShsOutDil": 621000000,
    "link": null,
    "finalLink": null
  },
  {
    "date": "2017-12-31",
    "symbol": "GEN",
    "reportedCurrency": "USD",
    "cik": "0000849399",
    "fillingDate": "2017-12-31",
    "acceptedDate": "2017-12-31 00:00:00",
    "calendarYear": "2018",
    "period": "Q3",
    "revenue": 1209000000,
    "costOfRevenue": 249000000,
    "grossProfit": 960000000,
    "grossProfitRatio": 0.794044665,
    "researchAndDevelopmentExpenses": 225000000,
    "generalAndAdministrativeExpenses": 122000000,
    "sellingAndMarketingExpenses": 372000000,
    "sellingGeneralAndAdministrativeExpenses": 494000000,
    "otherExpenses": 4000000,
    "operatingExpenses": 771000000,
    "costAndExpenses": 1020000000,
    "interestIncome": 5000000,
    "interestExpense": 58000000,
    "depreciationAndAmortization": 165000000,
    "ebitda": 928000000,
    "ebitdaratio": 0.7675765095,
    "operatingIncome": 96000000,
    "operatingIncomeRatio": 0.0794044665,
    "totalOtherIncomeExpensesNet": 516000000,
    "incomeBeforeTax": 705000000,
    "incomeBeforeTaxRatio": 0.5831265509,
    "incomeTaxExpense": -606000000,
    "netIncome": 1342000000,
    "netIncomeRatio": 1.1100082713,
    "eps": 2.17,
    "epsdiluted": 2.01,
    "weightedAverageShsOut": 619000000,
    "weightedAverageShsOutDil": 667000000,
    "link": null,
    "finalLink": null
  },
  {
    "date": "2017-09-30",
    "symbol": "GEN",
    "reportedCurrency": "USD",
    "cik": "0000849399",
    "fillingDate": "2017-09-30",
    "acceptedDate": "2017-09-30 00:00:00",
    "calendarYear": "2018",
    "period": "Q2",
    "revenue": 1240000000,
    "costOfRevenue": 262000000,
    "grossProfit": 978000000,
    "grossProfitRatio": 0.7887096774,
    "researchAndDevelopmentExpenses": 241000000,
    "generalAndAdministrativeExpenses": 160000000,
    "sellingAndMarketingExpenses": 434000000,
    "sellingGeneralAndAdministrativeExpenses": 594000000,
    "otherExpenses": -8000000,
    "operatingExpenses": 890000000,
    "costAndExpenses": 1152000000,
    "interestIncome": 5000000,
    "interestExpense": 57000000,
    "depreciationAndAmortization": 170000000,
    "ebitda": 158000000,
    "ebitdaratio": 0.1274193548,
    "operatingIncome": -9000000,
    "operatingIncomeRatio": -0.0072580645,
    "totalOtherIncomeExpensesNet": -157000000,
    "incomeBeforeTax": -69000000,
    "incomeBeforeTaxRatio": -0.0556451613,
    "incomeTaxExpense": -53000000,
    "netIncome": -12000000,
    "netIncomeRatio": -0.0096774194,
    "eps": -0.0195,
    "epsdiluted": -0.0195,
    "weightedAverageShsOut": 615000000,
    "weightedAverageShsOutDil": 615000000,
    "link": null,
    "finalLink": null
  },
  {
    "date": "2017-06-30",
    "symbol": "GEN",
    "reportedCurrency": "USD",
    "cik": "0000849399",
    "fillingDate": "2017-06-30",
    "acceptedDate": "2017-06-30 00:00:00",
    "calendarYear": "2018",
    "period": "Q1",
    "revenue": 1175000000,
    "costOfRevenue": 257000000,
    "grossProfit": 918000000,
    "grossProfitRatio": 0.7812765957,
    "researchAndDevelopmentExpenses": 233000000,
    "generalAndAdministrativeExpenses": 149000000,
    "sellingAndMarketingExpenses": 433000000,
    "sellingGeneralAndAdministrativeExpenses": 582000000,
    "otherExpenses": -12000000,
    "operatingExpenses": 874000000,
    "costAndExpenses": 1131000000,
    "interestIncome": 6000000,
    "interestExpense": 84000000,
    "depreciationAndAmortization": 191000000,
    "ebitda": 141000000,
    "ebitdaratio": 0.12,
    "operatingIncome": -44000000,
    "operatingIncomeRatio": -0.0374468085,
    "totalOtherIncomeExpensesNet": -178000000,
    "incomeBeforeTax": -134000000,
    "incomeBeforeTaxRatio": -0.1140425532,
    "incomeTaxExpense": -24000000,
    "netIncome": -133000000,
    "netIncomeRatio": -0.1131914894,
    "eps": -0.22,
    "epsdiluted": -0.22,
    "weightedAverageShsOut": 609000000,
    "weightedAverageShsOutDil": 609000000,
    "link": null,
    "finalLink": null
  },
  {
    "date": "2017-03-31",
    "symbol": "GEN",
    "reportedCurrency": "USD",
    "cik": "0000849399",
    "fillingDate": "2017-03-31",
    "acceptedDate": "2017-03-31 00:00:00",
    "calendarYear": "2017",
    "period": "Q4",
    "revenue": 1115000000,
    "costOfRevenue": 259000000,
    "grossProfit": 856000000,
    "grossProfitRatio": 0.7677130045,
    "researchAndDevelopmentExpenses": 249000000,
    "generalAndAdministrativeExpenses": 204000000,
    "sellingAndMarketingExpenses": 453000000,
    "sellingGeneralAndAdministrativeExpenses": 657000000,
    "otherExpenses": -3000000,
    "operatingExpenses": 962000000,
    "costAndExpenses": 1221000000,
    "interestIncome": 7000000,
    "interestExpense": 74000000,
    "depreciationAndAmortization": 174000000,
    "ebitda": 0,
    "ebitdaratio": 0,
    "operatingIncome": -178000000,
    "operatingIncomeRatio": -0.1596412556,
    "totalOtherIncomeExpensesNet": -172000000,
    "incomeBeforeTax": -248000000,
    "incomeBeforeTaxRatio": -0.2224215247,
    "incomeTaxExpense": -71000000,
    "netIncome": -143000000,
    "netIncomeRatio": -0.1282511211,
    "eps": -0.23,
    "epsdiluted": -0.23,
    "weightedAverageShsOut": 618000000,
    "weightedAverageShsOutDil": 618000000,
    "link": null,
    "finalLink": null
  },
  {
    "date": "2016-12-31",
    "symbol": "GEN",
    "reportedCurrency": "USD",
    "cik": "0000849399",
    "fillingDate": "2016-12-31",
    "acceptedDate": "2016-12-31 00:00:00",
    "calendarYear": "2017",
    "period": "Q3",
    "revenue": 1041000000,
    "costOfRevenue": 235000000,
    "grossProfit": 806000000,
    "grossProfitRatio": 0.7742555235,
    "researchAndDevelopmentExpenses": 204000000,
    "generalAndAdministrativeExpenses": 131000000,
    "sellingAndMarketingExpenses": 377000000,
    "sellingGeneralAndAdministrativeExpenses": 508000000,
    "otherExpenses": 5000000,
    "operatingExpenses": 755000000,
    "costAndExpenses": 990000000,
    "interestIncome": 5000000,
    "interestExpense": 55000000,
    "depreciationAndAmortization": 151000000,
    "ebitda": 145000000,
    "ebitdaratio": 0.1392891451,
    "operatingIncome": -16000000,
    "operatingIncomeRatio": -0.0153698367,
    "totalOtherIncomeExpensesNet": -112000000,
    "incomeBeforeTax": -61000000,
    "incomeBeforeTaxRatio": -0.0585975024,
    "incomeTaxExpense": -5000000,
    "netIncome": 46000000,
    "netIncomeRatio": 0.0441882805,
    "eps": 0.0742,
    "epsdiluted": 0.0742,
    "weightedAverageShsOut": 620000000,
    "weightedAverageShsOutDil": 620000000,
    "link": null,
    "finalLink": null
  },
  {
    "date": "2016-09-30",
    "symbol": "GEN",
    "reportedCurrency": "USD",
    "cik": "0000849399",
    "fillingDate": "2016-09-30",
    "acceptedDate": "2016-09-30 00:00:00",
    "calendarYear": "2017",
    "period": "Q2",
    "revenue": 979000000,
    "costOfRevenue": 210000000,
    "grossProfit": 769000000,
    "grossProfitRatio": 0.7854954035,
    "researchAndDevelopmentExpenses": 200000000,
    "generalAndAdministrativeExpenses": 145000000,
    "sellingAndMarketingExpenses": 338000000,
    "sellingGeneralAndAdministrativeExpenses": 483000000,
    "otherExpenses": 10000000,
    "operatingExpenses": 717000000,
    "costAndExpenses": 927000000,
    "interestIncome": 4000000,
    "interestExpense": 52000000,
    "depreciationAndAmortization": 133000000,
    "ebitda": 135000000,
    "ebitdaratio": 0.1378958121,
    "operatingIncome": -12000000,
    "operatingIncomeRatio": -0.0122574055,
    "totalOtherIncomeExpensesNet": -102000000,
    "incomeBeforeTax": -50000000,
    "incomeBeforeTaxRatio": -0.051072523,
    "incomeTaxExpense": 19000000,
    "netIncome": -144000000,
    "netIncomeRatio": -0.1470888662,
    "eps": -0.23,
    "epsdiluted": -0.23,
    "weightedAverageShsOut": 620000000,
    "weightedAverageShsOutDil": 620000000,
    "link": null,
    "finalLink": null
  },
  {
    "date": "2016-06-30",
    "symbol": "GEN",
    "reportedCurrency": "USD",
    "cik": "0000849399",
    "fillingDate": "2016-06-30",
    "acceptedDate": "2016-06-30 00:00:00",
    "calendarYear": "2017",
    "period": "Q1",
    "revenue": 884000000,
    "costOfRevenue": 149000000,
    "grossProfit": 735000000,
    "grossProfitRatio": 0.8314479638,
    "researchAndDevelopmentExpenses": 170000000,
    "generalAndAdministrativeExpenses": 84000000,
    "sellingAndMarketingExpenses": 291000000,
    "sellingGeneralAndAdministrativeExpenses": 375000000,
    "otherExpenses": 13000000,
    "operatingExpenses": 559000000,
    "costAndExpenses": 708000000,
    "interestIncome": 5000000,
    "interestExpense": 27000000,
    "depreciationAndAmortization": 72000000,
    "ebitda": 196000000,
    "ebitdaratio": 0.221719457,
    "operatingIncome": 106000000,
    "operatingIncomeRatio": 0.1199095023,
    "totalOtherIncomeExpensesNet": -79000000,
    "incomeBeforeTax": 97000000,
    "incomeBeforeTaxRatio": 0.1097285068,
    "incomeTaxExpense": 31000000,
    "netIncome": 135000000,
    "netIncomeRatio": 0.1527149321,
    "eps": 0.22,
    "epsdiluted": 0.22,
    "weightedAverageShsOut": 613000000,
    "weightedAverageShsOutDil": 620000000,
    "link": null,
    "finalLink": null
  },
  {
    "date": "2016-03-31",
    "symbol": "GEN",
    "reportedCurrency": "USD",
    "cik": "0000849399",
    "fillingDate": "2016-03-31",
    "acceptedDate": "2016-03-31 00:00:00",
    "calendarYear": "2016",
    "period": "Q4",
    "revenue": 873000000,
    "costOfRevenue": 147000000,
    "grossProfit": 726000000,
    "grossProfitRatio": 0.8316151203,
    "researchAndDevelopmentExpenses": 177000000,
    "generalAndAdministrativeExpenses": 77000000,
    "sellingAndMarketingExpenses": 308000000,
    "sellingGeneralAndAdministrativeExpenses": 385000000,
    "otherExpenses": 3000000,
    "operatingExpenses": 578000000,
    "costAndExpenses": 725000000,
    "interestIncome": 4000000,
    "interestExpense": 19000000,
    "depreciationAndAmortization": 16000000,
    "ebitda": 171000000,
    "ebitdaratio": 0.1958762887,
    "operatingIncome": 128000000,
    "operatingIncomeRatio": 0.1466208477,
    "totalOtherIncomeExpensesNet": -32000000,
    "incomeBeforeTax": 116000000,
    "incomeBeforeTaxRatio": 0.1328751432,
    "incomeTaxExpense": 1129000000,
    "netIncome": 2045000000,
    "netIncomeRatio": 2.3424971363,
    "eps": 3.15,
    "epsdiluted": 3.15,
    "weightedAverageShsOut": 649000000,
    "weightedAverageShsOutDil": 650000000,
    "link": null,
    "finalLink": null
  },
  {
    "date": "2015-12-31",
    "symbol": "GEN",
    "reportedCurrency": "USD",
    "cik": "0000849399",
    "fillingDate": "2015-12-31",
    "acceptedDate": "2015-12-31 00:00:00",
    "calendarYear": "2016",
    "period": "Q3",
    "revenue": 909000000,
    "costOfRevenue": 150000000,
    "grossProfit": 759000000,
    "grossProfitRatio": 0.8349834983,
    "researchAndDevelopmentExpenses": 174000000,
    "generalAndAdministrativeExpenses": 68000000,
    "sellingAndMarketingExpenses": 308000000,
    "sellingGeneralAndAdministrativeExpenses": 376000000,
    "otherExpenses": -1000000,
    "operatingExpenses": 563000000,
    "costAndExpenses": 713000000,
    "interestIncome": 1000000,
    "interestExpense": 17000000,
    "depreciationAndAmortization": 22000000,
    "ebitda": 218000000,
    "ebitdaratio": 0.2398239824,
    "operatingIncome": 146000000,
    "operatingIncomeRatio": 0.1606160616,
    "totalOtherIncomeExpensesNet": -67000000,
    "incomeBeforeTax": 129000000,
    "incomeBeforeTaxRatio": 0.1419141914,
    "incomeTaxExpense": 15000000,
    "netIncome": 170000000,
    "netIncomeRatio": 0.1870187019,
    "eps": 0.26,
    "epsdiluted": 0.25,
    "weightedAverageShsOut": 665000000,
    "weightedAverageShsOutDil": 671000000,
    "link": null,
    "finalLink": null
  },
  {
    "date": "2015-09-30",
    "symbol": "GEN",
    "reportedCurrency": "USD",
    "cik": "0000849399",
    "fillingDate": "2015-09-30",
    "acceptedDate": "2015-09-30 00:00:00",
    "calendarYear": "2016",
    "period": "Q2",
    "revenue": 1498000000,
    "costOfRevenue": 264000000,
    "grossProfit": 1234000000,
    "grossProfitRatio": 0.82376502,
    "researchAndDevelopmentExpenses": 293000000,
    "generalAndAdministrativeExpenses": 94000000,
    "sellingAndMarketingExpenses": 516000000,
    "sellingGeneralAndAdministrativeExpenses": 610000000,
    "otherExpenses": 2000000,
    "operatingExpenses": 920000000,
    "costAndExpenses": 1184000000,
    "interestIncome": 3000000,
    "interestExpense": 19000000,
    "depreciationAndAmortization": 100000000,
    "ebitda": 182000000,
    "ebitdaratio": 0.1214953271,
    "operatingIncome": 203000000,
    "operatingIncomeRatio": 0.1355140187,
    "totalOtherIncomeExpensesNet": -44000000,
    "incomeBeforeTax": 189000000,
    "incomeBeforeTaxRatio": 0.1261682243,
    "incomeTaxExpense": 33000000,
    "netIncome": 156000000,
    "netIncomeRatio": 0.1041388518,
    "eps": 0.23,
    "epsdiluted": 0.23,
    "weightedAverageShsOut": 682000000,
    "weightedAverageShsOutDil": 687000000,
    "link": null,
    "finalLink": null
  },
  {
    "date": "2015-06-30",
    "symbol": "GEN",
    "reportedCurrency": "USD",
    "cik": "0000849399",
    "fillingDate": "2015-06-30",
    "acceptedDate": "2015-06-30 00:00:00",
    "calendarYear": "2016",
    "period": "Q1",
    "revenue": 1499000000,
    "costOfRevenue": 254000000,
    "grossProfit": 1245000000,
    "grossProfitRatio": 0.8305537025,
    "researchAndDevelopmentExpenses": 284000000,
    "generalAndAdministrativeExpenses": 96000000,
    "sellingAndMarketingExpenses": 521000000,
    "sellingGeneralAndAdministrativeExpenses": 617000000,
    "otherExpenses": -11000000,
    "operatingExpenses": 920000000,
    "costAndExpenses": 1174000000,
    "interestIncome": 3000000,
    "interestExpense": 20000000,
    "depreciationAndAmortization": 102000000,
    "ebitda": 157000000,
    "ebitdaratio": 0.104736491,
    "operatingIncome": 201000000,
    "operatingIncomeRatio": 0.1340893929,
    "totalOtherIncomeExpensesNet": -141000000,
    "incomeBeforeTax": 173000000,
    "incomeBeforeTaxRatio": 0.1154102735,
    "incomeTaxExpense": 56000000,
    "netIncome": 117000000,
    "netIncomeRatio": 0.0780520347,
    "eps": 0.17,
    "epsdiluted": 0.17,
    "weightedAverageShsOut": 682000000,
    "weightedAverageShsOutDil": 691000000,
    "link": null,
    "finalLink": null
  },
  {
    "date": "2015-03-31",
    "symbol": "GEN",
    "reportedCurrency": "USD",
    "cik": "0000849399",
    "fillingDate": "2015-03-31",
    "acceptedDate": "2015-03-31 00:00:00",
    "calendarYear": "2015",
    "period": "Q4",
    "revenue": 1518000000,
    "costOfRevenue": 287000000,
    "grossProfit": 1231000000,
    "grossProfitRatio": 0.8109354414,
    "researchAndDevelopmentExpenses": 293000000,
    "generalAndAdministrativeExpenses": 89000000,
    "sellingAndMarketingExpenses": 551000000,
    "sellingGeneralAndAdministrativeExpenses": 640000000,
    "otherExpenses": 7000000,
    "operatingExpenses": 958000000,
    "costAndExpenses": 1245000000,
    "interestIncome": 3000000,
    "interestExpense": 19000000,
    "depreciationAndAmortization": 105000000,
    "ebitda": 267000000,
    "ebitdaratio": 0.1758893281,
    "operatingIncome": 152000000,
    "operatingIncomeRatio": 0.1001317523,
    "totalOtherIncomeExpensesNet": 120000000,
    "incomeBeforeTax": 143000000,
    "incomeBeforeTaxRatio": 0.0942028986,
    "incomeTaxExpense": -33000000,
    "netIncome": 176000000,
    "netIncomeRatio": 0.115942029,
    "eps": 0.26,
    "epsdiluted": 0.25,
    "weightedAverageShsOut": 684000000,
    "weightedAverageShsOutDil": 693000000,
    "link": null,
    "finalLink": null
  },
  {
    "date": "2014-12-31",
    "symbol": "GEN",
    "reportedCurrency": "USD",
    "cik": "0000849399",
    "fillingDate": "2014-12-31",
    "acceptedDate": "2014-12-31 00:00:00",
    "calendarYear": "2015",
    "period": "Q3",
    "revenue": 1638000000,
    "costOfRevenue": 279000000,
    "grossProfit": 1359000000,
    "grossProfitRatio": 0.8296703297,
    "researchAndDevelopmentExpenses": 267000000,
    "generalAndAdministrativeExpenses": 94000000,
    "sellingAndMarketingExpenses": 563000000,
    "sellingGeneralAndAdministrativeExpenses": 657000000,
    "otherExpenses": 2000000,
    "operatingExpenses": 951000000,
    "costAndExpenses": 1230000000,
    "interestIncome": 3000000,
    "interestExpense": 20000000,
    "depreciationAndAmortization": 107000000,
    "ebitda": 76000000,
    "ebitdaratio": 0.0463980464,
    "operatingIncome": 327000000,
    "operatingIncomeRatio": 0.1996336996,
    "totalOtherIncomeExpensesNet": -66000000,
    "incomeBeforeTax": 312000000,
    "incomeBeforeTaxRatio": 0.1904761905,
    "incomeTaxExpense": 90000000,
    "netIncome": 222000000,
    "netIncomeRatio": 0.1355311355,
    "eps": 0.32,
    "epsdiluted": 0.32,
    "weightedAverageShsOut": 689000000,
    "weightedAverageShsOutDil": 689000000,
    "link": null,
    "finalLink": null
  },
  {
    "date": "2014-09-30",
    "symbol": "GEN",
    "reportedCurrency": "USD",
    "cik": "0000849399",
    "fillingDate": "2014-09-30",
    "acceptedDate": "2014-09-30 00:00:00",
    "calendarYear": "2015",
    "period": "Q2",
    "revenue": 1617000000,
    "costOfRevenue": 278000000,
    "grossProfit": 1339000000,
    "grossProfitRatio": 0.8280766852,
    "researchAndDevelopmentExpenses": 276000000,
    "generalAndAdministrativeExpenses": 93000000,
    "sellingAndMarketingExpenses": 565000000,
    "sellingGeneralAndAdministrativeExpenses": 658000000,
    "otherExpenses": 1000000,
    "operatingExpenses": 961000000,
    "costAndExpenses": 1239000000,
    "interestIncome": 3000000,
    "interestExpense": 19000000,
    "depreciationAndAmortization": 111000000,
    "ebitda": 463000000,
    "ebitdaratio": 0.2863327149,
    "operatingIncome": 348000000,
    "operatingIncomeRatio": 0.2152133581,
    "totalOtherIncomeExpensesNet": -15000000,
    "incomeBeforeTax": 333000000,
    "incomeBeforeTaxRatio": 0.2059369202,
    "incomeTaxExpense": 89000000,
    "netIncome": 244000000,
    "netIncomeRatio": 0.1508967223,
    "eps": 0.35,
    "epsdiluted": 0.35,
    "weightedAverageShsOut": 690000000,
    "weightedAverageShsOutDil": 696000000,
    "link": null,
    "finalLink": null
  },
  {
    "date": "2014-06-30",
    "symbol": "GEN",
    "reportedCurrency": "USD",
    "cik": "0000849399",
    "fillingDate": "2014-06-30",
    "acceptedDate": "2014-06-30 00:00:00",
    "calendarYear": "2015",
    "period": "Q1",
    "revenue": 1735000000,
    "costOfRevenue": 309000000,
    "grossProfit": 1426000000,
    "grossProfitRatio": 0.8219020173,
    "researchAndDevelopmentExpenses": 308000000,
    "generalAndAdministrativeExpenses": 103000000,
    "sellingAndMarketingExpenses": 644000000,
    "sellingGeneralAndAdministrativeExpenses": 747000000,
    "otherExpenses": 1000000,
    "operatingExpenses": 1084000000,
    "costAndExpenses": 1393000000,
    "interestIncome": 3000000,
    "interestExpense": 21000000,
    "depreciationAndAmortization": 116000000,
    "ebitda": 442000000,
    "ebitdaratio": 0.2547550432,
    "operatingIncome": 322000000,
    "operatingIncomeRatio": 0.1855907781,
    "totalOtherIncomeExpensesNet": -37000000,
    "incomeBeforeTax": 305000000,
    "incomeBeforeTaxRatio": 0.1757925072,
    "incomeTaxExpense": 69000000,
    "netIncome": 236000000,
    "netIncomeRatio": 0.1360230548,
    "eps": 0.34,
    "epsdiluted": 0.34,
    "weightedAverageShsOut": 692000000,
    "weightedAverageShsOutDil": 697000000,
    "link": null,
    "finalLink": null
  },
  {
    "date": "2014-03-31",
    "symbol": "GEN",
    "reportedCurrency": "USD",
    "cik": "0000849399",
    "fillingDate": "2014-03-31",
    "acceptedDate": "2014-03-31 00:00:00",
    "calendarYear": "2014",
    "period": "Q4",
    "revenue": 1625000000,
    "costOfRevenue": 282000000,
    "grossProfit": 1343000000,
    "grossProfitRatio": 0.8264615385,
    "researchAndDevelopmentExpenses": 277000000,
    "generalAndAdministrativeExpenses": 115000000,
    "sellingAndMarketingExpenses": 584000000,
    "sellingGeneralAndAdministrativeExpenses": 699000000,
    "otherExpenses": 8000000,
    "operatingExpenses": 1004000000,
    "costAndExpenses": 1286000000,
    "interestIncome": 3000000,
    "interestExpense": 19000000,
    "depreciationAndAmortization": 114000000,
    "ebitda": 431000000,
    "ebitdaratio": 0.2652307692,
    "operatingIncome": 306000000,
    "operatingIncomeRatio": 0.1883076923,
    "totalOtherIncomeExpensesNet": -40000000,
    "incomeBeforeTax": 298000000,
    "incomeBeforeTaxRatio": 0.1833846154,
    "incomeTaxExpense": 81000000,
    "netIncome": 217000000,
    "netIncomeRatio": 0.1335384615,
    "eps": 0.31,
    "epsdiluted": 0.31,
    "weightedAverageShsOut": 693000000,
    "weightedAverageShsOutDil": 700000000,
    "link": null,
    "finalLink": null
  },
  {
    "date": "2013-12-31",
    "symbol": "GEN",
    "reportedCurrency": "USD",
    "cik": "0000849399",
    "fillingDate": "2013-12-31",
    "acceptedDate": "2013-12-31 00:00:00",
    "calendarYear": "2014",
    "period": "Q3",
    "revenue": 1705000000,
    "costOfRevenue": 283000000,
    "grossProfit": 1422000000,
    "grossProfitRatio": 0.8340175953,
    "researchAndDevelopmentExpenses": 252000000,
    "generalAndAdministrativeExpenses": 97000000,
    "sellingAndMarketingExpenses": 608000000,
    "sellingGeneralAndAdministrativeExpenses": 705000000,
    "otherExpenses": -1000000,
    "operatingExpenses": 985000000,
    "costAndExpenses": 1268000000,
    "interestIncome": 3000000,
    "interestExpense": 20000000,
    "depreciationAndAmortization": 110000000,
    "ebitda": 517000000,
    "ebitdaratio": 0.3032258065,
    "operatingIncome": 405000000,
    "operatingIncomeRatio": 0.2375366569,
    "totalOtherIncomeExpensesNet": -47000000,
    "incomeBeforeTax": 387000000,
    "incomeBeforeTaxRatio": 0.2269794721,
    "incomeTaxExpense": 104000000,
    "netIncome": 283000000,
    "netIncomeRatio": 0.1659824047,
    "eps": 0.41,
    "epsdiluted": 0.4,
    "weightedAverageShsOut": 696000000,
    "weightedAverageShsOutDil": 702000000,
    "link": null,
    "finalLink": null
  },
  {
    "date": "2013-09-30",
    "symbol": "GEN",
    "reportedCurrency": "USD",
    "cik": "0000849399",
    "fillingDate": "2013-09-30",
    "acceptedDate": "2013-09-30 00:00:00",
    "calendarYear": "2014",
    "period": "Q2",
    "revenue": 1637000000,
    "costOfRevenue": 284000000,
    "grossProfit": 1353000000,
    "grossProfitRatio": 0.826511912,
    "researchAndDevelopmentExpenses": 248000000,
    "generalAndAdministrativeExpenses": 114000000,
    "sellingAndMarketingExpenses": 592000000,
    "sellingGeneralAndAdministrativeExpenses": 706000000,
    "otherExpenses": 20000000,
    "operatingExpenses": 983000000,
    "costAndExpenses": 1267000000,
    "interestIncome": 3000000,
    "interestExpense": 20000000,
    "depreciationAndAmortization": 111000000,
    "ebitda": 382000000,
    "ebitdaratio": 0.2333536958,
    "operatingIncome": 248000000,
    "operatingIncomeRatio": 0.1514966402,
    "totalOtherIncomeExpensesNet": -119000000,
    "incomeBeforeTax": 251000000,
    "incomeBeforeTaxRatio": 0.1533292608,
    "incomeTaxExpense": 10000000,
    "netIncome": 241000000,
    "netIncomeRatio": 0.1472205254,
    "eps": 0.34,
    "epsdiluted": 0.34,
    "weightedAverageShsOut": 699000000,
    "weightedAverageShsOutDil": 707000000,
    "link": null,
    "finalLink": null
  },
  {
    "date": "2013-06-30",
    "symbol": "GEN",
    "reportedCurrency": "USD",
    "cik": "0000849399",
    "fillingDate": "2013-06-30",
    "acceptedDate": "2013-06-30 00:00:00",
    "calendarYear": "2014",
    "period": "Q1",
    "revenue": 1709000000,
    "costOfRevenue": 300000000,
    "grossProfit": 1409000000,
    "grossProfitRatio": 0.8244587478,
    "researchAndDevelopmentExpenses": 261000000,
    "generalAndAdministrativeExpenses": 119000000,
    "sellingAndMarketingExpenses": 651000000,
    "sellingGeneralAndAdministrativeExpenses": 770000000,
    "otherExpenses": 18000000,
    "operatingExpenses": 1102000000,
    "costAndExpenses": 1402000000,
    "interestIncome": 3000000,
    "interestExpense": 25000000,
    "depreciationAndAmortization": 156000000,
    "ebitda": 401000000,
    "ebitdaratio": 0.2346401404,
    "operatingIncome": 224000000,
    "operatingIncomeRatio": 0.1310708016,
    "totalOtherIncomeExpensesNet": -85000000,
    "incomeBeforeTax": 220000000,
    "incomeBeforeTaxRatio": 0.1287302516,
    "incomeTaxExpense": 63000000,
    "netIncome": 157000000,
    "netIncomeRatio": 0.0918665886,
    "eps": 0.23,
    "epsdiluted": 0.22,
    "weightedAverageShsOut": 697000000,
    "weightedAverageShsOutDil": 707000000,
    "link": null,
    "finalLink": null
  },
  {
    "date": "2013-03-31",
    "symbol": "GEN",
    "reportedCurrency": "USD",
    "cik": "0000849399",
    "fillingDate": "2013-03-31",
    "acceptedDate": "2013-03-31 00:00:00",
    "calendarYear": "2013",
    "period": "Q4",
    "revenue": 1748000000,
    "costOfRevenue": 308000000,
    "grossProfit": 1440000000,
    "grossProfitRatio": 0.823798627,
    "researchAndDevelopmentExpenses": 267000000,
    "generalAndAdministrativeExpenses": 114000000,
    "sellingAndMarketingExpenses": 697000000,
    "sellingGeneralAndAdministrativeExpenses": 811000000,
    "otherExpenses": 12000000,
    "operatingExpenses": 1149000000,
    "costAndExpenses": 1457000000,
    "interestIncome": 3000000,
    "interestExpense": 37000000,
    "depreciationAndAmortization": 157000000,
    "ebitda": 423000000,
    "ebitdaratio": 0.2419908467,
    "operatingIncome": 251000000,
    "operatingIncomeRatio": 0.1435926773,
    "totalOtherIncomeExpensesNet": -66000000,
    "incomeBeforeTax": 229000000,
    "incomeBeforeTaxRatio": 0.131006865,
    "incomeTaxExpense": 41000000,
    "netIncome": 188000000,
    "netIncomeRatio": 0.1075514874,
    "eps": 0.27,
    "epsdiluted": 0.26,
    "weightedAverageShsOut": 693000000,
    "weightedAverageShsOutDil": 714000000,
    "link": null,
    "finalLink": null
  },
  {
    "date": "2012-12-31",
    "symbol": "GEN",
    "reportedCurrency": "USD",
    "cik": "0000849399",
    "fillingDate": "2012-12-31",
    "acceptedDate": "2012-12-31 00:00:00",
    "calendarYear": "2013",
    "period": "Q3",
    "revenue": 1791000000,
    "costOfRevenue": 299000000,
    "grossProfit": 1492000000,
    "grossProfitRatio": 0.8330541597,
    "researchAndDevelopmentExpenses": 249000000,
    "generalAndAdministrativeExpenses": 117000000,
    "sellingAndMarketingExpenses": 730000000,
    "sellingGeneralAndAdministrativeExpenses": 847000000,
    "otherExpenses": 20000000,
    "operatingExpenses": 1167000000,
    "costAndExpenses": 1466000000,
    "interestIncome": 4000000,
    "interestExpense": 38000000,
    "depreciationAndAmortization": 159000000,
    "ebitda": 487000000,
    "ebitdaratio": 0.2719151312,
    "operatingIncome": 298000000,
    "operatingIncomeRatio": 0.166387493,
    "totalOtherIncomeExpensesNet": -41000000,
    "incomeBeforeTax": 284000000,
    "incomeBeforeTaxRatio": 0.1585706309,
    "incomeTaxExpense": 72000000,
    "netIncome": 212000000,
    "netIncomeRatio": 0.1183696259,
    "eps": 0.31,
    "epsdiluted": 0.3,
    "weightedAverageShsOut": 693000000,
    "weightedAverageShsOutDil": 702000000,
    "link": null,
    "finalLink": null
  },
  {
    "date": "2012-09-30",
    "symbol": "GEN",
    "reportedCurrency": "USD",
    "cik": "0000849399",
    "fillingDate": "2012-09-30",
    "acceptedDate": "2012-09-30 00:00:00",
    "calendarYear": "2013",
    "period": "Q2",
    "revenue": 1699000000,
    "costOfRevenue": 284000000,
    "grossProfit": 1415000000,
    "grossProfitRatio": 0.8328428487,
    "researchAndDevelopmentExpenses": 247000000,
    "generalAndAdministrativeExpenses": 109000000,
    "sellingAndMarketingExpenses": 659000000,
    "sellingGeneralAndAdministrativeExpenses": 768000000,
    "otherExpenses": 1000000,
    "operatingExpenses": 1087000000,
    "costAndExpenses": 1371000000,
    "interestIncome": 2000000,
    "interestExpense": 35000000,
    "depreciationAndAmortization": 160000000,
    "ebitda": 462000000,
    "ebitdaratio": 0.2719246616,
    "operatingIncome": 305000000,
    "operatingIncomeRatio": 0.1795173632,
    "totalOtherIncomeExpensesNet": -32000000,
    "incomeBeforeTax": 273000000,
    "incomeBeforeTaxRatio": 0.1606827546,
    "incomeTaxExpense": 80000000,
    "netIncome": 193000000,
    "netIncomeRatio": 0.1135962331,
    "eps": 0.27,
    "epsdiluted": 0.27,
    "weightedAverageShsOut": 702000000,
    "weightedAverageShsOutDil": 708000000,
    "link": null,
    "finalLink": null
  },
  {
    "date": "2012-06-30",
    "symbol": "GEN",
    "reportedCurrency": "USD",
    "cik": "0000849399",
    "fillingDate": "2012-06-30",
    "acceptedDate": "2012-06-30 00:00:00",
    "calendarYear": "2013",
    "period": "Q1",
    "revenue": 1668000000,
    "costOfRevenue": 284000000,
    "grossProfit": 1384000000,
    "grossProfitRatio": 0.829736211,
    "researchAndDevelopmentExpenses": 249000000,
    "generalAndAdministrativeExpenses": 110000000,
    "sellingAndMarketingExpenses": 649000000,
    "sellingGeneralAndAdministrativeExpenses": 759000000,
    "otherExpenses": -6000000,
    "operatingExpenses": 1080000000,
    "costAndExpenses": 1364000000,
    "interestIncome": 3000000,
    "interestExpense": 29000000,
    "depreciationAndAmortization": 162000000,
    "ebitda": 407000000,
    "ebitdaratio": 0.2440047962,
    "operatingIncome": 269000000,
    "operatingIncomeRatio": 0.1612709832,
    "totalOtherIncomeExpensesNet": -51000000,
    "incomeBeforeTax": 237000000,
    "incomeBeforeTaxRatio": 0.1420863309,
    "incomeTaxExpense": 65000000,
    "netIncome": 172000000,
    "netIncomeRatio": 0.103117506,
    "eps": 0.24,
    "epsdiluted": 0.24,
    "weightedAverageShsOut": 716000000,
    "weightedAverageShsOutDil": 720000000,
    "link": null,
    "finalLink": null
  },
  {
    "date": "2012-03-31",
    "symbol": "GEN",
    "reportedCurrency": "USD",
    "cik": "0000849399",
    "fillingDate": "2012-03-31",
    "acceptedDate": "2012-03-31 00:00:00",
    "calendarYear": "2012",
    "period": "Q4",
    "revenue": 1681000000,
    "costOfRevenue": 287000000,
    "grossProfit": 1394000000,
    "grossProfitRatio": 0.8292682927,
    "researchAndDevelopmentExpenses": 241000000,
    "generalAndAdministrativeExpenses": 113000000,
    "sellingAndMarketingExpenses": 741000000,
    "sellingGeneralAndAdministrativeExpenses": 854000000,
    "otherExpenses": 72000000,
    "operatingExpenses": 1167000000,
    "costAndExpenses": 1454000000,
    "interestIncome": 3000000,
    "interestExpense": 28000000,
    "depreciationAndAmortization": 169000000,
    "ebitda": 372000000,
    "ebitdaratio": 0.2212968471,
    "operatingIncome": 192000000,
    "operatingIncomeRatio": 0.1142177275,
    "totalOtherIncomeExpensesNet": 472000000,
    "incomeBeforeTax": 664000000,
    "incomeBeforeTaxRatio": 0.3950029744,
    "incomeTaxExpense": 132000000,
    "netIncome": 559000000,
    "netIncomeRatio": 0.3325401547,
    "eps": 0.78,
    "epsdiluted": 0.78,
    "weightedAverageShsOut": 716000000,
    "weightedAverageShsOutDil": 720000000,
    "link": null,
    "finalLink": null
  },
  {
    "date": "2011-12-31",
    "symbol": "GEN",
    "reportedCurrency": "USD",
    "cik": "0000849399",
    "fillingDate": "2011-12-31",
    "acceptedDate": "2011-12-31 00:00:00",
    "calendarYear": "2012",
    "period": "Q3",
    "revenue": 1715000000,
    "costOfRevenue": 271000000,
    "grossProfit": 1444000000,
    "grossProfitRatio": 0.8419825073,
    "researchAndDevelopmentExpenses": 242000000,
    "generalAndAdministrativeExpenses": 113000000,
    "sellingAndMarketingExpenses": 711000000,
    "sellingGeneralAndAdministrativeExpenses": 824000000,
    "otherExpenses": 73000000,
    "operatingExpenses": 1139000000,
    "costAndExpenses": 1410000000,
    "interestIncome": 2000000,
    "interestExpense": 27000000,
    "depreciationAndAmortization": 162000000,
    "ebitda": 461000000,
    "ebitdaratio": 0.2688046647,
    "operatingIncome": 300000000,
    "operatingIncomeRatio": 0.1749271137,
    "totalOtherIncomeExpensesNet": -27000000,
    "incomeBeforeTax": 273000000,
    "incomeBeforeTaxRatio": 0.1591836735,
    "incomeTaxExpense": 32000000,
    "netIncome": 240000000,
    "netIncomeRatio": 0.139941691,
    "eps": 0.33,
    "epsdiluted": 0.32,
    "weightedAverageShsOut": 734000000,
    "weightedAverageShsOutDil": 740000000,
    "link": null,
    "finalLink": null
  },
  {
    "date": "2011-09-30",
    "symbol": "GEN",
    "reportedCurrency": "USD",
    "cik": "0000849399",
    "fillingDate": "2011-09-30",
    "acceptedDate": "2011-09-30 00:00:00",
    "calendarYear": "2012",
    "period": "Q2",
    "revenue": 1681000000,
    "costOfRevenue": 265000000,
    "grossProfit": 1416000000,
    "grossProfitRatio": 0.8423557406,
    "researchAndDevelopmentExpenses": 247000000,
    "generalAndAdministrativeExpenses": 106000000,
    "sellingAndMarketingExpenses": 697000000,
    "sellingGeneralAndAdministrativeExpenses": 803000000,
    "otherExpenses": 73000000,
    "operatingExpenses": 1123000000,
    "costAndExpenses": 1388000000,
    "interestIncome": 4000000,
    "interestExpense": 28000000,
    "depreciationAndAmortization": 164000000,
    "ebitda": 461000000,
    "ebitdaratio": 0.2742415229,
    "operatingIncome": 285000000,
    "operatingIncomeRatio": 0.1695419393,
    "totalOtherIncomeExpensesNet": -36000000,
    "incomeBeforeTax": 263000000,
    "incomeBeforeTaxRatio": 0.1564544914,
    "incomeTaxExpense": 67000000,
    "netIncome": 182000000,
    "netIncomeRatio": 0.1082688876,
    "eps": 0.24,
    "epsdiluted": 0.24,
    "weightedAverageShsOut": 745000000,
    "weightedAverageShsOutDil": 751000000,
    "link": null,
    "finalLink": null
  },
  {
    "date": "2011-06-30",
    "symbol": "GEN",
    "reportedCurrency": "USD",
    "cik": "0000849399",
    "fillingDate": "2011-06-30",
    "acceptedDate": "2011-06-30 00:00:00",
    "calendarYear": "2012",
    "period": "Q1",
    "revenue": 1653000000,
    "costOfRevenue": 259000000,
    "grossProfit": 1394000000,
    "grossProfitRatio": 0.8433151845,
    "researchAndDevelopmentExpenses": 239000000,
    "generalAndAdministrativeExpenses": 105000000,
    "sellingAndMarketingExpenses": 665000000,
    "sellingGeneralAndAdministrativeExpenses": 770000000,
    "otherExpenses": 71000000,
    "operatingExpenses": 1080000000,
    "costAndExpenses": 1339000000,
    "interestIncome": 4000000,
    "interestExpense": 32000000,
    "depreciationAndAmortization": 161000000,
    "ebitda": 450000000,
    "ebitdaratio": 0.2722323049,
    "operatingIncome": 283000000,
    "operatingIncomeRatio": 0.1712038717,
    "totalOtherIncomeExpensesNet": -45000000,
    "incomeBeforeTax": 251000000,
    "incomeBeforeTaxRatio": 0.1518451301,
    "incomeTaxExpense": 67000000,
    "netIncome": 172000000,
    "netIncomeRatio": 0.1040532365,
    "eps": 0.23,
    "epsdiluted": 0.22,
    "weightedAverageShsOut": 755000000,
    "weightedAverageShsOutDil": 765000000,
    "link": null,
    "finalLink": null
  },
  {
    "date": "2011-03-31",
    "symbol": "GEN",
    "reportedCurrency": "USD",
    "cik": "0000849399",
    "fillingDate": "2011-03-31",
    "acceptedDate": "2011-03-31 00:00:00",
    "calendarYear": "2011",
    "period": "Q4",
    "revenue": 1673000000,
    "costOfRevenue": 270000000,
    "grossProfit": 1403000000,
    "grossProfitRatio": 0.8386132696,
    "researchAndDevelopmentExpenses": 226000000,
    "generalAndAdministrativeExpenses": 101000000,
    "sellingAndMarketingExpenses": 733000000,
    "sellingGeneralAndAdministrativeExpenses": 834000000,
    "otherExpenses": 72000000,
    "operatingExpenses": 1132000000,
    "costAndExpenses": 1402000000,
    "interestIncome": 3000000,
    "interestExpense": 37000000,
    "depreciationAndAmortization": 161000000,
    "ebitda": 404000000,
    "ebitdaratio": 0.241482367,
    "operatingIncome": 239000000,
    "operatingIncomeRatio": 0.1428571429,
    "totalOtherIncomeExpensesNet": -33000000,
    "incomeBeforeTax": 206000000,
    "incomeBeforeTaxRatio": 0.123132098,
    "incomeTaxExpense": 30000000,
    "netIncome": 168000000,
    "netIncomeRatio": 0.10041841,
    "eps": 0.22,
    "epsdiluted": 0.22,
    "weightedAverageShsOut": 755000000,
    "weightedAverageShsOutDil": 765000000,
    "link": null,
    "finalLink": null
  },
  {
    "date": "2010-12-31",
    "symbol": "GEN",
    "reportedCurrency": "USD",
    "cik": "0000849399",
    "fillingDate": "2010-12-31",
    "acceptedDate": "2010-12-31 00:00:00",
    "calendarYear": "2011",
    "period": "Q3",
    "revenue": 1604000000,
    "costOfRevenue": 264000000,
    "grossProfit": 1340000000,
    "grossProfitRatio": 0.8354114713,
    "researchAndDevelopmentExpenses": 220000000,
    "generalAndAdministrativeExpenses": 97000000,
    "sellingAndMarketingExpenses": 704000000,
    "sellingGeneralAndAdministrativeExpenses": 801000000,
    "otherExpenses": 70000000,
    "operatingExpenses": 1091000000,
    "costAndExpenses": 1355000000,
    "interestIncome": 3000000,
    "interestExpense": 37000000,
    "depreciationAndAmortization": 70000000,
    "ebitda": 377000000,
    "ebitdaratio": 0.2350374065,
    "operatingIncome": 229000000,
    "operatingIncomeRatio": 0.1427680798,
    "totalOtherIncomeExpensesNet": -52000000,
    "incomeBeforeTax": 177000000,
    "incomeBeforeTaxRatio": 0.1103491272,
    "incomeTaxExpense": 35000000,
    "netIncome": 132000000,
    "netIncomeRatio": 0.0822942643,
    "eps": 0.17,
    "epsdiluted": 0.17,
    "weightedAverageShsOut": 770000000,
    "weightedAverageShsOutDil": 778000000,
    "link": null,
    "finalLink": null
  },
  {
    "date": "2010-09-30",
    "symbol": "GEN",
    "reportedCurrency": "USD",
    "cik": "0000849399",
    "fillingDate": "2010-09-30",
    "acceptedDate": "2010-09-30 00:00:00",
    "calendarYear": "2011",
    "period": "Q2",
    "revenue": 1480000000,
    "costOfRevenue": 246000000,
    "grossProfit": 1234000000,
    "grossProfitRatio": 0.8337837838,
    "researchAndDevelopmentExpenses": 208000000,
    "generalAndAdministrativeExpenses": 100000000,
    "sellingAndMarketingExpenses": 612000000,
    "sellingGeneralAndAdministrativeExpenses": 712000000,
    "otherExpenses": 67000000,
    "operatingExpenses": 987000000,
    "costAndExpenses": 1233000000,
    "interestIncome": 2000000,
    "interestExpense": 36000000,
    "depreciationAndAmortization": 67000000,
    "ebitda": 374000000,
    "ebitdaratio": 0.2527027027,
    "operatingIncome": 218000000,
    "operatingIncomeRatio": 0.1472972973,
    "totalOtherIncomeExpensesNet": -36000000,
    "incomeBeforeTax": 182000000,
    "incomeBeforeTaxRatio": 0.122972973,
    "incomeTaxExpense": 44000000,
    "netIncome": 136000000,
    "netIncomeRatio": 0.0918918919,
    "eps": 0.17,
    "epsdiluted": 0.17,
    "weightedAverageShsOut": 782000000,
    "weightedAverageShsOutDil": 786000000,
    "link": null,
    "finalLink": null
  },
  {
    "date": "2010-06-30",
    "symbol": "GEN",
    "reportedCurrency": "USD",
    "cik": "0000849399",
    "fillingDate": "2010-06-30",
    "acceptedDate": "2010-06-30 00:00:00",
    "calendarYear": "2011",
    "period": "Q1",
    "revenue": 1433000000,
    "costOfRevenue": 265000000,
    "grossProfit": 1168000000,
    "grossProfitRatio": 0.8150732729,
    "researchAndDevelopmentExpenses": 208000000,
    "generalAndAdministrativeExpenses": 92000000,
    "sellingAndMarketingExpenses": 573000000,
    "sellingGeneralAndAdministrativeExpenses": 665000000,
    "otherExpenses": 61000000,
    "operatingExpenses": 934000000,
    "costAndExpenses": 1199000000,
    "interestIncome": 2000000,
    "interestExpense": 33000000,
    "depreciationAndAmortization": 61000000,
    "ebitda": 364000000,
    "ebitdaratio": 0.2540125611,
    "operatingIncome": 194000000,
    "operatingIncomeRatio": 0.135380321,
    "totalOtherIncomeExpensesNet": -30000000,
    "incomeBeforeTax": 164000000,
    "incomeBeforeTaxRatio": 0.1144452198,
    "incomeTaxExpense": 4000000,
    "netIncome": 161000000,
    "netIncomeRatio": 0.1123517097,
    "eps": 0.2,
    "epsdiluted": 0.2,
    "weightedAverageShsOut": 796000000,
    "weightedAverageShsOutDil": 805000000,
    "link": null,
    "finalLink": null
  },
  {
    "date": "2010-03-31",
    "symbol": "GEN",
    "reportedCurrency": "USD",
    "cik": "0000849399",
    "fillingDate": "2010-03-31",
    "acceptedDate": "2010-03-31 00:00:00",
    "calendarYear": "2010",
    "period": "Q4",
    "revenue": 1531000000,
    "costOfRevenue": 276000000,
    "grossProfit": 1255000000,
    "grossProfitRatio": 0.8197256695,
    "researchAndDevelopmentExpenses": 216000000,
    "generalAndAdministrativeExpenses": 87000000,
    "sellingAndMarketingExpenses": 597000000,
    "sellingGeneralAndAdministrativeExpenses": 684000000,
    "otherExpenses": 61000000,
    "operatingExpenses": 961000000,
    "costAndExpenses": 1237000000,
    "interestIncome": 2000000,
    "interestExpense": 33000000,
    "depreciationAndAmortization": 274000000,
    "ebitda": 526000000,
    "ebitdaratio": 0.3435662965,
    "operatingIncome": 247000000,
    "operatingIncomeRatio": 0.1613324624,
    "totalOtherIncomeExpensesNet": -28000000,
    "incomeBeforeTax": 219000000,
    "incomeBeforeTaxRatio": 0.1430437622,
    "incomeTaxExpense": 26000000,
    "netIncome": 191000000,
    "netIncomeRatio": 0.1247550621,
    "eps": 0.24,
    "epsdiluted": 0.24,
    "weightedAverageShsOut": 796000000,
    "weightedAverageShsOutDil": 805000000,
    "link": null,
    "finalLink": null
  },
  {
    "date": "2009-12-31",
    "symbol": "GEN",
    "reportedCurrency": "USD",
    "cik": "0000849399",
    "fillingDate": "2009-12-31",
    "acceptedDate": "2009-12-31 00:00:00",
    "calendarYear": "2010",
    "period": "Q3",
    "revenue": 1548000000,
    "costOfRevenue": 258000000,
    "grossProfit": 1290000000,
    "grossProfitRatio": 0.8333333333,
    "researchAndDevelopmentExpenses": 210000000,
    "generalAndAdministrativeExpenses": 92000000,
    "sellingAndMarketingExpenses": 635000000,
    "sellingGeneralAndAdministrativeExpenses": 727000000,
    "otherExpenses": 61000000,
    "operatingExpenses": 998000000,
    "costAndExpenses": 1256000000,
    "interestIncome": 1000000,
    "interestExpense": 33000000,
    "depreciationAndAmortization": 194000000,
    "ebitda": 439000000,
    "ebitdaratio": 0.2835917313,
    "operatingIncome": 277000000,
    "operatingIncomeRatio": 0.1789405685,
    "totalOtherIncomeExpensesNet": 12000000,
    "incomeBeforeTax": 289000000,
    "incomeBeforeTaxRatio": 0.1866925065,
    "incomeTaxExpense": -23000000,
    "netIncome": 300000000,
    "netIncomeRatio": 0.1937984496,
    "eps": 0.37,
    "epsdiluted": 0.37,
    "weightedAverageShsOut": 809000000,
    "weightedAverageShsOutDil": 819000000,
    "link": null,
    "finalLink": null
  },
  {
    "date": "2009-09-30",
    "symbol": "GEN",
    "reportedCurrency": "USD",
    "cik": "0000849399",
    "fillingDate": "2009-09-30",
    "acceptedDate": "2009-09-30 00:00:00",
    "calendarYear": "2010",
    "period": "Q2",
    "revenue": 1474000000,
    "costOfRevenue": 259000000,
    "grossProfit": 1215000000,
    "grossProfitRatio": 0.8242876526,
    "researchAndDevelopmentExpenses": 210000000,
    "generalAndAdministrativeExpenses": 84000000,
    "sellingAndMarketingExpenses": 576000000,
    "sellingGeneralAndAdministrativeExpenses": 660000000,
    "otherExpenses": 63000000,
    "operatingExpenses": 933000000,
    "costAndExpenses": 1192000000,
    "interestIncome": 1000000,
    "interestExpense": 31000000,
    "depreciationAndAmortization": 200000000,
    "ebitda": 323000000,
    "ebitdaratio": 0.2191316147,
    "operatingIncome": 257000000,
    "operatingIncomeRatio": 0.1743554953,
    "totalOtherIncomeExpensesNet": -28000000,
    "incomeBeforeTax": 229000000,
    "incomeBeforeTaxRatio": 0.1553595658,
    "incomeTaxExpense": 67000000,
    "netIncome": 150000000,
    "netIncomeRatio": 0.1017639077,
    "eps": 0.18,
    "epsdiluted": 0.18,
    "weightedAverageShsOut": 812000000,
    "weightedAverageShsOutDil": 819000000,
    "link": null,
    "finalLink": null
  },
  {
    "date": "2009-06-30",
    "symbol": "GEN",
    "reportedCurrency": "USD",
    "cik": "0000849399",
    "fillingDate": "2009-06-30",
    "acceptedDate": "2009-06-30 00:00:00",
    "calendarYear": "2010",
    "period": "Q1",
    "revenue": 1432000000,
    "costOfRevenue": 312000000,
    "grossProfit": 1120000000,
    "grossProfitRatio": 0.782122905,
    "researchAndDevelopmentExpenses": 221000000,
    "generalAndAdministrativeExpenses": 89000000,
    "sellingAndMarketingExpenses": 559000000,
    "sellingGeneralAndAdministrativeExpenses": 648000000,
    "otherExpenses": 62000000,
    "operatingExpenses": 931000000,
    "costAndExpenses": 1243000000,
    "interestIncome": 2000000,
    "interestExpense": 32000000,
    "depreciationAndAmortization": 246000000,
    "ebitda": 222000000,
    "ebitdaratio": 0.155027933,
    "operatingIncome": 152000000,
    "operatingIncomeRatio": 0.1061452514,
    "totalOtherIncomeExpensesNet": -24000000,
    "incomeBeforeTax": 128000000,
    "incomeBeforeTaxRatio": 0.0893854749,
    "incomeTaxExpense": 42000000,
    "netIncome": 73000000,
    "netIncomeRatio": 0.0509776536,
    "eps": 0.0895,
    "epsdiluted": 0.0883,
    "weightedAverageShsOut": 816000000,
    "weightedAverageShsOutDil": 827000000,
    "link": null,
    "finalLink": null
  },
  {
    "date": "2009-03-31",
    "symbol": "GEN",
    "reportedCurrency": "USD",
    "cik": "0000849399",
    "fillingDate": "2009-03-31",
    "acceptedDate": "2009-03-31 00:00:00",
    "calendarYear": "2009",
    "period": "Q4",
    "revenue": 1467568000,
    "costOfRevenue": 307039000,
    "grossProfit": 1160529000,
    "grossProfitRatio": 0.7907838001,
    "researchAndDevelopmentExpenses": 224517000,
    "generalAndAdministrativeExpenses": 0,
    "sellingAndMarketingExpenses": 0,
    "sellingGeneralAndAdministrativeExpenses": 627170000,
    "otherExpenses": -6986971000,
    "operatingExpenses": -6135284000,
    "costAndExpenses": -5828245000,
    "interestIncome": 0,
    "interestExpense": 445343000,
    "depreciationAndAmortization": 210956000,
    "ebitda": -8576000,
    "ebitdaratio": -0.0058436815,
    "operatingIncome": -192369000,
    "operatingIncomeRatio": -0.1310801271,
    "totalOtherIncomeExpensesNet": -4170000,
    "incomeBeforeTax": -196539000,
    "incomeBeforeTaxRatio": -0.1339215627,
    "incomeTaxExpense": 33175000,
    "netIncome": -249378000,
    "netIncomeRatio": -0.1699260273,
    "eps": -0.31,
    "epsdiluted": -0.3,
    "weightedAverageShsOut": 816000000,
    "weightedAverageShsOutDil": 827000000,
    "link": null,
    "finalLink": null
  },
  {
    "date": "2008-12-31",
    "symbol": "GEN",
    "reportedCurrency": "USD",
    "cik": "0000849399",
    "fillingDate": "2008-12-31",
    "acceptedDate": "2008-12-31 00:00:00",
    "calendarYear": "2009",
    "period": "Q3",
    "revenue": 1513954000,
    "costOfRevenue": 298836000,
    "grossProfit": 1215118000,
    "grossProfitRatio": 0.8026122326,
    "researchAndDevelopmentExpenses": 204701000,
    "generalAndAdministrativeExpenses": 0,
    "sellingAndMarketingExpenses": 0,
    "sellingGeneralAndAdministrativeExpenses": 664216000,
    "otherExpenses": 7073298000,
    "operatingExpenses": 7942215000,
    "costAndExpenses": 8241051000,
    "interestIncome": 5000000,
    "interestExpense": 7089425000,
    "depreciationAndAmortization": 214835000,
    "ebitda": -6537567000,
    "ebitdaratio": -4.3182071582,
    "operatingIncome": -6772902000,
    "operatingIncomeRatio": -4.4736511149,
    "totalOtherIncomeExpensesNet": -9000000,
    "incomeBeforeTax": -6758166000,
    "incomeBeforeTaxRatio": -4.463917662,
    "incomeTaxExpense": 31620000,
    "netIncome": -6806257000,
    "netIncomeRatio": -4.4956828279,
    "eps": -8.23,
    "epsdiluted": -8.23,
    "weightedAverageShsOut": 827000000,
    "weightedAverageShsOutDil": 827000000,
    "link": null,
    "finalLink": null
  },
  {
    "date": "2008-09-30",
    "symbol": "GEN",
    "reportedCurrency": "USD",
    "cik": "0000849399",
    "fillingDate": "2008-09-30",
    "acceptedDate": "2008-09-30 00:00:00",
    "calendarYear": "2009",
    "period": "Q2",
    "revenue": 1518010000,
    "costOfRevenue": 309070000,
    "grossProfit": 1208940000,
    "grossProfitRatio": 0.7963979157,
    "researchAndDevelopmentExpenses": 219049000,
    "generalAndAdministrativeExpenses": 0,
    "sellingAndMarketingExpenses": 0,
    "sellingGeneralAndAdministrativeExpenses": 681821000,
    "otherExpenses": 81855000,
    "operatingExpenses": 982725000,
    "costAndExpenses": 1291795000,
    "interestIncome": 0,
    "interestExpense": 68504000,
    "depreciationAndAmortization": 211511000,
    "ebitda": 437782000,
    "ebitdaratio": 0.2883920396,
    "operatingIncome": 216425000,
    "operatingIncomeRatio": 0.1425715246,
    "totalOtherIncomeExpensesNet": -3192000,
    "incomeBeforeTax": 213233000,
    "incomeBeforeTaxRatio": 0.1404687716,
    "incomeTaxExpense": 62414000,
    "netIncome": 140073000,
    "netIncomeRatio": 0.0922740957,
    "eps": 0.17,
    "epsdiluted": 0.16,
    "weightedAverageShsOut": 838489000,
    "weightedAverageShsOutDil": 852334000,
    "link": null,
    "finalLink": null
  },
  {
    "date": "2008-06-30",
    "symbol": "GEN",
    "reportedCurrency": "USD",
    "cik": "0000849399",
    "fillingDate": "2008-06-30",
    "acceptedDate": "2008-06-30 00:00:00",
    "calendarYear": "2009",
    "period": "Q1",
    "revenue": 1650322000,
    "costOfRevenue": 311982000,
    "grossProfit": 1338340000,
    "grossProfitRatio": 0.810956892,
    "researchAndDevelopmentExpenses": 231435000,
    "generalAndAdministrativeExpenses": 0,
    "sellingAndMarketingExpenses": 0,
    "sellingGeneralAndAdministrativeExpenses": 755585000,
    "otherExpenses": 55379000,
    "operatingExpenses": 1042399000,
    "costAndExpenses": 1354381000,
    "interestIncome": 18000000,
    "interestExpense": 31894000,
    "depreciationAndAmortization": 200056000,
    "ebitda": 496000000,
    "ebitdaratio": 0.3005474083,
    "operatingIncome": 278936000,
    "operatingIncomeRatio": 0.1690191369,
    "totalOtherIncomeExpensesNet": -15936000,
    "incomeBeforeTax": 287294000,
    "incomeBeforeTaxRatio": 0.1740836031,
    "incomeTaxExpense": 94421000,
    "netIncome": 186692000,
    "netIncomeRatio": 0.1131245902,
    "eps": 0.22,
    "epsdiluted": 0.22,
    "weightedAverageShsOut": 839000000,
    "weightedAverageShsOutDil": 854000000,
    "link": null,
    "finalLink": null
  },
  {
    "date": "2008-03-31",
    "symbol": "GEN",
    "reportedCurrency": "USD",
    "cik": "0000849399",
    "fillingDate": "2008-03-31",
    "acceptedDate": "2008-03-31 00:00:00",
    "calendarYear": "2008",
    "period": "Q4",
    "revenue": 1539741000,
    "costOfRevenue": 306379000,
    "grossProfit": 1233362000,
    "grossProfitRatio": 0.8010191324,
    "researchAndDevelopmentExpenses": 223314000,
    "generalAndAdministrativeExpenses": 0,
    "sellingAndMarketingExpenses": 0,
    "sellingGeneralAndAdministrativeExpenses": 716384000,
    "otherExpenses": -36404000,
    "operatingExpenses": 903294000,
    "costAndExpenses": 1209673000,
    "interestIncome": 0,
    "interestExpense": 8914000,
    "depreciationAndAmortization": 205705000,
    "ebitda": 535773000,
    "ebitdaratio": 0.3479630665,
    "operatingIncome": 213421000,
    "operatingIncomeRatio": 0.1386083763,
    "totalOtherIncomeExpensesNet": 69748000,
    "incomeBeforeTax": 283169000,
    "incomeBeforeTaxRatio": 0.1839069038,
    "incomeTaxExpense": 96783000,
    "netIncome": 186386000,
    "netIncomeRatio": 0.1210502286,
    "eps": 0.22,
    "epsdiluted": 0.22,
    "weightedAverageShsOut": 838564000,
    "weightedAverageShsOutDil": 853994000,
    "link": null,
    "finalLink": null
  },
  {
    "date": "2007-12-31",
    "symbol": "GEN",
    "reportedCurrency": "USD",
    "cik": "0000849399",
    "fillingDate": "2007-12-31",
    "acceptedDate": "2007-12-31 00:00:00",
    "calendarYear": "2008",
    "period": "Q3",
    "revenue": 1515251000,
    "costOfRevenue": 299161000,
    "grossProfit": 1216090000,
    "grossProfitRatio": 0.8025667035,
    "researchAndDevelopmentExpenses": 225293000,
    "generalAndAdministrativeExpenses": 0,
    "sellingAndMarketingExpenses": 0,
    "sellingGeneralAndAdministrativeExpenses": 710580000,
    "otherExpenses": 61138000,
    "operatingExpenses": 997011000,
    "costAndExpenses": 1296172000,
    "interestIncome": 0,
    "interestExpense": 44928000,
    "depreciationAndAmortization": 200911000,
    "ebitda": 419990000,
    "ebitdaratio": 0.2771752007,
    "operatingIncome": 195774000,
    "operatingIncomeRatio": 0.1292023566,
    "totalOtherIncomeExpensesNet": 10172000,
    "incomeBeforeTax": 205946000,
    "incomeBeforeTaxRatio": 0.1359154358,
    "incomeTaxExpense": 74056000,
    "netIncome": 131890000,
    "netIncomeRatio": 0.0870416848,
    "eps": 0.15,
    "epsdiluted": 0.15,
    "weightedAverageShsOut": 859997000,
    "weightedAverageShsOutDil": 876221000,
    "link": null,
    "finalLink": null
  },
  {
    "date": "2007-09-30",
    "symbol": "GEN",
    "reportedCurrency": "USD",
    "cik": "0000849399",
    "fillingDate": "2007-09-30",
    "acceptedDate": "2007-09-30 00:00:00",
    "calendarYear": "2008",
    "period": "Q2",
    "revenue": 1419089000,
    "costOfRevenue": 304526000,
    "grossProfit": 1114563000,
    "grossProfitRatio": 0.7854073987,
    "researchAndDevelopmentExpenses": 221057000,
    "generalAndAdministrativeExpenses": 0,
    "sellingAndMarketingExpenses": 0,
    "sellingGeneralAndAdministrativeExpenses": 681567000,
    "otherExpenses": 143472000,
    "operatingExpenses": 1046096000,
    "costAndExpenses": 1350622000,
    "interestIncome": 0,
    "interestExpense": 89210000,
    "depreciationAndAmortization": 204048000,
    "ebitda": 272515000,
    "ebitdaratio": 0.1920351719,
    "operatingIncome": 58889000,
    "operatingIncomeRatio": 0.0414977496,
    "totalOtherIncomeExpensesNet": 14527000,
    "incomeBeforeTax": 73416000,
    "incomeBeforeTaxRatio": 0.0517345987,
    "incomeTaxExpense": 23048000,
    "netIncome": 50368000,
    "netIncomeRatio": 0.0354931932,
    "eps": 0.0575,
    "epsdiluted": 0.0564,
    "weightedAverageShsOut": 875662000,
    "weightedAverageShsOutDil": 892759000,
    "link": null,
    "finalLink": null
  },
  {
    "date": "2007-06-30",
    "symbol": "GEN",
    "reportedCurrency": "USD",
    "cik": "0000849399",
    "fillingDate": "2007-06-30",
    "acceptedDate": "2007-06-30 00:00:00",
    "calendarYear": "2008",
    "period": "Q1",
    "revenue": 1400338000,
    "costOfRevenue": 310264000,
    "grossProfit": 1090074000,
    "grossProfitRatio": 0.7784363489,
    "researchAndDevelopmentExpenses": 225578000,
    "generalAndAdministrativeExpenses": 0,
    "sellingAndMarketingExpenses": 0,
    "sellingGeneralAndAdministrativeExpenses": 654375000,
    "otherExpenses": 56925000,
    "operatingExpenses": 936878000,
    "costAndExpenses": 1247142000,
    "interestIncome": 0,
    "interestExpense": 20938000,
    "depreciationAndAmortization": 213445000,
    "ebitda": 366641000,
    "ebitdaratio": 0.261823217,
    "operatingIncome": 134196000,
    "operatingIncomeRatio": 0.0958311493,
    "totalOtherIncomeExpensesNet": 15796000,
    "incomeBeforeTax": 149992000,
    "incomeBeforeTaxRatio": 0.1071112831,
    "incomeTaxExpense": 54786000,
    "netIncome": 95206000,
    "netIncomeRatio": 0.0679878715,
    "eps": 0.11,
    "epsdiluted": 0.1,
    "weightedAverageShsOut": 891642000,
    "weightedAverageShsOutDil": 910302000,
    "link": null,
    "finalLink": null
  },
  {
    "date": "2007-03-31",
    "symbol": "GEN",
    "reportedCurrency": "USD",
    "cik": "0000849399",
    "fillingDate": "2007-03-31",
    "acceptedDate": "2007-03-31 00:00:00",
    "calendarYear": "2007",
    "period": "Q4",
    "revenue": 1365167000,
    "costOfRevenue": 296095000,
    "grossProfit": 1069072000,
    "grossProfitRatio": 0.7831071217,
    "researchAndDevelopmentExpenses": 209136000,
    "generalAndAdministrativeExpenses": 0,
    "sellingAndMarketingExpenses": 0,
    "sellingGeneralAndAdministrativeExpenses": 665181000,
    "otherExpenses": 49933000,
    "operatingExpenses": 924250000,
    "costAndExpenses": 1220345000,
    "interestIncome": 0,
    "interestExpense": 56111000,
    "depreciationAndAmortization": 229538000,
    "ebitda": 374360000,
    "ebitdaratio": 0.2742228606,
    "operatingIncome": 93320000,
    "operatingIncomeRatio": 0.0683579372,
    "totalOtherIncomeExpensesNet": 29823000,
    "incomeBeforeTax": 123143000,
    "incomeBeforeTaxRatio": 0.0902036161,
    "incomeTaxExpense": 50710000,
    "netIncome": 72433000,
    "netIncomeRatio": 0.0530579775,
    "eps": 0.0812,
    "epsdiluted": 0.0796,
    "weightedAverageShsOut": 891642000,
    "weightedAverageShsOutDil": 910302000,
    "link": null,
    "finalLink": null
  },
  {
    "date": "2006-12-31",
    "symbol": "GEN",
    "reportedCurrency": "USD",
    "cik": "0000849399",
    "fillingDate": "2006-12-31",
    "acceptedDate": "2006-12-31 00:00:00",
    "calendarYear": "2007",
    "period": "Q3",
    "revenue": 1313040000,
    "costOfRevenue": 314723000,
    "grossProfit": 998317000,
    "grossProfitRatio": 0.7603096631,
    "researchAndDevelopmentExpenses": 219578000,
    "generalAndAdministrativeExpenses": 0,
    "sellingAndMarketingExpenses": 0,
    "sellingGeneralAndAdministrativeExpenses": 572418000,
    "otherExpenses": 50476000,
    "operatingExpenses": 842472000,
    "costAndExpenses": 1157195000,
    "interestIncome": 0,
    "interestExpense": 0,
    "depreciationAndAmortization": 190863000,
    "ebitda": 346708000,
    "ebitdaratio": 0.2640498385,
    "operatingIncome": 155845000,
    "operatingIncomeRatio": 0.1186902151,
    "totalOtherIncomeExpensesNet": 18588000,
    "incomeBeforeTax": 174433000,
    "incomeBeforeTaxRatio": 0.1328466764,
    "incomeTaxExpense": 60711000,
    "netIncome": 113722000,
    "netIncomeRatio": 0.0866096996,
    "eps": 0.12,
    "epsdiluted": 0.12,
    "weightedAverageShsOut": 932122000,
    "weightedAverageShsOutDil": 963309000,
    "link": null,
    "finalLink": null
  },
  {
    "date": "2006-09-30",
    "symbol": "GEN",
    "reportedCurrency": "USD",
    "cik": "0000849399",
    "fillingDate": "2006-09-30",
    "acceptedDate": "2006-09-30 00:00:00",
    "calendarYear": "2007",
    "period": "Q2",
    "revenue": 1262073000,
    "costOfRevenue": 304235000,
    "grossProfit": 957838000,
    "grossProfitRatio": 0.7589402515,
    "researchAndDevelopmentExpenses": 221906000,
    "generalAndAdministrativeExpenses": 0,
    "sellingAndMarketingExpenses": 0,
    "sellingGeneralAndAdministrativeExpenses": 542917000,
    "otherExpenses": 50479000,
    "operatingExpenses": 815302000,
    "costAndExpenses": 1119537000,
    "interestIncome": 0,
    "interestExpense": 0,
    "depreciationAndAmortization": 197798000,
    "ebitda": 349230000,
    "ebitdaratio": 0.2767114105,
    "operatingIncome": 136316000,
    "operatingIncomeRatio": 0.1080096001,
    "totalOtherIncomeExpensesNet": 42512000,
    "incomeBeforeTax": 178829000,
    "incomeBeforeTaxRatio": 0.1416946563,
    "incomeTaxExpense": 55395000,
    "netIncome": 123434000,
    "netIncomeRatio": 0.0978025835,
    "eps": 0.13,
    "epsdiluted": 0.12,
    "weightedAverageShsOut": 966757000,
    "weightedAverageShsOutDil": 987916000,
    "link": null,
    "finalLink": null
  },
  {
    "date": "2006-06-30",
    "symbol": "GEN",
    "reportedCurrency": "USD",
    "cik": "0000849399",
    "fillingDate": "2006-06-30",
    "acceptedDate": "2006-06-30 00:00:00",
    "calendarYear": "2007",
    "period": "Q1",
    "revenue": 1259086000,
    "costOfRevenue": 300773000,
    "grossProfit": 958313000,
    "grossProfitRatio": 0.7611179856,
    "researchAndDevelopmentExpenses": 216262000,
    "generalAndAdministrativeExpenses": 0,
    "sellingAndMarketingExpenses": 0,
    "sellingGeneralAndAdministrativeExpenses": 543918000,
    "otherExpenses": 50614000,
    "operatingExpenses": 810794000,
    "costAndExpenses": 1111567000,
    "interestIncome": 0,
    "interestExpense": 5560000,
    "depreciationAndAmortization": 193244000,
    "ebitda": 364206000,
    "ebitdaratio": 0.2892622108,
    "operatingIncome": 134261000,
    "operatingIncomeRatio": 0.106633701,
    "totalOtherIncomeExpensesNet": 11145000,
    "incomeBeforeTax": 155217000,
    "incomeBeforeTaxRatio": 0.1232775204,
    "incomeTaxExpense": 60426000,
    "netIncome": 94791000,
    "netIncomeRatio": 0.0752855643,
    "eps": 0.0921,
    "epsdiluted": 0.0904,
    "weightedAverageShsOut": 1028820000,
    "weightedAverageShsOutDil": 1048833000,
    "link": null,
    "finalLink": null
  },
  {
    "date": "2006-03-31",
    "symbol": "GEN",
    "reportedCurrency": "USD",
    "cik": "0000849399",
    "fillingDate": "2006-03-31",
    "acceptedDate": "2006-03-31 00:00:00",
    "calendarYear": "2006",
    "period": "Q4",
    "revenue": 1238560000,
    "costOfRevenue": 508675000,
    "grossProfit": 729885000,
    "grossProfitRatio": 0.5893012854,
    "researchAndDevelopmentExpenses": 198549000,
    "generalAndAdministrativeExpenses": 0,
    "sellingAndMarketingExpenses": 0,
    "sellingGeneralAndAdministrativeExpenses": 548567000,
    "otherExpenses": 6505000,
    "operatingExpenses": 753621000,
    "costAndExpenses": 1262296000,
    "interestIncome": 0,
    "interestExpense": 0,
    "depreciationAndAmortization": 166204000,
    "ebitda": 142468000,
    "ebitdaratio": 0.1150271283,
    "operatingIncome": 180333000,
    "operatingIncomeRatio": 0.1455989213,
    "totalOtherIncomeExpensesNet": 17858000,
    "incomeBeforeTax": 198191000,
    "incomeBeforeTaxRatio": 0.1600172781,
    "incomeTaxExpense": 79378000,
    "netIncome": 118813000,
    "netIncomeRatio": 0.0959283361,
    "eps": 0.12,
    "epsdiluted": 0.11,
    "weightedAverageShsOut": 1028820000,
    "weightedAverageShsOutDil": 1048833000,
    "link": null,
    "finalLink": null
  },
  {
    "date": "2005-12-31",
    "symbol": "GEN",
    "reportedCurrency": "USD",
    "cik": "0000849399",
    "fillingDate": "2005-12-31",
    "acceptedDate": "2005-12-31 00:00:00",
    "calendarYear": "2006",
    "period": "Q3",
    "revenue": 1149026000,
    "costOfRevenue": 183442000,
    "grossProfit": 965584000,
    "grossProfitRatio": 0.8403500008,
    "researchAndDevelopmentExpenses": 187533000,
    "generalAndAdministrativeExpenses": 0,
    "sellingAndMarketingExpenses": 0,
    "sellingGeneralAndAdministrativeExpenses": 494847000,
    "otherExpenses": 62941000,
    "operatingExpenses": 745321000,
    "costAndExpenses": 928763000,
    "interestIncome": 0,
    "interestExpense": 102671000,
    "depreciationAndAmortization": 190360000,
    "ebitda": 421397000,
    "ebitdaratio": 0.3667427891,
    "operatingIncome": 119661000,
    "operatingIncomeRatio": 0.1041412466,
    "totalOtherIncomeExpensesNet": 15682000,
    "incomeBeforeTax": 135343000,
    "incomeBeforeTaxRatio": 0.1177893277,
    "incomeTaxExpense": 44609000,
    "netIncome": 90734000,
    "netIncomeRatio": 0.0789660112,
    "eps": 0.0849,
    "epsdiluted": 0.0827,
    "weightedAverageShsOut": 1069123000,
    "weightedAverageShsOutDil": 1096609000,
    "link": null,
    "finalLink": null
  },
  {
    "date": "2005-09-30",
    "symbol": "GEN",
    "reportedCurrency": "USD",
    "cik": "0000849399",
    "fillingDate": "2005-09-30",
    "acceptedDate": "2005-09-30 00:00:00",
    "calendarYear": "2006",
    "period": "Q2",
    "revenue": 1055864000,
    "costOfRevenue": 183970000,
    "grossProfit": 871894000,
    "grossProfitRatio": 0.8257635453,
    "researchAndDevelopmentExpenses": 187313000,
    "generalAndAdministrativeExpenses": 0,
    "sellingAndMarketingExpenses": 0,
    "sellingGeneralAndAdministrativeExpenses": 461053000,
    "otherExpenses": 66951000,
    "operatingExpenses": 715317000,
    "costAndExpenses": 899287000,
    "interestIncome": 0,
    "interestExpense": 673169000,
    "depreciationAndAmortization": 236672000,
    "ebitda": 382475000,
    "ebitdaratio": 0.3622388868,
    "operatingIncome": -258347000,
    "operatingIncomeRatio": -0.2446782919,
    "totalOtherIncomeExpensesNet": 32460000,
    "incomeBeforeTax": -225887000,
    "incomeBeforeTaxRatio": -0.2139356963,
    "incomeTaxExpense": 25441000,
    "netIncome": -251328000,
    "netIncomeRatio": -0.2380306555,
    "eps": -0.21,
    "epsdiluted": -0.21,
    "weightedAverageShsOut": 1172130000,
    "weightedAverageShsOutDil": 1172130000,
    "link": null,
    "finalLink": null
  },
  {
    "date": "2005-06-30",
    "symbol": "GEN",
    "reportedCurrency": "USD",
    "cik": "0000849399",
    "fillingDate": "2005-06-30",
    "acceptedDate": "2005-06-30 00:00:00",
    "calendarYear": "2006",
    "period": "Q1",
    "revenue": 699942000,
    "costOfRevenue": 105782000,
    "grossProfit": 594160000,
    "grossProfitRatio": 0.848870335,
    "researchAndDevelopmentExpenses": 91233000,
    "generalAndAdministrativeExpenses": 0,
    "sellingAndMarketingExpenses": 0,
    "sellingGeneralAndAdministrativeExpenses": 241497000,
    "otherExpenses": 14625000,
    "operatingExpenses": 347355000,
    "costAndExpenses": 453137000,
    "interestIncome": 0,
    "interestExpense": 5304000,
    "depreciationAndAmortization": 30380000,
    "ebitda": 266172000,
    "ebitdaratio": 0.380277223,
    "operatingIncome": 232318000,
    "operatingIncomeRatio": 0.3319103583,
    "totalOtherIncomeExpensesNet": 22758000,
    "incomeBeforeTax": 255076000,
    "incomeBeforeTaxRatio": 0.3644244809,
    "incomeTaxExpense": 56443000,
    "netIncome": 198633000,
    "netIncomeRatio": 0.2837849422,
    "eps": 0.28,
    "epsdiluted": 0.27,
    "weightedAverageShsOut": 711324000,
    "weightedAverageShsOutDil": 737211000,
    "link": null,
    "finalLink": null
  },
  {
    "date": "2005-03-31",
    "symbol": "GEN",
    "reportedCurrency": "USD",
    "cik": "0000849399",
    "fillingDate": "2005-03-31",
    "acceptedDate": "2005-03-31 00:00:00",
    "calendarYear": "2005",
    "period": "Q4",
    "revenue": 712678000,
    "costOfRevenue": 72237000,
    "grossProfit": 640441000,
    "grossProfitRatio": 0.898640059,
    "researchAndDevelopmentExpenses": 90277000,
    "generalAndAdministrativeExpenses": 0,
    "sellingAndMarketingExpenses": 0,
    "sellingGeneralAndAdministrativeExpenses": 260975000,
    "otherExpenses": 8473000,
    "operatingExpenses": 359725000,
    "costAndExpenses": 431962000,
    "interestIncome": 0,
    "interestExpense": 47091000,
    "depreciationAndAmortization": 43499000,
    "ebitda": 334214000,
    "ebitdaratio": 0.4689551242,
    "operatingIncome": 231822000,
    "operatingIncomeRatio": 0.3252829469,
    "totalOtherIncomeExpensesNet": 16670000,
    "incomeBeforeTax": 248492000,
    "incomeBeforeTaxRatio": 0.3486735945,
    "incomeTaxExpense": 128810000,
    "netIncome": 119682000,
    "netIncomeRatio": 0.1679327831,
    "eps": 0.17,
    "epsdiluted": 0.16,
    "weightedAverageShsOut": 711324000,
    "weightedAverageShsOutDil": 737211000,
    "link": null,
    "finalLink": null
  },
  {
    "date": "2004-12-31",
    "symbol": "GEN",
    "reportedCurrency": "USD",
    "cik": "0000849399",
    "fillingDate": "2004-12-31",
    "acceptedDate": "2004-12-31 00:00:00",
    "calendarYear": "2005",
    "period": "Q3",
    "revenue": 695224000,
    "costOfRevenue": 121498000,
    "grossProfit": 573726000,
    "grossProfitRatio": 0.8252390596,
    "researchAndDevelopmentExpenses": 85289000,
    "generalAndAdministrativeExpenses": 0,
    "sellingAndMarketingExpenses": 0,
    "sellingGeneralAndAdministrativeExpenses": 256487000,
    "otherExpenses": 2663000,
    "operatingExpenses": 344439000,
    "costAndExpenses": 465937000,
    "interestIncome": 0,
    "interestExpense": 0,
    "depreciationAndAmortization": 27590000,
    "ebitda": 256877000,
    "ebitdaratio": 0.3694881074,
    "operatingIncome": 228069000,
    "operatingIncomeRatio": 0.328051103,
    "totalOtherIncomeExpensesNet": 11613000,
    "incomeBeforeTax": 239682000,
    "incomeBeforeTaxRatio": 0.3447550717,
    "incomeTaxExpense": 76105000,
    "netIncome": 163577000,
    "netIncomeRatio": 0.2352867565,
    "eps": 0.24,
    "epsdiluted": 0.22,
    "weightedAverageShsOut": 679032000,
    "weightedAverageShsOutDil": 742446000,
    "link": null,
    "finalLink": null
  },
  {
    "date": "2004-09-30",
    "symbol": "GEN",
    "reportedCurrency": "USD",
    "cik": "0000849399",
    "fillingDate": "2004-09-30",
    "acceptedDate": "2004-09-30 00:00:00",
    "calendarYear": "2005",
    "period": "Q2",
    "revenue": 618313000,
    "costOfRevenue": 109219000,
    "grossProfit": 509094000,
    "grossProfitRatio": 0.82335969,
    "researchAndDevelopmentExpenses": 83816000,
    "generalAndAdministrativeExpenses": 0,
    "sellingAndMarketingExpenses": 0,
    "sellingGeneralAndAdministrativeExpenses": 229464000,
    "otherExpenses": 1781000,
    "operatingExpenses": 315061000,
    "costAndExpenses": 424280000,
    "interestIncome": 0,
    "interestExpense": 0,
    "depreciationAndAmortization": 33015000,
    "ebitda": 227048000,
    "ebitdaratio": 0.3672056062,
    "operatingIncome": 192117000,
    "operatingIncomeRatio": 0.3107115652,
    "totalOtherIncomeExpensesNet": 5432000,
    "incomeBeforeTax": 197549000,
    "incomeBeforeTaxRatio": 0.3194967597,
    "incomeTaxExpense": 61926000,
    "netIncome": 135623000,
    "netIncomeRatio": 0.2193436011,
    "eps": 0.22,
    "epsdiluted": 0.18,
    "weightedAverageShsOut": 629730000,
    "weightedAverageShsOutDil": 736538000,
    "link": null,
    "finalLink": null
  },
  {
    "date": "2004-06-30",
    "symbol": "GEN",
    "reportedCurrency": "USD",
    "cik": "0000849399",
    "fillingDate": "2004-06-30",
    "acceptedDate": "2004-06-30 00:00:00",
    "calendarYear": "2005",
    "period": "Q1",
    "revenue": 556634000,
    "costOfRevenue": 100261000,
    "grossProfit": 456373000,
    "grossProfitRatio": 0.8198798492,
    "researchAndDevelopmentExpenses": 72884000,
    "generalAndAdministrativeExpenses": 0,
    "sellingAndMarketingExpenses": 0,
    "sellingGeneralAndAdministrativeExpenses": 212217000,
    "otherExpenses": 892000,
    "operatingExpenses": 285993000,
    "costAndExpenses": 386254000,
    "interestIncome": 0,
    "interestExpense": 0,
    "depreciationAndAmortization": 27854000,
    "ebitda": 209484000,
    "ebitdaratio": 0.3763406475,
    "operatingIncome": 167258000,
    "operatingIncomeRatio": 0.3004811061,
    "totalOtherIncomeExpensesNet": 5147000,
    "incomeBeforeTax": 117277000,
    "incomeBeforeTaxRatio": 0.2106896093,
    "incomeTaxExpense": 55128000,
    "netIncome": 117277000,
    "netIncomeRatio": 0.2106896093,
    "eps": 0.19,
    "epsdiluted": 0.16,
    "weightedAverageShsOut": 624520000,
    "weightedAverageShsOutDil": 735852000,
    "link": null,
    "finalLink": null
  },
  {
    "date": "2004-03-31",
    "symbol": "GEN",
    "reportedCurrency": "USD",
    "cik": "0000849399",
    "fillingDate": "2004-03-31",
    "acceptedDate": "2004-03-31 00:00:00",
    "calendarYear": "2004",
    "period": "Q4",
    "revenue": 556435000,
    "costOfRevenue": 97558000,
    "grossProfit": 458877000,
    "grossProfitRatio": 0.8246731424,
    "researchAndDevelopmentExpenses": 70198000,
    "generalAndAdministrativeExpenses": 0,
    "sellingAndMarketingExpenses": 0,
    "sellingGeneralAndAdministrativeExpenses": 221404000,
    "otherExpenses": 779000,
    "operatingExpenses": 292381000,
    "costAndExpenses": 389939000,
    "interestIncome": 0,
    "interestExpense": 0,
    "depreciationAndAmortization": 32768000,
    "ebitda": 199264000,
    "ebitdaratio": 0.3581083145,
    "operatingIncome": 164923000,
    "operatingIncomeRatio": 0.2963922111,
    "totalOtherIncomeExpensesNet": 6301000,
    "incomeBeforeTax": 171224000,
    "incomeBeforeTaxRatio": 0.3077160854,
    "incomeTaxExpense": 54295000,
    "netIncome": 116929000,
    "netIncomeRatio": 0.2101395491,
    "eps": 0.19,
    "epsdiluted": 0.16,
    "weightedAverageShsOut": 624520000,
    "weightedAverageShsOutDil": 735852000,
    "link": null,
    "finalLink": null
  },
  {
    "date": "2003-12-31",
    "symbol": "GEN",
    "reportedCurrency": "USD",
    "cik": "0000849399",
    "fillingDate": "2003-12-31",
    "acceptedDate": "2003-12-31 00:00:00",
    "calendarYear": "2004",
    "period": "Q3",
    "revenue": 493905000,
    "costOfRevenue": 87608000,
    "grossProfit": 406297000,
    "grossProfitRatio": 0.8226217592,
    "researchAndDevelopmentExpenses": 61885000,
    "generalAndAdministrativeExpenses": 0,
    "sellingAndMarketingExpenses": 0,
    "sellingGeneralAndAdministrativeExpenses": 188726000,
    "otherExpenses": 628000,
    "operatingExpenses": 251239000,
    "costAndExpenses": 338847000,
    "interestIncome": 0,
    "interestExpense": 0,
    "depreciationAndAmortization": 20914000,
    "ebitda": 171613000,
    "ebitdaratio": 0.3474615564,
    "operatingIncome": 153584000,
    "operatingIncomeRatio": 0.3109585852,
    "totalOtherIncomeExpensesNet": 9726000,
    "incomeBeforeTax": 163310000,
    "incomeBeforeTaxRatio": 0.3306506312,
    "incomeTaxExpense": 51834000,
    "netIncome": 111476000,
    "netIncomeRatio": 0.2257033235,
    "eps": 0.18,
    "epsdiluted": 0.15,
    "weightedAverageShsOut": 616970000,
    "weightedAverageShsOutDil": 724358000,
    "link": null,
    "finalLink": null
  },
  {
    "date": "2003-09-30",
    "symbol": "GEN",
    "reportedCurrency": "USD",
    "cik": "0000849399",
    "fillingDate": "2003-09-30",
    "acceptedDate": "2003-09-30 00:00:00",
    "calendarYear": "2004",
    "period": "Q2",
    "revenue": 428665000,
    "costOfRevenue": 74810000,
    "grossProfit": 353855000,
    "grossProfitRatio": 0.8254814366,
    "researchAndDevelopmentExpenses": 59596000,
    "generalAndAdministrativeExpenses": 0,
    "sellingAndMarketingExpenses": 0,
    "sellingGeneralAndAdministrativeExpenses": 176879000,
    "otherExpenses": 756000,
    "operatingExpenses": 237231000,
    "costAndExpenses": 312041000,
    "interestIncome": 0,
    "interestExpense": 0,
    "depreciationAndAmortization": 34916000,
    "ebitda": 149711000,
    "ebitdaratio": 0.3492494139,
    "operatingIncome": 115622000,
    "operatingIncomeRatio": 0.2697257765,
    "totalOtherIncomeExpensesNet": 6347000,
    "incomeBeforeTax": 121969000,
    "incomeBeforeTaxRatio": 0.2845322105,
    "incomeTaxExpense": 38536000,
    "netIncome": 83433000,
    "netIncomeRatio": 0.1946345048,
    "eps": 0.14,
    "epsdiluted": 0.12,
    "weightedAverageShsOut": 609700000,
    "weightedAverageShsOutDil": 713660000,
    "link": null,
    "finalLink": null
  },
  {
    "date": "2003-06-30",
    "symbol": "GEN",
    "reportedCurrency": "USD",
    "cik": "0000849399",
    "fillingDate": "2003-06-30",
    "acceptedDate": "2003-06-30 00:00:00",
    "calendarYear": "2004",
    "period": "Q1",
    "revenue": 391124000,
    "costOfRevenue": 67578000,
    "grossProfit": 323546000,
    "grossProfitRatio": 0.8272210348,
    "researchAndDevelopmentExpenses": 60605000,
    "generalAndAdministrativeExpenses": 0,
    "sellingAndMarketingExpenses": 0,
    "sellingGeneralAndAdministrativeExpenses": 168209000,
    "otherExpenses": 791000,
    "operatingExpenses": 229605000,
    "costAndExpenses": 297183000,
    "interestIncome": 0,
    "interestExpense": 21250000,
    "depreciationAndAmortization": 28628000,
    "ebitda": 122569000,
    "ebitdaratio": 0.3133763206,
    "operatingIncome": 93373000,
    "operatingIncomeRatio": 0.2387299169,
    "totalOtherIncomeExpensesNet": -7654000,
    "incomeBeforeTax": 85719000,
    "incomeBeforeTaxRatio": 0.2191606754,
    "incomeTaxExpense": 26938000,
    "netIncome": 58781000,
    "netIncomeRatio": 0.1502873769,
    "eps": 0.0981,
    "epsdiluted": 0.084,
    "weightedAverageShsOut": 598976000,
    "weightedAverageShsOutDil": 699952000,
    "link": null,
    "finalLink": null
  },
  {
    "date": "2003-03-31",
    "symbol": "GEN",
    "reportedCurrency": "USD",
    "cik": "0000849399",
    "fillingDate": "2003-03-31",
    "acceptedDate": "2003-03-31 00:00:00",
    "calendarYear": "2003",
    "period": "Q4",
    "revenue": 390039000,
    "costOfRevenue": 68225000,
    "grossProfit": 321814000,
    "grossProfitRatio": 0.8250815944,
    "researchAndDevelopmentExpenses": 54417000,
    "generalAndAdministrativeExpenses": 0,
    "sellingAndMarketingExpenses": 0,
    "sellingGeneralAndAdministrativeExpenses": 167974000,
    "otherExpenses": 793000,
    "operatingExpenses": 223184000,
    "costAndExpenses": 291409000,
    "interestIncome": 0,
    "interestExpense": 4145000,
    "depreciationAndAmortization": 24963000,
    "ebitda": 123593000,
    "ebitdaratio": 0.3168734409,
    "operatingIncome": 91973000,
    "operatingIncomeRatio": 0.2358046247,
    "totalOtherIncomeExpensesNet": 6587000,
    "incomeBeforeTax": 98560000,
    "incomeBeforeTaxRatio": 0.2526926795,
    "incomeTaxExpense": 30417000,
    "netIncome": 68143000,
    "netIncomeRatio": 0.1747081702,
    "eps": 0.11,
    "epsdiluted": 0.0974,
    "weightedAverageShsOut": 598976000,
    "weightedAverageShsOutDil": 699952000,
    "link": null,
    "finalLink": null
  },
  {
    "date": "2002-12-31",
    "symbol": "GEN",
    "reportedCurrency": "USD",
    "cik": "0000849399",
    "fillingDate": "2002-12-31",
    "acceptedDate": "2002-12-31 00:00:00",
    "calendarYear": "2003",
    "period": "Q3",
    "revenue": 375635000,
    "costOfRevenue": 65280000,
    "grossProfit": 310355000,
    "grossProfitRatio": 0.8262142772,
    "researchAndDevelopmentExpenses": 50022000,
    "generalAndAdministrativeExpenses": 0,
    "sellingAndMarketingExpenses": 0,
    "sellingGeneralAndAdministrativeExpenses": 158825000,
    "otherExpenses": 793000,
    "operatingExpenses": 209640000,
    "costAndExpenses": 274920000,
    "interestIncome": 0,
    "interestExpense": 0,
    "depreciationAndAmortization": 26086000,
    "ebitda": 126801000,
    "ebitdaratio": 0.337564391,
    "operatingIncome": 101157000,
    "operatingIncomeRatio": 0.2692959921,
    "totalOtherIncomeExpensesNet": 3191000,
    "incomeBeforeTax": 104348000,
    "incomeBeforeTaxRatio": 0.2777909407,
    "incomeTaxExpense": 32616000,
    "netIncome": 71732000,
    "netIncomeRatio": 0.1909619711,
    "eps": 0.12,
    "epsdiluted": 0.1,
    "weightedAverageShsOut": 580592000,
    "weightedAverageShsOutDil": 683232000,
    "link": null,
    "finalLink": null
  },
  {
    "date": "2002-09-30",
    "symbol": "GEN",
    "reportedCurrency": "USD",
    "cik": "0000849399",
    "fillingDate": "2002-09-30",
    "acceptedDate": "2002-09-30 00:00:00",
    "calendarYear": "2003",
    "period": "Q2",
    "revenue": 325231000,
    "costOfRevenue": 61159000,
    "grossProfit": 264072000,
    "grossProfitRatio": 0.8119521202,
    "researchAndDevelopmentExpenses": 47344000,
    "generalAndAdministrativeExpenses": 0,
    "sellingAndMarketingExpenses": 0,
    "sellingGeneralAndAdministrativeExpenses": 142150000,
    "otherExpenses": 665000,
    "operatingExpenses": 190159000,
    "costAndExpenses": 251318000,
    "interestIncome": 0,
    "interestExpense": 0,
    "depreciationAndAmortization": 23954000,
    "ebitda": 97867000,
    "ebitdaratio": 0.3009153494,
    "operatingIncome": 70392000,
    "operatingIncomeRatio": 0.2164369325,
    "totalOtherIncomeExpensesNet": 6741000,
    "incomeBeforeTax": 77133000,
    "incomeBeforeTaxRatio": 0.237163739,
    "incomeTaxExpense": 25139000,
    "netIncome": 51994000,
    "netIncomeRatio": 0.1598679093,
    "eps": 0.0899,
    "epsdiluted": 0.0771,
    "weightedAverageShsOut": 578148000,
    "weightedAverageShsOutDil": 673956000,
    "link": null,
    "finalLink": null
  },
  {
    "date": "2002-06-30",
    "symbol": "GEN",
    "reportedCurrency": "USD",
    "cik": "0000849399",
    "fillingDate": "2002-06-30",
    "acceptedDate": "2002-06-30 00:00:00",
    "calendarYear": "2003",
    "period": "Q1",
    "revenue": 316041000,
    "costOfRevenue": 55452000,
    "grossProfit": 260589000,
    "grossProfitRatio": 0.8245417525,
    "researchAndDevelopmentExpenses": 45488000,
    "generalAndAdministrativeExpenses": 0,
    "sellingAndMarketingExpenses": 0,
    "sellingGeneralAndAdministrativeExpenses": 130522000,
    "otherExpenses": 536000,
    "operatingExpenses": 176546000,
    "costAndExpenses": 231998000,
    "interestIncome": 0,
    "interestExpense": 5261000,
    "depreciationAndAmortization": 20725000,
    "ebitda": 104768000,
    "ebitdaratio": 0.3315012926,
    "operatingIncome": 77990000,
    "operatingIncomeRatio": 0.2467717796,
    "totalOtherIncomeExpensesNet": 5600000,
    "incomeBeforeTax": 83590000,
    "incomeBeforeTaxRatio": 0.2644909996,
    "incomeTaxExpense": 27021000,
    "netIncome": 56569000,
    "netIncomeRatio": 0.1789925991,
    "eps": 0.0983,
    "epsdiluted": 0.0837,
    "weightedAverageShsOut": 575652000,
    "weightedAverageShsOutDil": 676108000,
    "link": null,
    "finalLink": null
  },
  {
    "date": "2002-03-31",
    "symbol": "GEN",
    "reportedCurrency": "USD",
    "cik": "0000849399",
    "fillingDate": "2002-03-31",
    "acceptedDate": "2002-03-31 00:00:00",
    "calendarYear": "2002",
    "period": "Q4",
    "revenue": 310783000,
    "costOfRevenue": 56029000,
    "grossProfit": 254754000,
    "grossProfitRatio": 0.8197166512,
    "researchAndDevelopmentExpenses": 43774000,
    "generalAndAdministrativeExpenses": 0,
    "sellingAndMarketingExpenses": 0,
    "sellingGeneralAndAdministrativeExpenses": 125965000,
    "otherExpenses": 52588000,
    "operatingExpenses": 222327000,
    "costAndExpenses": 278356000,
    "interestIncome": 0,
    "interestExpense": 11968000,
    "depreciationAndAmortization": 72672000,
    "ebitda": 105099000,
    "ebitdaratio": 0.338174868,
    "operatingIncome": 23422000,
    "operatingIncomeRatio": 0.0753644826,
    "totalOtherIncomeExpensesNet": 6441000,
    "incomeBeforeTax": 29863000,
    "incomeBeforeTaxRatio": 0.0960895544,
    "incomeTaxExpense": 25084000,
    "netIncome": 4779000,
    "netIncomeRatio": 0.015377289,
    "eps": 0.0083,
    "epsdiluted": 0.0071,
    "weightedAverageShsOut": 575652000,
    "weightedAverageShsOutDil": 676108000,
    "link": null,
    "finalLink": null
  },
  {
    "date": "2001-12-31",
    "symbol": "GEN",
    "reportedCurrency": "USD",
    "cik": "0000849399",
    "fillingDate": "2001-12-31",
    "acceptedDate": "2001-12-31 00:00:00",
    "calendarYear": "2002",
    "period": "Q3",
    "revenue": 290247000,
    "costOfRevenue": 52565000,
    "grossProfit": 237682000,
    "grossProfitRatio": 0.8188956303,
    "researchAndDevelopmentExpenses": 40714000,
    "generalAndAdministrativeExpenses": 0,
    "sellingAndMarketingExpenses": 0,
    "sellingGeneralAndAdministrativeExpenses": 125046000,
    "otherExpenses": 49949000,
    "operatingExpenses": 215709000,
    "costAndExpenses": 268274000,
    "interestIncome": 0,
    "interestExpense": 6236000,
    "depreciationAndAmortization": 71123000,
    "ebitda": 93103000,
    "ebitdaratio": 0.3207716187,
    "operatingIncome": 12596000,
    "operatingIncomeRatio": 0.04339752,
    "totalOtherIncomeExpensesNet": 8164000,
    "incomeBeforeTax": 20760000,
    "incomeBeforeTaxRatio": 0.0715252871,
    "incomeTaxExpense": 20660000,
    "netIncome": 100000,
    "netIncomeRatio": 0.0003445341,
    "eps": 0.0002,
    "epsdiluted": 0.0002,
    "weightedAverageShsOut": 558960000,
    "weightedAverageShsOutDil": 588560000,
    "link": null,
    "finalLink": null
  },
  {
    "date": "2001-09-30",
    "symbol": "GEN",
    "reportedCurrency": "USD",
    "cik": "0000849399",
    "fillingDate": "2001-09-30",
    "acceptedDate": "2001-09-30 00:00:00",
    "calendarYear": "2002",
    "period": "Q2",
    "revenue": 242372000,
    "costOfRevenue": 43895000,
    "grossProfit": 198477000,
    "grossProfitRatio": 0.8188940967,
    "researchAndDevelopmentExpenses": 40020000,
    "generalAndAdministrativeExpenses": 0,
    "sellingAndMarketingExpenses": 0,
    "sellingGeneralAndAdministrativeExpenses": 115256000,
    "otherExpenses": 49952000,
    "operatingExpenses": 205228000,
    "costAndExpenses": 249123000,
    "interestIncome": 0,
    "interestExpense": 0,
    "depreciationAndAmortization": 63069000,
    "ebitda": 56304000,
    "ebitdaratio": 0.2323040615,
    "operatingIncome": -6751000,
    "operatingIncomeRatio": -0.0278538775,
    "totalOtherIncomeExpensesNet": 11281000,
    "incomeBeforeTax": 4530000,
    "incomeBeforeTaxRatio": 0.0186902778,
    "incomeTaxExpense": 16342000,
    "netIncome": -11812000,
    "netIncomeRatio": -0.0487350024,
    "eps": -0.0203,
    "epsdiluted": -0.0203,
    "weightedAverageShsOut": 583200000,
    "weightedAverageShsOutDil": 583200000,
    "link": null,
    "finalLink": null
  },
  {
    "date": "2001-06-30",
    "symbol": "GEN",
    "reportedCurrency": "USD",
    "cik": "0000849399",
    "fillingDate": "2001-06-30",
    "acceptedDate": "2001-06-30 00:00:00",
    "calendarYear": "2002",
    "period": "Q1",
    "revenue": 228036000,
    "costOfRevenue": 42121000,
    "grossProfit": 185915000,
    "grossProfitRatio": 0.815287937,
    "researchAndDevelopmentExpenses": 39471000,
    "generalAndAdministrativeExpenses": 0,
    "sellingAndMarketingExpenses": 0,
    "sellingGeneralAndAdministrativeExpenses": 116108000,
    "otherExpenses": 49516000,
    "operatingExpenses": 205095000,
    "costAndExpenses": 247216000,
    "interestIncome": 0,
    "interestExpense": 0,
    "depreciationAndAmortization": 66003000,
    "ebitda": 44885000,
    "ebitdaratio": 0.1968329562,
    "operatingIncome": -21226000,
    "operatingIncomeRatio": -0.0930817941,
    "totalOtherIncomeExpensesNet": 11571000,
    "incomeBeforeTax": -9655000,
    "incomeBeforeTaxRatio": -0.042339806,
    "incomeTaxExpense": 11563000,
    "netIncome": -21218000,
    "netIncomeRatio": -0.0930467119,
    "eps": -0.0362,
    "epsdiluted": -0.0362,
    "weightedAverageShsOut": 586400000,
    "weightedAverageShsOutDil": 586400000,
    "link": null,
    "finalLink": null
  },
  {
    "date": "2001-03-31",
    "symbol": "GEN",
    "reportedCurrency": "USD",
    "cik": "0000849399",
    "fillingDate": "2001-03-31",
    "acceptedDate": "2001-03-31 00:00:00",
    "calendarYear": "2001",
    "period": "Q4",
    "revenue": 250606000,
    "costOfRevenue": 33296000,
    "grossProfit": 217310000,
    "grossProfitRatio": 0.8671380573,
    "researchAndDevelopmentExpenses": 40669000,
    "generalAndAdministrativeExpenses": 0,
    "sellingAndMarketingExpenses": 0,
    "sellingGeneralAndAdministrativeExpenses": 124267000,
    "otherExpenses": 22734000,
    "operatingExpenses": 187670000,
    "costAndExpenses": 220966000,
    "interestIncome": 0,
    "interestExpense": 63342000,
    "depreciationAndAmortization": 70823000,
    "ebitda": 100463000,
    "ebitdaratio": 0.4008802662,
    "operatingIncome": -28301000,
    "operatingIncomeRatio": -0.1129302571,
    "totalOtherIncomeExpensesNet": 15157000,
    "incomeBeforeTax": -13144000,
    "incomeBeforeTaxRatio": -0.052448864,
    "incomeTaxExpense": 14304000,
    "netIncome": -27448000,
    "netIncomeRatio": -0.1095265077,
    "eps": -0.0468,
    "epsdiluted": -0.0468,
    "weightedAverageShsOut": 586400000,
    "weightedAverageShsOutDil": 586400000,
    "link": null,
    "finalLink": null
  },
  {
    "date": "2000-12-31",
    "symbol": "GEN",
    "reportedCurrency": "USD",
    "cik": "0000849399",
    "fillingDate": "2000-12-31",
    "acceptedDate": "2000-12-31 00:00:00",
    "calendarYear": "2001",
    "period": "Q3",
    "revenue": 219294000,
    "costOfRevenue": 23759000,
    "grossProfit": 195535000,
    "grossProfitRatio": 0.8916568625,
    "researchAndDevelopmentExpenses": 31524000,
    "generalAndAdministrativeExpenses": 0,
    "sellingAndMarketingExpenses": 0,
    "sellingGeneralAndAdministrativeExpenses": 98390000,
    "otherExpenses": 19464000,
    "operatingExpenses": 149378000,
    "costAndExpenses": 173137000,
    "interestIncome": 0,
    "interestExpense": 28619000,
    "depreciationAndAmortization": 19464000,
    "ebitda": 65621000,
    "ebitdaratio": 0.2992375532,
    "operatingIncome": 46157000,
    "operatingIncomeRatio": 0.2104799949,
    "totalOtherIncomeExpensesNet": -9911000,
    "incomeBeforeTax": 36246000,
    "incomeBeforeTaxRatio": 0.1652849599,
    "incomeTaxExpense": 22372000,
    "netIncome": 13874000,
    "netIncomeRatio": 0.0632666648,
    "eps": 0.0275,
    "epsdiluted": 0.0265,
    "weightedAverageShsOut": 504568000,
    "weightedAverageShsOutDil": 523872000,
    "link": null,
    "finalLink": null
  },
  {
    "date": "2000-09-30",
    "symbol": "GEN",
    "reportedCurrency": "USD",
    "cik": "0000849399",
    "fillingDate": "2000-09-30",
    "acceptedDate": "2000-09-30 00:00:00",
    "calendarYear": "2001",
    "period": "Q2",
    "revenue": 192296000,
    "costOfRevenue": 17558000,
    "grossProfit": 174738000,
    "grossProfitRatio": 0.9086928485,
    "researchAndDevelopmentExpenses": 28711000,
    "generalAndAdministrativeExpenses": 0,
    "sellingAndMarketingExpenses": 0,
    "sellingGeneralAndAdministrativeExpenses": 85072000,
    "otherExpenses": 14532000,
    "operatingExpenses": 128315000,
    "costAndExpenses": 145873000,
    "interestIncome": 0,
    "interestExpense": 0,
    "depreciationAndAmortization": 14532000,
    "ebitda": 60955000,
    "ebitdaratio": 0.3169852727,
    "operatingIncome": 46423000,
    "operatingIncomeRatio": 0.241414278,
    "totalOtherIncomeExpensesNet": 12949000,
    "incomeBeforeTax": 59372000,
    "incomeBeforeTaxRatio": 0.3087531722,
    "incomeTaxExpense": 20259000,
    "netIncome": 39113000,
    "netIncomeRatio": 0.2033999667,
    "eps": 0.0801,
    "epsdiluted": 0.0765,
    "weightedAverageShsOut": 488088000,
    "weightedAverageShsOutDil": 511584000,
    "link": null,
    "finalLink": null
  },
  {
    "date": "2000-06-30",
    "symbol": "GEN",
    "reportedCurrency": "USD",
    "cik": "0000849399",
    "fillingDate": "2000-06-30",
    "acceptedDate": "2000-06-30 00:00:00",
    "calendarYear": "2001",
    "period": "Q1",
    "revenue": 191358000,
    "costOfRevenue": 17270000,
    "grossProfit": 174088000,
    "grossProfitRatio": 0.9097503109,
    "researchAndDevelopmentExpenses": 25769000,
    "generalAndAdministrativeExpenses": 0,
    "sellingAndMarketingExpenses": 0,
    "sellingGeneralAndAdministrativeExpenses": 86976000,
    "otherExpenses": 16022000,
    "operatingExpenses": 128767000,
    "costAndExpenses": 146037000,
    "interestIncome": 0,
    "interestExpense": 0,
    "depreciationAndAmortization": 16022000,
    "ebitda": 61343000,
    "ebitdaratio": 0.3205666865,
    "operatingIncome": 45321000,
    "operatingIncomeRatio": 0.2368388048,
    "totalOtherIncomeExpensesNet": 12985000,
    "incomeBeforeTax": 58306000,
    "incomeBeforeTaxRatio": 0.3046959103,
    "incomeTaxExpense": 19909000,
    "netIncome": 38397000,
    "netIncomeRatio": 0.2006553162,
    "eps": 0.0793,
    "epsdiluted": 0.0747,
    "weightedAverageShsOut": 483984000,
    "weightedAverageShsOutDil": 513984000,
    "link": null,
    "finalLink": null
  },
  {
    "date": "2000-03-31",
    "symbol": "GEN",
    "reportedCurrency": "USD",
    "cik": "0000849399",
    "fillingDate": "2000-03-31",
    "acceptedDate": "2000-03-31 00:00:00",
    "calendarYear": "2000",
    "period": "Q4",
    "revenue": 187225000,
    "costOfRevenue": 22360000,
    "grossProfit": 164865000,
    "grossProfitRatio": 0.8805715049,
    "researchAndDevelopmentExpenses": 24825000,
    "generalAndAdministrativeExpenses": 0,
    "sellingAndMarketingExpenses": 0,
    "sellingGeneralAndAdministrativeExpenses": 87505000,
    "otherExpenses": 11314000,
    "operatingExpenses": 123644000,
    "costAndExpenses": 146004000,
    "interestIncome": 0,
    "interestExpense": 0,
    "depreciationAndAmortization": 11314000,
    "ebitda": 52535000,
    "ebitdaratio": 0.2805982107,
    "operatingIncome": 41221000,
    "operatingIncomeRatio": 0.2201682468,
    "totalOtherIncomeExpensesNet": 6270000,
    "incomeBeforeTax": 47491000,
    "incomeBeforeTaxRatio": 0.2536573641,
    "incomeTaxExpense": 15943000,
    "netIncome": 31548000,
    "netIncomeRatio": 0.1685031379,
    "eps": 0.0652,
    "epsdiluted": 0.0614,
    "weightedAverageShsOut": 483984000,
    "weightedAverageShsOutDil": 513984000,
    "link": null,
    "finalLink": null
  },
  {
    "date": "1999-12-31",
    "symbol": "GEN",
    "reportedCurrency": "USD",
    "cik": "0000849399",
    "fillingDate": "1999-12-31",
    "acceptedDate": "1999-12-31 00:00:00",
    "calendarYear": "2000",
    "period": "Q3",
    "revenue": 200800000,
    "costOfRevenue": 24300000,
    "grossProfit": 176500000,
    "grossProfitRatio": 0.8789840637,
    "researchAndDevelopmentExpenses": 28700000,
    "generalAndAdministrativeExpenses": 0,
    "sellingAndMarketingExpenses": 0,
    "sellingGeneralAndAdministrativeExpenses": 93300000,
    "otherExpenses": 11100000,
    "operatingExpenses": 133100000,
    "costAndExpenses": 157400000,
    "interestIncome": 0,
    "interestExpense": 0,
    "depreciationAndAmortization": 11100000,
    "ebitda": 54500000,
    "ebitdaratio": 0.2714143426,
    "operatingIncome": 43400000,
    "operatingIncomeRatio": 0.2161354582,
    "totalOtherIncomeExpensesNet": 91800000,
    "incomeBeforeTax": 135200000,
    "incomeBeforeTaxRatio": 0.6733067729,
    "incomeTaxExpense": 46200000,
    "netIncome": 89000000,
    "netIncomeRatio": 0.4432270916,
    "eps": 0.19,
    "epsdiluted": 0.18,
    "weightedAverageShsOut": 467200000,
    "weightedAverageShsOutDil": 504160000,
    "link": null,
    "finalLink": null
  },
  {
    "date": "1999-09-30",
    "symbol": "GEN",
    "reportedCurrency": "USD",
    "cik": "0000849399",
    "fillingDate": "1999-09-30",
    "acceptedDate": "1999-09-30 00:00:00",
    "calendarYear": "2000",
    "period": "Q2",
    "revenue": 182500000,
    "costOfRevenue": 19800000,
    "grossProfit": 162700000,
    "grossProfitRatio": 0.8915068493,
    "researchAndDevelopmentExpenses": 28500000,
    "generalAndAdministrativeExpenses": 0,
    "sellingAndMarketingExpenses": 0,
    "sellingGeneralAndAdministrativeExpenses": 85900000,
    "otherExpenses": 16200000,
    "operatingExpenses": 130600000,
    "costAndExpenses": 150400000,
    "interestIncome": 0,
    "interestExpense": 0,
    "depreciationAndAmortization": 16200000,
    "ebitda": 48300000,
    "ebitdaratio": 0.2646575342,
    "operatingIncome": 32100000,
    "operatingIncomeRatio": 0.175890411,
    "totalOtherIncomeExpensesNet": 7000000,
    "incomeBeforeTax": 39100000,
    "incomeBeforeTaxRatio": 0.2142465753,
    "incomeTaxExpense": 13300000,
    "netIncome": 25800000,
    "netIncomeRatio": 0.141369863,
    "eps": 0.0565,
    "epsdiluted": 0.0534,
    "weightedAverageShsOut": 456272000,
    "weightedAverageShsOutDil": 483160000,
    "link": null,
    "finalLink": null
  },
  {
    "date": "1999-06-30",
    "symbol": "GEN",
    "reportedCurrency": "USD",
    "cik": "0000849399",
    "fillingDate": "1999-06-30",
    "acceptedDate": "1999-06-30 00:00:00",
    "calendarYear": "2000",
    "period": "Q1",
    "revenue": 175100000,
    "costOfRevenue": 22700000,
    "grossProfit": 152400000,
    "grossProfitRatio": 0.8703597944,
    "researchAndDevelopmentExpenses": 27600000,
    "generalAndAdministrativeExpenses": 0,
    "sellingAndMarketingExpenses": 0,
    "sellingGeneralAndAdministrativeExpenses": 82300000,
    "otherExpenses": 12000000,
    "operatingExpenses": 121900000,
    "costAndExpenses": 144600000,
    "interestIncome": 0,
    "interestExpense": 0,
    "depreciationAndAmortization": 12000000,
    "ebitda": 42500000,
    "ebitdaratio": 0.2427184466,
    "operatingIncome": 30500000,
    "operatingIncomeRatio": 0.1741861793,
    "totalOtherIncomeExpensesNet": 4900000,
    "incomeBeforeTax": 35400000,
    "incomeBeforeTaxRatio": 0.2021701885,
    "incomeTaxExpense": 11700000,
    "netIncome": 23700000,
    "netIncomeRatio": 0.1353512279,
    "eps": 0.0525,
    "epsdiluted": 0.0513,
    "weightedAverageShsOut": 451428571,
    "weightedAverageShsOutDil": 462439024,
    "link": null,
    "finalLink": null
  },
  {
    "date": "1999-03-31",
    "symbol": "GEN",
    "reportedCurrency": "USD",
    "cik": "0000849399",
    "fillingDate": "1999-03-31",
    "acceptedDate": "1999-03-31 00:00:00",
    "calendarYear": "1999",
    "period": "Q4",
    "revenue": 175700000,
    "costOfRevenue": 23300000,
    "grossProfit": 152400000,
    "grossProfitRatio": 0.8673875925,
    "researchAndDevelopmentExpenses": 26500000,
    "generalAndAdministrativeExpenses": 0,
    "sellingAndMarketingExpenses": 0,
    "sellingGeneralAndAdministrativeExpenses": 80300000,
    "otherExpenses": 11300000,
    "operatingExpenses": 118100000,
    "costAndExpenses": 141400000,
    "interestIncome": 0,
    "interestExpense": 0,
    "depreciationAndAmortization": 11300000,
    "ebitda": 45600000,
    "ebitdaratio": 0.2595332954,
    "operatingIncome": 34300000,
    "operatingIncomeRatio": 0.1952191235,
    "totalOtherIncomeExpensesNet": 16100000,
    "incomeBeforeTax": 50400000,
    "incomeBeforeTaxRatio": 0.2868525896,
    "incomeTaxExpense": 13400000,
    "netIncome": 37000000,
    "netIncomeRatio": 0.2105862265,
    "eps": 0.082,
    "epsdiluted": 0.08,
    "weightedAverageShsOut": 451428571,
    "weightedAverageShsOutDil": 462439024,
    "link": null,
    "finalLink": null
  },
  {
    "date": "1998-12-31",
    "symbol": "GEN",
    "reportedCurrency": "USD",
    "cik": "0000849399",
    "fillingDate": "1998-12-31",
    "acceptedDate": "1998-12-31 00:00:00",
    "calendarYear": "1999",
    "period": "Q3",
    "revenue": 165100000,
    "costOfRevenue": 16500000,
    "grossProfit": 148600000,
    "grossProfitRatio": 0.9000605694,
    "researchAndDevelopmentExpenses": 24400000,
    "generalAndAdministrativeExpenses": 0,
    "sellingAndMarketingExpenses": 0,
    "sellingGeneralAndAdministrativeExpenses": 81600000,
    "otherExpenses": 10100000,
    "operatingExpenses": 116100000,
    "costAndExpenses": 132600000,
    "interestIncome": 0,
    "interestExpense": 9600000,
    "depreciationAndAmortization": 10100000,
    "ebitda": 32700000,
    "ebitdaratio": 0.1980617807,
    "operatingIncome": 32500000,
    "operatingIncomeRatio": 0.1968503937,
    "totalOtherIncomeExpensesNet": -5600000,
    "incomeBeforeTax": 27400000,
    "incomeBeforeTaxRatio": 0.1659600242,
    "incomeTaxExpense": 11200000,
    "netIncome": 16200000,
    "netIncomeRatio": 0.0981223501,
    "eps": 0.0369,
    "epsdiluted": 0.0357,
    "weightedAverageShsOut": 438620690,
    "weightedAverageShsOutDil": 454285714,
    "link": null,
    "finalLink": null
  },
  {
    "date": "1998-09-30",
    "symbol": "GEN",
    "reportedCurrency": "USD",
    "cik": "0000849399",
    "fillingDate": "1998-09-30",
    "acceptedDate": "1998-09-30 00:00:00",
    "calendarYear": "1999",
    "period": "Q2",
    "revenue": 140100000,
    "costOfRevenue": 13800000,
    "grossProfit": 126300000,
    "grossProfitRatio": 0.9014989293,
    "researchAndDevelopmentExpenses": 25800000,
    "generalAndAdministrativeExpenses": 0,
    "sellingAndMarketingExpenses": 0,
    "sellingGeneralAndAdministrativeExpenses": 80900000,
    "otherExpenses": 7700000,
    "operatingExpenses": 114400000,
    "costAndExpenses": 128200000,
    "interestIncome": 0,
    "interestExpense": 13500000,
    "depreciationAndAmortization": 7700000,
    "ebitda": 4800000,
    "ebitdaratio": 0.034261242,
    "operatingIncome": 11900000,
    "operatingIncomeRatio": 0.0849393291,
    "totalOtherIncomeExpensesNet": -7500000,
    "incomeBeforeTax": 5000000,
    "incomeBeforeTaxRatio": 0.0356887937,
    "incomeTaxExpense": 2700000,
    "netIncome": 2300000,
    "netIncomeRatio": 0.0164168451,
    "eps": 0.0045,
    "epsdiluted": 0.0045,
    "weightedAverageShsOut": 506666667,
    "weightedAverageShsOutDil": 506666667,
    "link": null,
    "finalLink": null
  },
  {
    "date": "1998-06-30",
    "symbol": "GEN",
    "reportedCurrency": "USD",
    "cik": "0000849399",
    "fillingDate": "1998-06-30",
    "acceptedDate": "1998-06-30 00:00:00",
    "calendarYear": "1999",
    "period": "Q1",
    "revenue": 153100000,
    "costOfRevenue": 13200000,
    "grossProfit": 139900000,
    "grossProfitRatio": 0.9137818419,
    "researchAndDevelopmentExpenses": 54300000,
    "generalAndAdministrativeExpenses": 0,
    "sellingAndMarketingExpenses": 0,
    "sellingGeneralAndAdministrativeExpenses": 79000000,
    "otherExpenses": 7100000,
    "operatingExpenses": 140400000,
    "costAndExpenses": 153600000,
    "interestIncome": 0,
    "interestExpense": 0,
    "depreciationAndAmortization": 7100000,
    "ebitda": 20600000,
    "ebitdaratio": 0.13455258,
    "operatingIncome": -500000,
    "operatingIncomeRatio": -0.0032658393,
    "totalOtherIncomeExpensesNet": 15900000,
    "incomeBeforeTax": 400000,
    "incomeBeforeTaxRatio": 0.0026126715,
    "incomeTaxExpense": 5700000,
    "netIncome": -5300000,
    "netIncomeRatio": -0.0346178968,
    "eps": -0.0114,
    "epsdiluted": -0.0114,
    "weightedAverageShsOut": 462912000,
    "weightedAverageShsOutDil": 462912000,
    "link": null,
    "finalLink": null
  },
  {
    "date": "1998-03-31",
    "symbol": "GEN",
    "reportedCurrency": "USD",
    "cik": "0000849399",
    "fillingDate": "1998-03-31",
    "acceptedDate": "1998-03-31 00:00:00",
    "calendarYear": "1998",
    "period": "Q4",
    "revenue": 156100000,
    "costOfRevenue": 15000000,
    "grossProfit": 141100000,
    "grossProfitRatio": 0.9039077514,
    "researchAndDevelopmentExpenses": 24200000,
    "generalAndAdministrativeExpenses": 0,
    "sellingAndMarketingExpenses": 0,
    "sellingGeneralAndAdministrativeExpenses": 80600000,
    "otherExpenses": 6500000,
    "operatingExpenses": 111300000,
    "costAndExpenses": 126300000,
    "interestIncome": 0,
    "interestExpense": 0,
    "depreciationAndAmortization": 6500000,
    "ebitda": 36300000,
    "ebitdaratio": 0.2325432415,
    "operatingIncome": 29800000,
    "operatingIncomeRatio": 0.1909032671,
    "totalOtherIncomeExpensesNet": 2300000,
    "incomeBeforeTax": 32100000,
    "incomeBeforeTaxRatio": 0.2056374119,
    "incomeTaxExpense": 8000000,
    "netIncome": 24100000,
    "netIncomeRatio": 0.1543882127,
    "eps": 0.0512,
    "epsdiluted": 0.0512,
    "weightedAverageShsOut": 451984734,
    "weightedAverageShsOutDil": 471111111,
    "link": null,
    "finalLink": null
  },
  {
    "date": "1997-12-31",
    "symbol": "GEN",
    "reportedCurrency": "USD",
    "cik": "0000849399",
    "fillingDate": "1997-12-31",
    "acceptedDate": "1997-12-31 00:00:00",
    "calendarYear": "1998",
    "period": "Q3",
    "revenue": 148200000,
    "costOfRevenue": 15700000,
    "grossProfit": 132500000,
    "grossProfitRatio": 0.8940620783,
    "researchAndDevelopmentExpenses": 21900000,
    "generalAndAdministrativeExpenses": 0,
    "sellingAndMarketingExpenses": 0,
    "sellingGeneralAndAdministrativeExpenses": 77700000,
    "otherExpenses": 6900000,
    "operatingExpenses": 106500000,
    "costAndExpenses": 122200000,
    "interestIncome": 0,
    "interestExpense": 0,
    "depreciationAndAmortization": 6900000,
    "ebitda": 32900000,
    "ebitdaratio": 0.2219973009,
    "operatingIncome": 26000000,
    "operatingIncomeRatio": 0.1754385965,
    "totalOtherIncomeExpensesNet": 3100000,
    "incomeBeforeTax": 29100000,
    "incomeBeforeTaxRatio": 0.1963562753,
    "incomeTaxExpense": 7300000,
    "netIncome": 21800000,
    "netIncomeRatio": 0.1470985155,
    "eps": 0.0488,
    "epsdiluted": 0.0463,
    "weightedAverageShsOut": 447179487,
    "weightedAverageShsOutDil": 471351351,
    "link": null,
    "finalLink": null
  },
  {
    "date": "1997-09-30",
    "symbol": "GEN",
    "reportedCurrency": "USD",
    "cik": "0000849399",
    "fillingDate": "1997-09-30",
    "acceptedDate": "1997-09-30 00:00:00",
    "calendarYear": "1998",
    "period": "Q2",
    "revenue": 139000000,
    "costOfRevenue": 15500000,
    "grossProfit": 123500000,
    "grossProfitRatio": 0.8884892086,
    "researchAndDevelopmentExpenses": 23600000,
    "generalAndAdministrativeExpenses": 0,
    "sellingAndMarketingExpenses": 0,
    "sellingGeneralAndAdministrativeExpenses": 70300000,
    "otherExpenses": 6900000,
    "operatingExpenses": 100800000,
    "costAndExpenses": 116300000,
    "interestIncome": 0,
    "interestExpense": 0,
    "depreciationAndAmortization": 6900000,
    "ebitda": 29600000,
    "ebitdaratio": 0.2129496403,
    "operatingIncome": 22700000,
    "operatingIncomeRatio": 0.1633093525,
    "totalOtherIncomeExpensesNet": 4000000,
    "incomeBeforeTax": 26700000,
    "incomeBeforeTaxRatio": 0.1920863309,
    "incomeTaxExpense": 6100000,
    "netIncome": 20600000,
    "netIncomeRatio": 0.1482014388,
    "eps": 0.0463,
    "epsdiluted": 0.0437,
    "weightedAverageShsOut": 445405405,
    "weightedAverageShsOutDil": 470857143,
    "link": null,
    "finalLink": null
  },
  {
    "date": "1997-06-30",
    "symbol": "GEN",
    "reportedCurrency": "USD",
    "cik": "0000849399",
    "fillingDate": "1997-06-30",
    "acceptedDate": "1997-06-30 00:00:00",
    "calendarYear": "1998",
    "period": "Q1",
    "revenue": 135000000,
    "costOfRevenue": 14500000,
    "grossProfit": 120500000,
    "grossProfitRatio": 0.8925925926,
    "researchAndDevelopmentExpenses": 21600000,
    "generalAndAdministrativeExpenses": 0,
    "sellingAndMarketingExpenses": 0,
    "sellingGeneralAndAdministrativeExpenses": 70700000,
    "otherExpenses": 6400000,
    "operatingExpenses": 98700000,
    "costAndExpenses": 113200000,
    "interestIncome": 0,
    "interestExpense": 0,
    "depreciationAndAmortization": 6400000,
    "ebitda": 28200000,
    "ebitdaratio": 0.2088888889,
    "operatingIncome": 21800000,
    "operatingIncomeRatio": 0.1614814815,
    "totalOtherIncomeExpensesNet": 2200000,
    "incomeBeforeTax": 24000000,
    "incomeBeforeTaxRatio": 0.1777777778,
    "incomeTaxExpense": 5500000,
    "netIncome": 18500000,
    "netIncomeRatio": 0.137037037,
    "eps": 0.0413,
    "epsdiluted": 0.04,
    "weightedAverageShsOut": 448484848,
    "weightedAverageShsOutDil": 462500000,
    "link": null,
    "finalLink": null
  },
  {
    "date": "1997-03-31",
    "symbol": "GEN",
    "reportedCurrency": "USD",
    "cik": "0000849399",
    "fillingDate": "1997-03-31",
    "acceptedDate": "1997-03-31 00:00:00",
    "calendarYear": "1997",
    "period": "Q4",
    "revenue": 129700000,
    "costOfRevenue": 17700000,
    "grossProfit": 112000000,
    "grossProfitRatio": 0.8635312259,
    "researchAndDevelopmentExpenses": 24100000,
    "generalAndAdministrativeExpenses": 0,
    "sellingAndMarketingExpenses": 0,
    "sellingGeneralAndAdministrativeExpenses": 58000000,
    "otherExpenses": 11600000,
    "operatingExpenses": 93700000,
    "costAndExpenses": 111400000,
    "interestIncome": 0,
    "interestExpense": 16800000,
    "depreciationAndAmortization": 11600000,
    "ebitda": 29900000,
    "ebitdaratio": 0.2305319969,
    "operatingIncome": 18300000,
    "operatingIncomeRatio": 0.1410948342,
    "totalOtherIncomeExpensesNet": -8700000,
    "incomeBeforeTax": 9600000,
    "incomeBeforeTaxRatio": 0.0740169622,
    "incomeTaxExpense": 1400000,
    "netIncome": 8200000,
    "netIncomeRatio": 0.0632228219,
    "eps": 0.0183,
    "epsdiluted": 0.0177,
    "weightedAverageShsOut": 448484848,
    "weightedAverageShsOutDil": 462500000,
    "link": null,
    "finalLink": null
  },
  {
    "date": "1996-12-31",
    "symbol": "GEN",
    "reportedCurrency": "USD",
    "cik": "0000849399",
    "fillingDate": "1996-12-31",
    "acceptedDate": "1996-12-31 00:00:00",
    "calendarYear": "1997",
    "period": "Q3",
    "revenue": 124100000,
    "costOfRevenue": 15100000,
    "grossProfit": 109000000,
    "grossProfitRatio": 0.8783239323,
    "researchAndDevelopmentExpenses": 21000000,
    "generalAndAdministrativeExpenses": 0,
    "sellingAndMarketingExpenses": 0,
    "sellingGeneralAndAdministrativeExpenses": 66400000,
    "otherExpenses": 6900000,
    "operatingExpenses": 94300000,
    "costAndExpenses": 109400000,
    "interestIncome": 0,
    "interestExpense": 0,
    "depreciationAndAmortization": 6900000,
    "ebitda": 21600000,
    "ebitdaratio": 0.1740531829,
    "operatingIncome": 14700000,
    "operatingIncomeRatio": 0.1184528606,
    "totalOtherIncomeExpensesNet": 1600000,
    "incomeBeforeTax": 16300000,
    "incomeBeforeTaxRatio": 0.131345689,
    "incomeTaxExpense": 2400000,
    "netIncome": 13900000,
    "netIncomeRatio": 0.1120064464,
    "eps": 0.0313,
    "epsdiluted": 0.0313,
    "weightedAverageShsOut": 444800000,
    "weightedAverageShsOutDil": 444800000,
    "link": null,
    "finalLink": null
  },
  {
    "date": "1996-09-30",
    "symbol": "GEN",
    "reportedCurrency": "USD",
    "cik": "0000849399",
    "fillingDate": "1996-09-30",
    "acceptedDate": "1996-09-30 00:00:00",
    "calendarYear": "1997",
    "period": "Q2",
    "revenue": 109200000,
    "costOfRevenue": 12600000,
    "grossProfit": 96600000,
    "grossProfitRatio": 0.8846153846,
    "researchAndDevelopmentExpenses": 20800000,
    "generalAndAdministrativeExpenses": 0,
    "sellingAndMarketingExpenses": 0,
    "sellingGeneralAndAdministrativeExpenses": 68100000,
    "otherExpenses": 8100000,
    "operatingExpenses": 97000000,
    "costAndExpenses": 109600000,
    "interestIncome": 0,
    "interestExpense": 0,
    "depreciationAndAmortization": 8100000,
    "ebitda": 7700000,
    "ebitdaratio": 0.0705128205,
    "operatingIncome": -400000,
    "operatingIncomeRatio": -0.0036630037,
    "totalOtherIncomeExpensesNet": 1400000,
    "incomeBeforeTax": 1000000,
    "incomeBeforeTaxRatio": 0.0091575092,
    "incomeTaxExpense": 100000,
    "netIncome": 900000,
    "netIncomeRatio": 0.0082417582,
    "eps": 0.0025,
    "epsdiluted": 0.0025,
    "weightedAverageShsOut": 360000000,
    "weightedAverageShsOutDil": 360000000,
    "link": null,
    "finalLink": null
  },
  {
    "date": "1996-06-30",
    "symbol": "GEN",
    "reportedCurrency": "USD",
    "cik": "0000849399",
    "fillingDate": "1996-06-30",
    "acceptedDate": "1996-06-30 00:00:00",
    "calendarYear": "1997",
    "period": "Q1",
    "revenue": 109200000,
    "costOfRevenue": 14900000,
    "grossProfit": 94300000,
    "grossProfitRatio": 0.8635531136,
    "researchAndDevelopmentExpenses": 23000000,
    "generalAndAdministrativeExpenses": 0,
    "sellingAndMarketingExpenses": 0,
    "sellingGeneralAndAdministrativeExpenses": 62300000,
    "otherExpenses": 6600000,
    "operatingExpenses": 91900000,
    "costAndExpenses": 106800000,
    "interestIncome": 0,
    "interestExpense": 0,
    "depreciationAndAmortization": 6600000,
    "ebitda": 9000000,
    "ebitdaratio": 0.0824175824,
    "operatingIncome": 2400000,
    "operatingIncomeRatio": 0.021978022,
    "totalOtherIncomeExpensesNet": 900000,
    "incomeBeforeTax": 3300000,
    "incomeBeforeTaxRatio": 0.0302197802,
    "incomeTaxExpense": 300000,
    "netIncome": 3000000,
    "netIncomeRatio": 0.0274725275,
    "eps": 0.0075,
    "epsdiluted": 0.0075,
    "weightedAverageShsOut": 400000000,
    "weightedAverageShsOutDil": 400000000,
    "link": null,
    "finalLink": null
  },
  {
    "date": "1996-03-31",
    "symbol": "GEN",
    "reportedCurrency": "USD",
    "cik": "0000849399",
    "fillingDate": "1996-03-31",
    "acceptedDate": "1996-03-31 00:00:00",
    "calendarYear": "1996",
    "period": "Q4",
    "revenue": 115900000,
    "costOfRevenue": 18100000,
    "grossProfit": 97800000,
    "grossProfitRatio": 0.8438308887,
    "researchAndDevelopmentExpenses": 43300000,
    "generalAndAdministrativeExpenses": 0,
    "sellingAndMarketingExpenses": 0,
    "sellingGeneralAndAdministrativeExpenses": 43600000,
    "otherExpenses": 2500000,
    "operatingExpenses": 89400000,
    "costAndExpenses": 107500000,
    "interestIncome": 0,
    "interestExpense": 0,
    "depreciationAndAmortization": 2500000,
    "ebitda": 10900000,
    "ebitdaratio": 0.0940465919,
    "operatingIncome": 8400000,
    "operatingIncomeRatio": 0.0724762726,
    "totalOtherIncomeExpensesNet": -500000,
    "incomeBeforeTax": 7900000,
    "incomeBeforeTaxRatio": 0.0681622088,
    "incomeTaxExpense": 0,
    "netIncome": 7900000,
    "netIncomeRatio": 0.0681622088,
    "eps": 0.0198,
    "epsdiluted": 0.0198,
    "weightedAverageShsOut": 400000000,
    "weightedAverageShsOutDil": 400000000,
    "link": null,
    "finalLink": null
  },
  {
    "date": "1995-12-31",
    "symbol": "GEN",
    "reportedCurrency": "USD",
    "cik": "0000849399",
    "fillingDate": "1995-12-31",
    "acceptedDate": "1995-12-31 00:00:00",
    "calendarYear": "1996",
    "period": "Q3",
    "revenue": 111100000,
    "costOfRevenue": 4400000,
    "grossProfit": 106700000,
    "grossProfitRatio": 0.9603960396,
    "researchAndDevelopmentExpenses": 26300000,
    "generalAndAdministrativeExpenses": 0,
    "sellingAndMarketingExpenses": 0,
    "sellingGeneralAndAdministrativeExpenses": 66500000,
    "otherExpenses": 26700000,
    "operatingExpenses": 119500000,
    "costAndExpenses": 123900000,
    "interestIncome": 0,
    "interestExpense": 23700000,
    "depreciationAndAmortization": 26700000,
    "ebitda": 13900000,
    "ebitdaratio": 0.1251125113,
    "operatingIncome": -12800000,
    "operatingIncomeRatio": -0.1152115212,
    "totalOtherIncomeExpensesNet": 12800000,
    "incomeBeforeTax": -12800000,
    "incomeBeforeTaxRatio": -0.1152115212,
    "incomeTaxExpense": 47800000,
    "netIncome": -36900000,
    "netIncomeRatio": -0.3321332133,
    "eps": -0.0862,
    "epsdiluted": -0.0862,
    "weightedAverageShsOut": 427826087,
    "weightedAverageShsOutDil": 427826087,
    "link": null,
    "finalLink": null
  },
  {
    "date": "1995-09-30",
    "symbol": "GEN",
    "reportedCurrency": "USD",
    "cik": "0000849399",
    "fillingDate": "1995-09-30",
    "acceptedDate": "1995-09-30 00:00:00",
    "calendarYear": "1996",
    "period": "Q2",
    "revenue": 102800000,
    "costOfRevenue": 11100000,
    "grossProfit": 91700000,
    "grossProfitRatio": 0.8920233463,
    "researchAndDevelopmentExpenses": 19400000,
    "generalAndAdministrativeExpenses": 0,
    "sellingAndMarketingExpenses": 0,
    "sellingGeneralAndAdministrativeExpenses": 52800000,
    "otherExpenses": 4900000,
    "operatingExpenses": 77100000,
    "costAndExpenses": 88200000,
    "interestIncome": 0,
    "interestExpense": 0,
    "depreciationAndAmortization": 4900000,
    "ebitda": 19500000,
    "ebitdaratio": 0.189688716,
    "operatingIncome": 14600000,
    "operatingIncomeRatio": 0.1420233463,
    "totalOtherIncomeExpensesNet": 1500000,
    "incomeBeforeTax": 16100000,
    "incomeBeforeTaxRatio": 0.156614786,
    "incomeTaxExpense": 3200000,
    "netIncome": 12900000,
    "netIncomeRatio": 0.1254863813,
    "eps": 0.0387,
    "epsdiluted": 0.0375,
    "weightedAverageShsOut": 332903226,
    "weightedAverageShsOutDil": 344000000,
    "link": null,
    "finalLink": null
  }
]