[
  {
    "date": "2025-03-28",
    "symbol": "GEN",
    "reportedCurrency": "USD",
    "cik": "0000849399",
    "fillingDate": "2025-05-15",
    "acceptedDate": "2025-05-15 17:20:31",
    "calendarYear": "2025",
    "period": "FY",
    "revenue": 3935000000,
    "costOfRevenue": 776000000,
    "grossProfit": 3159000000,
    "grossProfitRatio": 0.8027954257,
    "researchAndDevelopmentExpenses": 329000000,
    "generalAndAdministrativeExpenses": 291000000,
    "sellingAndMarketingExpenses": 745000000,
    "sellingGeneralAndAdministrativeExpenses": 1036000000,
    "otherExpenses": 184000000,
    "operatingExpenses": 1549000000,
    "costAndExpenses": 2325000000,
    "interestIncome": 28000000,
    "interestExpense": 578000000,
    "depreciationAndAmortization": 419000000,
    "ebitda": 2026000000,
    "ebitdaratio": 0.514866582,
    "operatingIncome": 1610000000,
    "operatingIncomeRatio": 0.4091486658,
    "totalOtherIncomeExpensesNet": -581000000,
    "incomeBeforeTax": 1029000000,
    "incomeBeforeTaxRatio": 0.2614993647,
    "incomeTaxExpense": 386000000,
    "netIncome": 643000000,
    "netIncomeRatio": 0.1634053367,
    "eps": 1.04,
    "epsdiluted": 1.03,
    "weightedAverageShsOut": 617000000,
    "weightedAverageShsOutDil": 624000000,
    "link": "https://www.sec.gov/Archives/edgar/data/849399/000084939925000033/0000849399-25-000033-index.htm",
    "finalLink": "https://www.sec.gov/Archives/edgar/data/849399/000084939925000033/gen-20250328.htm"
  },
  {
    "date": "2024-03-29",
    "symbol": "GEN",
    "reportedCurrency": "USD",
    "cik": "0000849399",
    "fillingDate": "2024-05-16",
    "acceptedDate": "2024-05-15 19:45:16",
    "calendarYear": "2024",
    "period": "FY",
    "revenue": 3800000000,
    "costOfRevenue": 731000000,
    "grossProfit": 3069000000,
    "grossProfitRatio": 0.8076315789,
    "researchAndDevelopmentExpenses": 332000000,
    "generalAndAdministrativeExpenses": 604000000,
    "sellingAndMarketingExpenses": 733000000,
    "sellingGeneralAndAdministrativeExpenses": 1337000000,
    "otherExpenses": 290000000,
    "operatingExpenses": 1959000000,
    "costAndExpenses": 2690000000,
    "interestIncome": 25000000,
    "interestExpense": 669000000,
    "depreciationAndAmortization": 485000000,
    "ebitda": 1601000000,
    "ebitdaratio": 0.4213157895,
    "operatingIncome": 1110000000,
    "operatingIncomeRatio": 0.2921052632,
    "totalOtherIncomeExpensesNet": -663000000,
    "incomeBeforeTax": 447000000,
    "incomeBeforeTaxRatio": 0.1176315789,
    "incomeTaxExpense": -160000000,
    "netIncome": 607000000,
    "netIncomeRatio": 0.1597368421,
    "eps": 0.95,
    "epsdiluted": 0.95,
    "weightedAverageShsOut": 637000000,
    "weightedAverageShsOutDil": 642000000,
    "link": "https://www.sec.gov/Archives/edgar/data/849399/000084939924000036/0000849399-24-000036-index.htm",
    "finalLink": "https://www.sec.gov/Archives/edgar/data/849399/000084939924000036/gen-20240329.htm"
  },
  {
    "date": "2023-03-31",
    "symbol": "GEN",
    "reportedCurrency": "USD",
    "cik": "0000849399",
    "fillingDate": "2023-05-25",
    "acceptedDate": "2023-05-24 20:36:47",
    "calendarYear": "2023",
    "period": "FY",
    "revenue": 3317000000,
    "costOfRevenue": 589000000,
    "grossProfit": 2728000000,
    "grossProfitRatio": 0.8224299065,
    "researchAndDevelopmentExpenses": 313000000,
    "generalAndAdministrativeExpenses": 286000000,
    "sellingAndMarketingExpenses": 682000000,
    "sellingGeneralAndAdministrativeExpenses": 968000000,
    "otherExpenses": 241000000,
    "operatingExpenses": 1522000000,
    "costAndExpenses": 2111000000,
    "interestIncome": 15000000,
    "interestExpense": 401000000,
    "depreciationAndAmortization": 352000000,
    "ebitda": 1557000000,
    "ebitdaratio": 0.4694000603,
    "operatingIncome": 1206000000,
    "operatingIncomeRatio": 0.3635815496,
    "totalOtherIncomeExpensesNet": -423000000,
    "incomeBeforeTax": 783000000,
    "incomeBeforeTaxRatio": 0.2360566777,
    "incomeTaxExpense": -551000000,
    "netIncome": 1349000000,
    "netIncomeRatio": 0.4066927947,
    "eps": 2.17,
    "epsdiluted": 2.14,
    "weightedAverageShsOut": 614000000,
    "weightedAverageShsOutDil": 624000000,
    "link": "https://www.sec.gov/Archives/edgar/data/849399/000084939923000014/0000849399-23-000014-index.htm",
    "finalLink": "https://www.sec.gov/Archives/edgar/data/849399/000084939923000014/gen-20230331.htm"
  },
  {
    "date": "2022-04-01",
    "symbol": "GEN",
    "reportedCurrency": "USD",
    "cik": "0000849399",
    "fillingDate": "2022-05-20",
    "acceptedDate": "2022-05-20 20:54:35",
    "calendarYear": "2022",
    "period": "FY",
    "revenue": 2796000000,
    "costOfRevenue": 408000000,
    "grossProfit": 2388000000,
    "grossProfitRatio": 0.8540772532,
    "researchAndDevelopmentExpenses": 253000000,
    "generalAndAdministrativeExpenses": 392000000,
    "sellingAndMarketingExpenses": 622000000,
    "sellingGeneralAndAdministrativeExpenses": 1014000000,
    "otherExpenses": 116000000,
    "operatingExpenses": 1383000000,
    "costAndExpenses": 1791000000,
    "interestIncome": 0,
    "interestExpense": 126000000,
    "depreciationAndAmortization": 160000000,
    "ebitda": 1328000000,
    "ebitdaratio": 0.4749642346,
    "operatingIncome": 1005000000,
    "operatingIncomeRatio": 0.3594420601,
    "totalOtherIncomeExpensesNet": 37000000,
    "incomeBeforeTax": 1042000000,
    "incomeBeforeTaxRatio": 0.3726752504,
    "incomeTaxExpense": 206000000,
    "netIncome": 836000000,
    "netIncomeRatio": 0.2989985694,
    "eps": 1.44,
    "epsdiluted": 1.41,
    "weightedAverageShsOut": 581000000,
    "weightedAverageShsOutDil": 591000000,
    "link": "https://www.sec.gov/Archives/edgar/data/849399/000084939922000013/0000849399-22-000013-index.htm",
    "finalLink": "https://www.sec.gov/Archives/edgar/data/849399/000084939922000013/nlok-20220401.htm"
  },
  {
    "date": "2021-04-02",
    "symbol": "GEN",
    "reportedCurrency": "USD",
    "cik": "0000849399",
    "fillingDate": "2021-05-21",
    "acceptedDate": "2021-05-21 21:07:16",
    "calendarYear": "2021",
    "period": "FY",
    "revenue": 2551000000,
    "costOfRevenue": 362000000,
    "grossProfit": 2189000000,
    "grossProfitRatio": 0.8580948648,
    "researchAndDevelopmentExpenses": 267000000,
    "generalAndAdministrativeExpenses": 215000000,
    "sellingAndMarketingExpenses": 576000000,
    "sellingGeneralAndAdministrativeExpenses": 791000000,
    "otherExpenses": 235000000,
    "operatingExpenses": 1293000000,
    "costAndExpenses": 1655000000,
    "interestIncome": 4000000,
    "interestExpense": 144000000,
    "depreciationAndAmortization": 172000000,
    "ebitda": 1188000000,
    "ebitdaratio": 0.4656997256,
    "operatingIncome": 896000000,
    "operatingIncomeRatio": 0.3512348099,
    "totalOtherIncomeExpensesNet": -24000000,
    "incomeBeforeTax": 872000000,
    "incomeBeforeTaxRatio": 0.3418267346,
    "incomeTaxExpense": 176000000,
    "netIncome": 554000000,
    "netIncomeRatio": 0.2171697374,
    "eps": 0.94,
    "epsdiluted": 0.92,
    "weightedAverageShsOut": 589000000,
    "weightedAverageShsOutDil": 600000000,
    "link": "https://www.sec.gov/Archives/edgar/data/849399/000084939921000010/0000849399-21-000010-index.htm",
    "finalLink": "https://www.sec.gov/Archives/edgar/data/849399/000084939921000010/nlok-20210402.htm"
  },
  {
    "date": "2020-04-03",
    "symbol": "GEN",
    "reportedCurrency": "USD",
    "cik": "0000849399",
    "fillingDate": "2020-05-28",
    "acceptedDate": "2020-05-28 20:34:42",
    "calendarYear": "2020",
    "period": "FY",
    "revenue": 2490000000,
    "costOfRevenue": 393000000,
    "grossProfit": 2097000000,
    "grossProfitRatio": 0.8421686747,
    "researchAndDevelopmentExpenses": 328000000,
    "generalAndAdministrativeExpenses": 368000000,
    "sellingAndMarketingExpenses": 701000000,
    "sellingGeneralAndAdministrativeExpenses": 1069000000,
    "otherExpenses": 79000000,
    "operatingExpenses": 1476000000,
    "costAndExpenses": 1869000000,
    "interestIncome": 80000000,
    "interestExpense": 196000000,
    "depreciationAndAmortization": 271000000,
    "ebitda": 1286000000,
    "ebitdaratio": 0.5164658635,
    "operatingIncome": 1281000000,
    "operatingIncomeRatio": 0.5144578313,
    "totalOtherIncomeExpensesNet": -462000000,
    "incomeBeforeTax": 819000000,
    "incomeBeforeTaxRatio": 0.3289156627,
    "incomeTaxExpense": 241000000,
    "netIncome": 578000000,
    "netIncomeRatio": 0.2321285141,
    "eps": 0.94,
    "epsdiluted": 0.9,
    "weightedAverageShsOut": 615000000,
    "weightedAverageShsOutDil": 643000000,
    "link": "https://www.sec.gov/Archives/edgar/data/849399/000084939920000004/0000849399-20-000004-index.htm",
    "finalLink": "https://www.sec.gov/Archives/edgar/data/849399/000084939920000004/nlokfy2010-k.htm"
  },
  {
    "date": "2019-03-31",
    "symbol": "GEN",
    "reportedCurrency": "USD",
    "cik": "0000849399",
    "fillingDate": "2019-03-31",
    "acceptedDate": "2019-03-31 00:00:00",
    "calendarYear": "2019",
    "period": "FY",
    "revenue": 4731000000,
    "costOfRevenue": 1050000000,
    "grossProfit": 3681000000,
    "grossProfitRatio": 0.7780596068,
    "researchAndDevelopmentExpenses": 913000000,
    "generalAndAdministrativeExpenses": 447000000,
    "sellingAndMarketingExpenses": 1493000000,
    "sellingGeneralAndAdministrativeExpenses": 1940000000,
    "otherExpenses": -64000000,
    "operatingExpenses": 3060000000,
    "costAndExpenses": 4110000000,
    "interestIncome": 42000000,
    "interestExpense": 208000000,
    "depreciationAndAmortization": 249000000,
    "ebitda": 350000000,
    "ebitdaratio": 0.0739801311,
    "operatingIncome": 380000000,
    "operatingIncomeRatio": 0.0803212851,
    "totalOtherIncomeExpensesNet": -265000000,
    "incomeBeforeTax": 108000000,
    "incomeBeforeTaxRatio": 0.0228281547,
    "incomeTaxExpense": 92000000,
    "netIncome": 31000000,
    "netIncomeRatio": 0.0065525259,
    "eps": 0.0491,
    "epsdiluted": 0.0491,
    "weightedAverageShsOut": 632000000,
    "weightedAverageShsOutDil": 632000000,
    "link": null,
    "finalLink": null
  },
  {
    "date": "2018-03-31",
    "symbol": "GEN",
    "reportedCurrency": "USD",
    "cik": "0000849399",
    "fillingDate": "2018-03-31",
    "acceptedDate": "2018-03-31 00:00:00",
    "calendarYear": "2018",
    "period": "FY",
    "revenue": 4846000000,
    "costOfRevenue": 1032000000,
    "grossProfit": 3814000000,
    "grossProfitRatio": 0.7870408584,
    "researchAndDevelopmentExpenses": 957000000,
    "generalAndAdministrativeExpenses": 578000000,
    "sellingAndMarketingExpenses": 1593000000,
    "sellingGeneralAndAdministrativeExpenses": 2171000000,
    "otherExpenses": -5000000,
    "operatingExpenses": 3348000000,
    "costAndExpenses": 4380000000,
    "interestIncome": 24000000,
    "interestExpense": 256000000,
    "depreciationAndAmortization": 640000000,
    "ebitda": 1333000000,
    "ebitdaratio": 0.2750722245,
    "operatingIncome": 49000000,
    "operatingIncomeRatio": 0.0101114321,
    "totalOtherIncomeExpensesNet": -275000000,
    "incomeBeforeTax": 441000000,
    "incomeBeforeTaxRatio": 0.091002889,
    "incomeTaxExpense": -710000000,
    "netIncome": 1162000000,
    "netIncomeRatio": 0.23978539,
    "eps": 1.74,
    "epsdiluted": 1.74,
    "weightedAverageShsOut": 668000000,
    "weightedAverageShsOutDil": 668000000,
    "link": null,
    "finalLink": null
  },
  {
    "date": "2017-03-31",
    "symbol": "GEN",
    "reportedCurrency": "USD",
    "cik": "0000849399",
    "fillingDate": "2017-03-31",
    "acceptedDate": "2017-03-31 00:00:00",
    "calendarYear": "2017",
    "period": "FY",
    "revenue": 4019000000,
    "costOfRevenue": 853000000,
    "grossProfit": 3166000000,
    "grossProfitRatio": 0.7877581488,
    "researchAndDevelopmentExpenses": 823000000,
    "generalAndAdministrativeExpenses": 564000000,
    "sellingAndMarketingExpenses": 1459000000,
    "sellingGeneralAndAdministrativeExpenses": 2023000000,
    "otherExpenses": 25000000,
    "operatingExpenses": 2993000000,
    "costAndExpenses": 3846000000,
    "interestIncome": 21000000,
    "interestExpense": 208000000,
    "depreciationAndAmortization": 530000000,
    "ebitda": 476000000,
    "ebitdaratio": 0.1184374222,
    "operatingIncome": -100000000,
    "operatingIncomeRatio": -0.0248818114,
    "totalOtherIncomeExpensesNet": -435000000,
    "incomeBeforeTax": -262000000,
    "incomeBeforeTaxRatio": -0.0651903459,
    "incomeTaxExpense": -26000000,
    "netIncome": -106000000,
    "netIncomeRatio": -0.0263747201,
    "eps": -0.17,
    "epsdiluted": -0.17,
    "weightedAverageShsOut": 618000000,
    "weightedAverageShsOutDil": 618000000,
    "link": null,
    "finalLink": null
  },
  {
    "date": "2016-03-31",
    "symbol": "GEN",
    "reportedCurrency": "USD",
    "cik": "0000849399",
    "fillingDate": "2016-03-31",
    "acceptedDate": "2016-03-31 00:00:00",
    "calendarYear": "2016",
    "period": "FY",
    "revenue": 3600000000,
    "costOfRevenue": 615000000,
    "grossProfit": 2985000000,
    "grossProfitRatio": 0.8291666667,
    "researchAndDevelopmentExpenses": 748000000,
    "generalAndAdministrativeExpenses": 295000000,
    "sellingAndMarketingExpenses": 1292000000,
    "sellingGeneralAndAdministrativeExpenses": 1587000000,
    "otherExpenses": 57000000,
    "operatingExpenses": 2392000000,
    "costAndExpenses": 3007000000,
    "interestIncome": 10000000,
    "interestExpense": 75000000,
    "depreciationAndAmortization": 299000000,
    "ebitda": 766000000,
    "ebitdaratio": 0.2127777778,
    "operatingIncome": 457000000,
    "operatingIncomeRatio": 0.1269444444,
    "totalOtherIncomeExpensesNet": -201000000,
    "incomeBeforeTax": 392000000,
    "incomeBeforeTaxRatio": 0.1088888889,
    "incomeTaxExpense": 1213000000,
    "netIncome": 2488000000,
    "netIncomeRatio": 0.6911111111,
    "eps": 3.71,
    "epsdiluted": 3.71,
    "weightedAverageShsOut": 667479674,
    "weightedAverageShsOutDil": 670000000,
    "link": null,
    "finalLink": null
  },
  {
    "date": "2015-03-31",
    "symbol": "GEN",
    "reportedCurrency": "USD",
    "cik": "0000849399",
    "fillingDate": "2015-03-31",
    "acceptedDate": "2015-03-31 00:00:00",
    "calendarYear": "2015",
    "period": "FY",
    "revenue": 6508000000,
    "costOfRevenue": 1153000000,
    "grossProfit": 5355000000,
    "grossProfitRatio": 0.8228334358,
    "researchAndDevelopmentExpenses": 1144000000,
    "generalAndAdministrativeExpenses": 379000000,
    "sellingAndMarketingExpenses": 2323000000,
    "sellingGeneralAndAdministrativeExpenses": 2702000000,
    "otherExpenses": 11000000,
    "operatingExpenses": 3954000000,
    "costAndExpenses": 5107000000,
    "interestIncome": 12000000,
    "interestExpense": 79000000,
    "depreciationAndAmortization": 439000000,
    "ebitda": 530000000,
    "ebitdaratio": 0.0814382299,
    "operatingIncome": 1149000000,
    "operatingIncomeRatio": 0.1765519361,
    "totalOtherIncomeExpensesNet": -53000000,
    "incomeBeforeTax": 1093000000,
    "incomeBeforeTaxRatio": 0.167947142,
    "incomeTaxExpense": 215000000,
    "netIncome": 878000000,
    "netIncomeRatio": 0.1349108789,
    "eps": 1.27,
    "epsdiluted": 1.26,
    "weightedAverageShsOut": 689000000,
    "weightedAverageShsOutDil": 696000000,
    "link": null,
    "finalLink": null
  },
  {
    "date": "2014-03-31",
    "symbol": "GEN",
    "reportedCurrency": "USD",
    "cik": "0000849399",
    "fillingDate": "2014-03-31",
    "acceptedDate": "2014-03-31 00:00:00",
    "calendarYear": "2014",
    "period": "FY",
    "revenue": 6676000000,
    "costOfRevenue": 1149000000,
    "grossProfit": 5527000000,
    "grossProfitRatio": 0.8278909527,
    "researchAndDevelopmentExpenses": 1038000000,
    "generalAndAdministrativeExpenses": 445000000,
    "sellingAndMarketingExpenses": 2435000000,
    "sellingGeneralAndAdministrativeExpenses": 2880000000,
    "otherExpenses": 45000000,
    "operatingExpenses": 4074000000,
    "costAndExpenses": 5223000000,
    "interestIncome": 11000000,
    "interestExpense": 84000000,
    "depreciationAndAmortization": 491000000,
    "ebitda": 1731000000,
    "ebitdaratio": 0.2592869982,
    "operatingIncome": 1183000000,
    "operatingIncomeRatio": 0.1772019173,
    "totalOtherIncomeExpensesNet": -284000000,
    "incomeBeforeTax": 1156000000,
    "incomeBeforeTaxRatio": 0.1731575794,
    "incomeTaxExpense": 258000000,
    "netIncome": 898000000,
    "netIncomeRatio": 0.1345116836,
    "eps": 1.29,
    "epsdiluted": 1.28,
    "weightedAverageShsOut": 696000000,
    "weightedAverageShsOutDil": 704000000,
    "link": null,
    "finalLink": null
  },
  {
    "date": "2013-03-31",
    "symbol": "GEN",
    "reportedCurrency": "USD",
    "cik": "0000849399",
    "fillingDate": "2013-03-31",
    "acceptedDate": "2013-03-31 00:00:00",
    "calendarYear": "2013",
    "period": "FY",
    "revenue": 6906000000,
    "costOfRevenue": 1175000000,
    "grossProfit": 5731000000,
    "grossProfitRatio": 0.8298580944,
    "researchAndDevelopmentExpenses": 1012000000,
    "generalAndAdministrativeExpenses": 450000000,
    "sellingAndMarketingExpenses": 2735000000,
    "sellingGeneralAndAdministrativeExpenses": 3185000000,
    "otherExpenses": 27000000,
    "operatingExpenses": 4483000000,
    "costAndExpenses": 5658000000,
    "interestIncome": 12000000,
    "interestExpense": 139000000,
    "depreciationAndAmortization": 638000000,
    "ebitda": 1800000000,
    "ebitdaratio": 0.2606429192,
    "operatingIncome": 1123000000,
    "operatingIncomeRatio": 0.1626122213,
    "totalOtherIncomeExpensesNet": -160000000,
    "incomeBeforeTax": 1023000000,
    "incomeBeforeTaxRatio": 0.1481320591,
    "incomeTaxExpense": 258000000,
    "netIncome": 765000000,
    "netIncomeRatio": 0.1107732407,
    "eps": 1.09,
    "epsdiluted": 1.08,
    "weightedAverageShsOut": 701000000,
    "weightedAverageShsOutDil": 711000000,
    "link": null,
    "finalLink": null
  },
  {
    "date": "2012-03-31",
    "symbol": "GEN",
    "reportedCurrency": "USD",
    "cik": "0000849399",
    "fillingDate": "2012-03-31",
    "acceptedDate": "2012-03-31 00:00:00",
    "calendarYear": "2012",
    "period": "FY",
    "revenue": 6730000000,
    "costOfRevenue": 1082000000,
    "grossProfit": 5648000000,
    "grossProfitRatio": 0.8392273403,
    "researchAndDevelopmentExpenses": 969000000,
    "generalAndAdministrativeExpenses": 437000000,
    "sellingAndMarketingExpenses": 2814000000,
    "sellingGeneralAndAdministrativeExpenses": 3251000000,
    "otherExpenses": 289000000,
    "operatingExpenses": 4509000000,
    "costAndExpenses": 5591000000,
    "interestIncome": 13000000,
    "interestExpense": 115000000,
    "depreciationAndAmortization": 660000000,
    "ebitda": 1785000000,
    "ebitdaratio": 0.265230312,
    "operatingIncome": 1079000000,
    "operatingIncomeRatio": 0.1603268945,
    "totalOtherIncomeExpensesNet": 366000000,
    "incomeBeforeTax": 1470000000,
    "incomeBeforeTaxRatio": 0.2184249629,
    "incomeTaxExpense": 298000000,
    "netIncome": 1172000000,
    "netIncomeRatio": 0.1741456166,
    "eps": 1.58,
    "epsdiluted": 1.57,
    "weightedAverageShsOut": 741000000,
    "weightedAverageShsOutDil": 748000000,
    "link": null,
    "finalLink": null
  },
  {
    "date": "2011-03-31",
    "symbol": "GEN",
    "reportedCurrency": "USD",
    "cik": "0000849399",
    "fillingDate": "2011-03-31",
    "acceptedDate": "2011-03-31 00:00:00",
    "calendarYear": "2011",
    "period": "FY",
    "revenue": 6190000000,
    "costOfRevenue": 1045000000,
    "grossProfit": 5145000000,
    "grossProfitRatio": 0.8311793215,
    "researchAndDevelopmentExpenses": 862000000,
    "generalAndAdministrativeExpenses": 390000000,
    "sellingAndMarketingExpenses": 2622000000,
    "sellingGeneralAndAdministrativeExpenses": 3012000000,
    "otherExpenses": 270000000,
    "operatingExpenses": 4144000000,
    "costAndExpenses": 5189000000,
    "interestIncome": 10000000,
    "interestExpense": 143000000,
    "depreciationAndAmortization": 674000000,
    "ebitda": 1685000000,
    "ebitdaratio": 0.2722132472,
    "operatingIncome": 880000000,
    "operatingIncomeRatio": 0.1421647819,
    "totalOtherIncomeExpensesNet": -286000000,
    "incomeBeforeTax": 729000000,
    "incomeBeforeTaxRatio": 0.1177705977,
    "incomeTaxExpense": 105000000,
    "netIncome": 597000000,
    "netIncomeRatio": 0.0964458805,
    "eps": 0.77,
    "epsdiluted": 0.76,
    "weightedAverageShsOut": 778000000,
    "weightedAverageShsOutDil": 786000000,
    "link": null,
    "finalLink": null
  },
  {
    "date": "2010-03-31",
    "symbol": "GEN",
    "reportedCurrency": "USD",
    "cik": "0000849399",
    "fillingDate": "2010-03-31",
    "acceptedDate": "2010-03-31 00:00:00",
    "calendarYear": "2010",
    "period": "FY",
    "revenue": 5985000000,
    "costOfRevenue": 1105000000,
    "grossProfit": 4880000000,
    "grossProfitRatio": 0.8153717627,
    "researchAndDevelopmentExpenses": 857000000,
    "generalAndAdministrativeExpenses": 352000000,
    "sellingAndMarketingExpenses": 2367000000,
    "sellingGeneralAndAdministrativeExpenses": 2719000000,
    "otherExpenses": 247000000,
    "operatingExpenses": 3823000000,
    "costAndExpenses": 4928000000,
    "interestIncome": 6000000,
    "interestExpense": 129000000,
    "depreciationAndAmortization": 837000000,
    "ebitda": 1727000000,
    "ebitdaratio": 0.2885547201,
    "operatingIncome": 933000000,
    "operatingIncomeRatio": 0.1558897243,
    "totalOtherIncomeExpensesNet": -68000000,
    "incomeBeforeTax": 865000000,
    "incomeBeforeTaxRatio": 0.1445279866,
    "incomeTaxExpense": 112000000,
    "netIncome": 714000000,
    "netIncomeRatio": 0.1192982456,
    "eps": 0.88,
    "epsdiluted": 0.87,
    "weightedAverageShsOut": 810000000,
    "weightedAverageShsOutDil": 819000000,
    "link": null,
    "finalLink": null
  },
  {
    "date": "2009-03-31",
    "symbol": "GEN",
    "reportedCurrency": "USD",
    "cik": "0000849399",
    "fillingDate": "2009-03-31",
    "acceptedDate": "2009-03-31 00:00:00",
    "calendarYear": "2009",
    "period": "FY",
    "revenue": 6149854000,
    "costOfRevenue": 1226927000,
    "grossProfit": 4922927000,
    "grossProfitRatio": 0.8004949386,
    "researchAndDevelopmentExpenses": 879702000,
    "generalAndAdministrativeExpenses": 342805000,
    "sellingAndMarketingExpenses": 2385987000,
    "sellingGeneralAndAdministrativeExpenses": 2728792000,
    "otherExpenses": 223561000,
    "operatingExpenses": 3832055000,
    "costAndExpenses": 5058982000,
    "interestIncome": 37054000,
    "interestExpense": 29705000,
    "depreciationAndAmortization": 837358000,
    "ebitda": -5587115000,
    "ebitdaratio": -0.9084955513,
    "operatingIncome": -6469910000,
    "operatingIncomeRatio": -1.0520428615,
    "totalOtherIncomeExpensesNet": -7630972000,
    "incomeBeforeTax": -6454178000,
    "incomeBeforeTaxRatio": -1.049484752,
    "incomeTaxExpense": 221630000,
    "netIncome": -6728870000,
    "netIncomeRatio": -1.0941511782,
    "eps": -8.1,
    "epsdiluted": -8.1,
    "weightedAverageShsOut": 831000000,
    "weightedAverageShsOutDil": 831000000,
    "link": null,
    "finalLink": null
  },
  {
    "date": "2008-03-31",
    "symbol": "GEN",
    "reportedCurrency": "USD",
    "cik": "0000849399",
    "fillingDate": "2008-03-31",
    "acceptedDate": "2008-03-31 00:00:00",
    "calendarYear": "2008",
    "period": "FY",
    "revenue": 5874419000,
    "costOfRevenue": 1220330000,
    "grossProfit": 4654089000,
    "grossProfitRatio": 0.7922637115,
    "researchAndDevelopmentExpenses": 895242000,
    "generalAndAdministrativeExpenses": 0,
    "sellingAndMarketingExpenses": 0,
    "sellingGeneralAndAdministrativeExpenses": 2762906000,
    "otherExpenses": 225131000,
    "operatingExpenses": 3883279000,
    "costAndExpenses": 5103609000,
    "interestIncome": 76896000,
    "interestExpense": 163990000,
    "depreciationAndAmortization": 824109000,
    "ebitda": 1566112000,
    "ebitdaratio": 0.2665986202,
    "operatingIncome": 602280000,
    "operatingIncomeRatio": 0.1025258838,
    "totalOtherIncomeExpensesNet": -58287000,
    "incomeBeforeTax": 712523000,
    "incomeBeforeTaxRatio": 0.1212925057,
    "incomeTaxExpense": 248673000,
    "netIncome": 463850000,
    "netIncomeRatio": 0.0789610002,
    "eps": 0.53,
    "epsdiluted": 0.52,
    "weightedAverageShsOut": 867562000,
    "weightedAverageShsOutDil": 884136000,
    "link": null,
    "finalLink": null
  },
  {
    "date": "2007-03-31",
    "symbol": "GEN",
    "reportedCurrency": "USD",
    "cik": "0000849399",
    "fillingDate": "2007-03-31",
    "acceptedDate": "2007-03-31 00:00:00",
    "calendarYear": "2007",
    "period": "FY",
    "revenue": 5199366000,
    "costOfRevenue": 1215826000,
    "grossProfit": 3983540000,
    "grossProfitRatio": 0.7661587971,
    "researchAndDevelopmentExpenses": 866882000,
    "generalAndAdministrativeExpenses": 0,
    "sellingAndMarketingExpenses": 0,
    "sellingGeneralAndAdministrativeExpenses": 2324434000,
    "otherExpenses": 201502000,
    "operatingExpenses": 3392818000,
    "costAndExpenses": 4608644000,
    "interestIncome": 0,
    "interestExpense": 13010000,
    "depreciationAndAmortization": 811443000,
    "ebitda": 1470298000,
    "ebitdaratio": 0.2827840933,
    "operatingIncome": 519742000,
    "operatingIncomeRatio": 0.0999625724,
    "totalOtherIncomeExpensesNet": 111880000,
    "incomeBeforeTax": 631622000,
    "incomeBeforeTaxRatio": 0.1214805805,
    "incomeTaxExpense": 227242000,
    "netIncome": 404380000,
    "netIncomeRatio": 0.0777748672,
    "eps": 0.42,
    "epsdiluted": 0.41,
    "weightedAverageShsOut": 960575000,
    "weightedAverageShsOutDil": 983261000,
    "link": null,
    "finalLink": null
  },
  {
    "date": "2006-03-31",
    "symbol": "GEN",
    "reportedCurrency": "USD",
    "cik": "0000849399",
    "fillingDate": "2006-03-31",
    "acceptedDate": "2006-03-31 00:00:00",
    "calendarYear": "2006",
    "period": "FY",
    "revenue": 4143392000,
    "costOfRevenue": 981869000,
    "grossProfit": 3161523000,
    "grossProfitRatio": 0.7630277319,
    "researchAndDevelopmentExpenses": 664628000,
    "generalAndAdministrativeExpenses": 0,
    "sellingAndMarketingExpenses": 0,
    "sellingGeneralAndAdministrativeExpenses": 1745964000,
    "otherExpenses": 151022000,
    "operatingExpenses": 2561614000,
    "costAndExpenses": 3543483000,
    "interestIncome": 0,
    "interestExpense": 565330000,
    "depreciationAndAmortization": 623616000,
    "ebitda": 1239725000,
    "ebitdaratio": 0.2992053371,
    "operatingIncome": 273965000,
    "operatingIncomeRatio": 0.0661209463,
    "totalOtherIncomeExpensesNet": -239386000,
    "incomeBeforeTax": 362723000,
    "incomeBeforeTaxRatio": 0.0875425255,
    "incomeTaxExpense": 205871000,
    "netIncome": 156852000,
    "netIncomeRatio": 0.0378559403,
    "eps": 0.16,
    "epsdiluted": 0.15,
    "weightedAverageShsOut": 998733000,
    "weightedAverageShsOutDil": 1025856000,
    "link": null,
    "finalLink": null
  },
  {
    "date": "2005-03-31",
    "symbol": "GEN",
    "reportedCurrency": "USD",
    "cik": "0000849399",
    "fillingDate": "2005-03-31",
    "acceptedDate": "2005-03-31 00:00:00",
    "calendarYear": "2005",
    "period": "FY",
    "revenue": 2582849000,
    "costOfRevenue": 403215000,
    "grossProfit": 2179634000,
    "grossProfitRatio": 0.8438875056,
    "researchAndDevelopmentExpenses": 332266000,
    "generalAndAdministrativeExpenses": 0,
    "sellingAndMarketingExpenses": 0,
    "sellingGeneralAndAdministrativeExpenses": 959143000,
    "otherExpenses": 13809000,
    "operatingExpenses": 1305218000,
    "costAndExpenses": 1708433000,
    "interestIncome": 0,
    "interestExpense": 26413000,
    "depreciationAndAmortization": 131958000,
    "ebitda": 956450000,
    "ebitdaratio": 0.3703081365,
    "operatingIncome": 819266000,
    "operatingIncomeRatio": 0.3171946947,
    "totalOtherIncomeExpensesNet": 38862000,
    "incomeBeforeTax": 858128000,
    "incomeBeforeTaxRatio": 0.3322408704,
    "incomeTaxExpense": 321969000,
    "netIncome": 536159000,
    "netIncomeRatio": 0.2075843381,
    "eps": 0.81,
    "epsdiluted": 0.73,
    "weightedAverageShsOut": 660631000,
    "weightedAverageShsOutDil": 738245000,
    "link": null,
    "finalLink": null
  },
  {
    "date": "2004-03-31",
    "symbol": "GEN",
    "reportedCurrency": "USD",
    "cik": "0000849399",
    "fillingDate": "2004-03-31",
    "acceptedDate": "2004-03-31 00:00:00",
    "calendarYear": "2004",
    "period": "FY",
    "revenue": 1870129000,
    "costOfRevenue": 327554000,
    "grossProfit": 1542575000,
    "grossProfitRatio": 0.8248495157,
    "researchAndDevelopmentExpenses": 252284000,
    "generalAndAdministrativeExpenses": 0,
    "sellingAndMarketingExpenses": 0,
    "sellingGeneralAndAdministrativeExpenses": 755218000,
    "otherExpenses": 16871000,
    "operatingExpenses": 1024373000,
    "costAndExpenses": 1351927000,
    "interestIncome": 0,
    "interestExpense": 0,
    "depreciationAndAmortization": 117226000,
    "ebitda": 676418000,
    "ebitdaratio": 0.3616959044,
    "operatingIncome": 513585000,
    "operatingIncomeRatio": 0.2746254403,
    "totalOtherIncomeExpensesNet": 28637000,
    "incomeBeforeTax": 542222000,
    "incomeBeforeTaxRatio": 0.2899382877,
    "incomeTaxExpense": 171603000,
    "netIncome": 370619000,
    "netIncomeRatio": 0.1981783075,
    "eps": 0.61,
    "epsdiluted": 0.52,
    "weightedAverageShsOut": 611970000,
    "weightedAverageShsOutDil": 719110000,
    "link": null,
    "finalLink": null
  },
  {
    "date": "2003-03-31",
    "symbol": "GEN",
    "reportedCurrency": "USD",
    "cik": "0000849399",
    "fillingDate": "2003-03-31",
    "acceptedDate": "2003-03-31 00:00:00",
    "calendarYear": "2003",
    "period": "FY",
    "revenue": 1406946000,
    "costOfRevenue": 250116000,
    "grossProfit": 1156830000,
    "grossProfitRatio": 0.8222277188,
    "researchAndDevelopmentExpenses": 197271000,
    "generalAndAdministrativeExpenses": 0,
    "sellingAndMarketingExpenses": 0,
    "sellingGeneralAndAdministrativeExpenses": 599471000,
    "otherExpenses": 2787000,
    "operatingExpenses": 799529000,
    "costAndExpenses": 1049645000,
    "interestIncome": 0,
    "interestExpense": 3878000,
    "depreciationAndAmortization": 95728000,
    "ebitda": 453029000,
    "ebitdaratio": 0.3219945897,
    "operatingIncome": 341512000,
    "operatingIncomeRatio": 0.2427328412,
    "totalOtherIncomeExpensesNet": 22119000,
    "incomeBeforeTax": 363631000,
    "incomeBeforeTaxRatio": 0.2584541269,
    "incomeTaxExpense": 115193000,
    "netIncome": 248438000,
    "netIncomeRatio": 0.1765796271,
    "eps": 0.43,
    "epsdiluted": 0.36,
    "weightedAverageShsOut": 581580000,
    "weightedAverageShsOutDil": 682872000,
    "link": null,
    "finalLink": null
  },
  {
    "date": "2002-03-31",
    "symbol": "GEN",
    "reportedCurrency": "USD",
    "cik": "0000849399",
    "fillingDate": "2002-03-31",
    "acceptedDate": "2002-03-31 00:00:00",
    "calendarYear": "2002",
    "period": "FY",
    "revenue": 1071438000,
    "costOfRevenue": 194610000,
    "grossProfit": 876828000,
    "grossProfitRatio": 0.8183655984,
    "researchAndDevelopmentExpenses": 163979000,
    "generalAndAdministrativeExpenses": 0,
    "sellingAndMarketingExpenses": 0,
    "sellingGeneralAndAdministrativeExpenses": 482375000,
    "otherExpenses": 202005000,
    "operatingExpenses": 848359000,
    "costAndExpenses": 1042969000,
    "interestIncome": 0,
    "interestExpense": 0,
    "depreciationAndAmortization": 272867000,
    "ebitda": 301336000,
    "ebitdaratio": 0.2812444584,
    "operatingIncome": 8041000,
    "operatingIncomeRatio": 0.0075048673,
    "totalOtherIncomeExpensesNet": 37457000,
    "incomeBeforeTax": 45498000,
    "incomeBeforeTaxRatio": 0.0424644263,
    "incomeTaxExpense": 73649000,
    "netIncome": -28151000,
    "netIncomeRatio": -0.0262740355,
    "eps": -0.049,
    "epsdiluted": -0.049,
    "weightedAverageShsOut": 574416000,
    "weightedAverageShsOutDil": 574416000,
    "link": null,
    "finalLink": null
  },
  {
    "date": "2001-03-31",
    "symbol": "GEN",
    "reportedCurrency": "USD",
    "cik": "0000849399",
    "fillingDate": "2001-03-31",
    "acceptedDate": "2001-03-31 00:00:00",
    "calendarYear": "2001",
    "period": "FY",
    "revenue": 853554000,
    "costOfRevenue": 91883000,
    "grossProfit": 761671000,
    "grossProfitRatio": 0.8923524464,
    "researchAndDevelopmentExpenses": 126673000,
    "generalAndAdministrativeExpenses": 44784000,
    "sellingAndMarketingExpenses": 349921000,
    "sellingGeneralAndAdministrativeExpenses": 394705000,
    "otherExpenses": 72752000,
    "operatingExpenses": 594130000,
    "costAndExpenses": 686013000,
    "interestIncome": 0,
    "interestExpense": 54802000,
    "depreciationAndAmortization": 120841000,
    "ebitda": 288382000,
    "ebitdaratio": 0.3378602877,
    "operatingIncome": 109600000,
    "operatingIncomeRatio": 0.1284042955,
    "totalOtherIncomeExpensesNet": 31180000,
    "incomeBeforeTax": 140780000,
    "incomeBeforeTaxRatio": 0.1649339116,
    "incomeTaxExpense": 76844000,
    "netIncome": 63936000,
    "netIncomeRatio": 0.0749056299,
    "eps": 0.12,
    "epsdiluted": 0.12,
    "weightedAverageShsOut": 517896000,
    "weightedAverageShsOutDil": 545896000,
    "link": null,
    "finalLink": null
  },
  {
    "date": "2000-03-31",
    "symbol": "GEN",
    "reportedCurrency": "USD",
    "cik": "0000849399",
    "fillingDate": "2000-03-31",
    "acceptedDate": "2000-03-31 00:00:00",
    "calendarYear": "2000",
    "period": "FY",
    "revenue": 745725000,
    "costOfRevenue": 89260000,
    "grossProfit": 656465000,
    "grossProfitRatio": 0.8803044018,
    "researchAndDevelopmentExpenses": 108425000,
    "generalAndAdministrativeExpenses": 0,
    "sellingAndMarketingExpenses": 0,
    "sellingGeneralAndAdministrativeExpenses": 348905000,
    "otherExpenses": 50614000,
    "operatingExpenses": 507944000,
    "costAndExpenses": 597204000,
    "interestIncome": 0,
    "interestExpense": 0,
    "depreciationAndAmortization": 50614000,
    "ebitda": 199135000,
    "ebitdaratio": 0.2670354353,
    "operatingIncome": 148521000,
    "operatingIncomeRatio": 0.1991632304,
    "totalOtherIncomeExpensesNet": 108770000,
    "incomeBeforeTax": 257291000,
    "incomeBeforeTaxRatio": 0.345021288,
    "incomeTaxExpense": 87143000,
    "netIncome": 170148000,
    "netIncomeRatio": 0.2281645379,
    "eps": 0.37,
    "epsdiluted": 0.34,
    "weightedAverageShsOut": 462960000,
    "weightedAverageShsOutDil": 497712000,
    "link": null,
    "finalLink": null
  },
  {
    "date": "1999-03-31",
    "symbol": "GEN",
    "reportedCurrency": "USD",
    "cik": "0000849399",
    "fillingDate": "1999-03-31",
    "acceptedDate": "1999-03-31 00:00:00",
    "calendarYear": "1999",
    "period": "FY",
    "revenue": 633900000,
    "costOfRevenue": 66800000,
    "grossProfit": 567100000,
    "grossProfitRatio": 0.8946206026,
    "researchAndDevelopmentExpenses": 101600000,
    "generalAndAdministrativeExpenses": 0,
    "sellingAndMarketingExpenses": 0,
    "sellingGeneralAndAdministrativeExpenses": 321800000,
    "otherExpenses": 36200000,
    "operatingExpenses": 459600000,
    "costAndExpenses": 526400000,
    "interestIncome": 0,
    "interestExpense": 46600000,
    "depreciationAndAmortization": 36200000,
    "ebitda": 102430000,
    "ebitdaratio": 0.1615870011,
    "operatingIncome": 107500000,
    "operatingIncomeRatio": 0.1695851081,
    "totalOtherIncomeExpensesNet": -24327000,
    "incomeBeforeTax": 83200000,
    "incomeBeforeTaxRatio": 0.131250986,
    "incomeTaxExpense": 33000000,
    "netIncome": 50200000,
    "netIncomeRatio": 0.0791923016,
    "eps": 0.11,
    "epsdiluted": 0.11,
    "weightedAverageShsOut": 452808000,
    "weightedAverageShsOutDil": 474312000,
    "link": null,
    "finalLink": null
  },
  {
    "date": "1998-03-31",
    "symbol": "GEN",
    "reportedCurrency": "USD",
    "cik": "0000849399",
    "fillingDate": "1998-03-31",
    "acceptedDate": "1998-03-31 00:00:00",
    "calendarYear": "1998",
    "period": "FY",
    "revenue": 578400000,
    "costOfRevenue": 60700000,
    "grossProfit": 517700000,
    "grossProfitRatio": 0.895055325,
    "researchAndDevelopmentExpenses": 91300000,
    "generalAndAdministrativeExpenses": 0,
    "sellingAndMarketingExpenses": 0,
    "sellingGeneralAndAdministrativeExpenses": 299300000,
    "otherExpenses": 26700000,
    "operatingExpenses": 417300000,
    "costAndExpenses": 478000000,
    "interestIncome": 0,
    "interestExpense": 0,
    "depreciationAndAmortization": 26700000,
    "ebitda": 81621000,
    "ebitdaratio": 0.1411151452,
    "operatingIncome": 100400000,
    "operatingIncomeRatio": 0.173582296,
    "totalOtherIncomeExpensesNet": 11697000,
    "incomeBeforeTax": 112100000,
    "incomeBeforeTaxRatio": 0.1938105118,
    "incomeTaxExpense": 27000000,
    "netIncome": 85100000,
    "netIncomeRatio": 0.1471300138,
    "eps": 0.19,
    "epsdiluted": 0.18,
    "weightedAverageShsOut": 448776000,
    "weightedAverageShsOutDil": 482248000,
    "link": null,
    "finalLink": null
  },
  {
    "date": "1997-03-31",
    "symbol": "GEN",
    "reportedCurrency": "USD",
    "cik": "0000849399",
    "fillingDate": "1997-03-31",
    "acceptedDate": "1997-03-31 00:00:00",
    "calendarYear": "1997",
    "period": "FY",
    "revenue": 472200000,
    "costOfRevenue": 60300000,
    "grossProfit": 411900000,
    "grossProfitRatio": 0.8722998729,
    "researchAndDevelopmentExpenses": 88900000,
    "generalAndAdministrativeExpenses": 0,
    "sellingAndMarketingExpenses": 0,
    "sellingGeneralAndAdministrativeExpenses": 254800000,
    "otherExpenses": 33200000,
    "operatingExpenses": 376900000,
    "costAndExpenses": 437200000,
    "interestIncome": 0,
    "interestExpense": 7800000,
    "depreciationAndAmortization": 33200000,
    "ebitda": 68200000,
    "ebitdaratio": 0.1444303261,
    "operatingIncome": 35000000,
    "operatingIncomeRatio": 0.0741211351,
    "totalOtherIncomeExpensesNet": -4700000,
    "incomeBeforeTax": 30300000,
    "incomeBeforeTaxRatio": 0.0641677255,
    "incomeTaxExpense": 4300000,
    "netIncome": 26000000,
    "netIncomeRatio": 0.0550614147,
    "eps": 0.06,
    "epsdiluted": 0.0588,
    "weightedAverageShsOut": 433333333,
    "weightedAverageShsOutDil": 442553191,
    "link": null,
    "finalLink": null
  },
  {
    "date": "1996-03-31",
    "symbol": "GEN",
    "reportedCurrency": "USD",
    "cik": "0000849399",
    "fillingDate": "1996-03-31",
    "acceptedDate": "1996-03-31 00:00:00",
    "calendarYear": "1996",
    "period": "FY",
    "revenue": 445400000,
    "costOfRevenue": 70100000,
    "grossProfit": 375300000,
    "grossProfitRatio": 0.8426133812,
    "researchAndDevelopmentExpenses": 94700000,
    "generalAndAdministrativeExpenses": 0,
    "sellingAndMarketingExpenses": 0,
    "sellingGeneralAndAdministrativeExpenses": 262400000,
    "otherExpenses": 38900000,
    "operatingExpenses": 396000000,
    "costAndExpenses": 466100000,
    "interestIncome": 0,
    "interestExpense": 45900000,
    "depreciationAndAmortization": 38900000,
    "ebitda": -9400000,
    "ebitdaratio": -0.0211046251,
    "operatingIncome": -20700000,
    "operatingIncomeRatio": -0.0464750786,
    "totalOtherIncomeExpensesNet": 3900000,
    "incomeBeforeTax": -44400000,
    "incomeBeforeTaxRatio": -0.0996856758,
    "incomeTaxExpense": -4600000,
    "netIncome": -39800000,
    "netIncomeRatio": -0.0893578806,
    "eps": -0.095,
    "epsdiluted": -0.095,
    "weightedAverageShsOut": 418947368,
    "weightedAverageShsOutDil": 418947368,
    "link": null,
    "finalLink": null
  },
  {
    "date": "1995-03-31",
    "symbol": "GEN",
    "reportedCurrency": "USD",
    "cik": "0000849399",
    "fillingDate": "1995-03-31",
    "acceptedDate": "1995-03-31 00:00:00",
    "calendarYear": "1995",
    "period": "FY",
    "revenue": 334900000,
    "costOfRevenue": 41000000,
    "grossProfit": 293900000,
    "grossProfitRatio": 0.8775753956,
    "researchAndDevelopmentExpenses": 62800000,
    "generalAndAdministrativeExpenses": 0,
    "sellingAndMarketingExpenses": 0,
    "sellingGeneralAndAdministrativeExpenses": 174200000,
    "otherExpenses": 19800000,
    "operatingExpenses": 256800000,
    "costAndExpenses": 297800000,
    "interestIncome": 0,
    "interestExpense": 0,
    "depreciationAndAmortization": 19800000,
    "ebitda": 56900000,
    "ebitdaratio": 0.1699014631,
    "operatingIncome": 37100000,
    "operatingIncomeRatio": 0.1107793371,
    "totalOtherIncomeExpensesNet": 1300000,
    "incomeBeforeTax": 38400000,
    "incomeBeforeTaxRatio": 0.1146610929,
    "incomeTaxExpense": 9900000,
    "netIncome": 28500000,
    "netIncomeRatio": 0.0851000299,
    "eps": 0.0953,
    "epsdiluted": 0.0854,
    "weightedAverageShsOut": 299064000,
    "weightedAverageShsOutDil": 333544000,
    "link": null,
    "finalLink": null
  },
  {
    "date": "1994-03-31",
    "symbol": "GEN",
    "reportedCurrency": "USD",
    "cik": "0000849399",
    "fillingDate": "1994-03-31",
    "acceptedDate": "1994-03-31 00:00:00",
    "calendarYear": "1994",
    "period": "FY",
    "revenue": 267700000,
    "costOfRevenue": 34600000,
    "grossProfit": 233100000,
    "grossProfitRatio": 0.8707508405,
    "researchAndDevelopmentExpenses": 0,
    "generalAndAdministrativeExpenses": 0,
    "sellingAndMarketingExpenses": 0,
    "sellingGeneralAndAdministrativeExpenses": 222300000,
    "otherExpenses": 25300000,
    "operatingExpenses": 247600000,
    "costAndExpenses": 282200000,
    "interestIncome": 0,
    "interestExpense": 3000000,
    "depreciationAndAmortization": 25300000,
    "ebitda": 10800000,
    "ebitdaratio": 0.0403436683,
    "operatingIncome": -14500000,
    "operatingIncomeRatio": -0.0541651102,
    "totalOtherIncomeExpensesNet": -1500000,
    "incomeBeforeTax": -16000000,
    "incomeBeforeTaxRatio": -0.0597683975,
    "incomeTaxExpense": -4900000,
    "netIncome": -11100000,
    "netIncomeRatio": -0.0414643257,
    "eps": -0.047,
    "epsdiluted": -0.047,
    "weightedAverageShsOut": 236129032,
    "weightedAverageShsOutDil": 236129032,
    "link": null,
    "finalLink": null
  },
  {
    "date": "1993-03-31",
    "symbol": "GEN",
    "reportedCurrency": "USD",
    "cik": "0000849399",
    "fillingDate": "1993-03-31",
    "acceptedDate": "1993-03-31 00:00:00",
    "calendarYear": "1993",
    "period": "FY",
    "revenue": 206000000,
    "costOfRevenue": 37800000,
    "grossProfit": 168200000,
    "grossProfitRatio": 0.8165048544,
    "researchAndDevelopmentExpenses": 0,
    "generalAndAdministrativeExpenses": 0,
    "sellingAndMarketingExpenses": 0,
    "sellingGeneralAndAdministrativeExpenses": 159000000,
    "otherExpenses": 14900000,
    "operatingExpenses": 173900000,
    "costAndExpenses": 211700000,
    "interestIncome": 0,
    "interestExpense": 23000000,
    "depreciationAndAmortization": 14900000,
    "ebitda": 9200000,
    "ebitdaratio": 0.0446601942,
    "operatingIncome": -5700000,
    "operatingIncomeRatio": -0.0276699029,
    "totalOtherIncomeExpensesNet": -11500000,
    "incomeBeforeTax": -17200000,
    "incomeBeforeTaxRatio": -0.0834951456,
    "incomeTaxExpense": -5700000,
    "netIncome": -11500000,
    "netIncomeRatio": -0.0558252427,
    "eps": -0.0613,
    "epsdiluted": -0.0613,
    "weightedAverageShsOut": 187755102,
    "weightedAverageShsOutDil": 187755102,
    "link": null,
    "finalLink": null
  },
  {
    "date": "1992-03-31",
    "symbol": "GEN",
    "reportedCurrency": "USD",
    "cik": "0000849399",
    "fillingDate": "1992-03-31",
    "acceptedDate": "1992-03-31 00:00:00",
    "calendarYear": "1992",
    "period": "FY",
    "revenue": 216600000,
    "costOfRevenue": 48900000,
    "grossProfit": 167700000,
    "grossProfitRatio": 0.7742382271,
    "researchAndDevelopmentExpenses": 0,
    "generalAndAdministrativeExpenses": 0,
    "sellingAndMarketingExpenses": 0,
    "sellingGeneralAndAdministrativeExpenses": 134400000,
    "otherExpenses": 5200000,
    "operatingExpenses": 139600000,
    "costAndExpenses": 188500000,
    "interestIncome": 0,
    "interestExpense": 0,
    "depreciationAndAmortization": 5200000,
    "ebitda": 33300000,
    "ebitdaratio": 0.1537396122,
    "operatingIncome": 28100000,
    "operatingIncomeRatio": 0.1297322253,
    "totalOtherIncomeExpensesNet": 700000,
    "incomeBeforeTax": 28800000,
    "incomeBeforeTaxRatio": 0.1329639889,
    "incomeTaxExpense": 10100000,
    "netIncome": 18700000,
    "netIncomeRatio": 0.0863342567,
    "eps": 0.0963,
    "epsdiluted": 0.0963,
    "weightedAverageShsOut": 194285714,
    "weightedAverageShsOutDil": 194285714,
    "link": null,
    "finalLink": null
  },
  {
    "date": "1991-03-31",
    "symbol": "GEN",
    "reportedCurrency": "USD",
    "cik": "0000849399",
    "fillingDate": "1991-03-31",
    "acceptedDate": "1991-03-31 00:00:00",
    "calendarYear": "1991",
    "period": "FY",
    "revenue": 116300000,
    "costOfRevenue": 20100000,
    "grossProfit": 96200000,
    "grossProfitRatio": 0.8271711092,
    "researchAndDevelopmentExpenses": 0,
    "generalAndAdministrativeExpenses": 0,
    "sellingAndMarketingExpenses": 0,
    "sellingGeneralAndAdministrativeExpenses": 79100000,
    "otherExpenses": 4200000,
    "operatingExpenses": 83300000,
    "costAndExpenses": 103400000,
    "interestIncome": 0,
    "interestExpense": 0,
    "depreciationAndAmortization": 4200000,
    "ebitda": 17100000,
    "ebitdaratio": 0.147033534,
    "operatingIncome": 12900000,
    "operatingIncomeRatio": 0.1109200344,
    "totalOtherIncomeExpensesNet": 1400000,
    "incomeBeforeTax": 14300000,
    "incomeBeforeTaxRatio": 0.1229578676,
    "incomeTaxExpense": 4900000,
    "netIncome": 9400000,
    "netIncomeRatio": 0.0808254514,
    "eps": 0.0588,
    "epsdiluted": 0.0588,
    "weightedAverageShsOut": 160000000,
    "weightedAverageShsOutDil": 160000000,
    "link": null,
    "finalLink": null
  },
  {
    "date": "1990-03-31",
    "symbol": "GEN",
    "reportedCurrency": "USD",
    "cik": "0000849399",
    "fillingDate": "1990-03-31",
    "acceptedDate": "1990-03-31 00:00:00",
    "calendarYear": "1990",
    "period": "FY",
    "revenue": 50000000,
    "costOfRevenue": 7200000,
    "grossProfit": 42800000,
    "grossProfitRatio": 0.856,
    "researchAndDevelopmentExpenses": 0,
    "generalAndAdministrativeExpenses": 0,
    "sellingAndMarketingExpenses": 0,
    "sellingGeneralAndAdministrativeExpenses": 32200000,
    "otherExpenses": 2500000,
    "operatingExpenses": 34700000,
    "costAndExpenses": 41900000,
    "interestIncome": 0,
    "interestExpense": 0,
    "depreciationAndAmortization": 2500000,
    "ebitda": 10600000,
    "ebitdaratio": 0.212,
    "operatingIncome": 8100000,
    "operatingIncomeRatio": 0.162,
    "totalOtherIncomeExpensesNet": 600000,
    "incomeBeforeTax": 8700000,
    "incomeBeforeTaxRatio": 0.174,
    "incomeTaxExpense": 2000000,
    "netIncome": 6700000,
    "netIncomeRatio": 0.134,
    "eps": 0.0625,
    "epsdiluted": 0.0625,
    "weightedAverageShsOut": 107200000,
    "weightedAverageShsOutDil": 107200000,
    "link": null,
    "finalLink": null
  },
  {
    "date": "1989-03-31",
    "symbol": "GEN",
    "reportedCurrency": "USD",
    "cik": "0000849399",
    "fillingDate": "1989-03-31",
    "acceptedDate": "1989-03-31 00:00:00",
    "calendarYear": "1989",
    "period": "FY",
    "revenue": 39900000,
    "costOfRevenue": 7400000,
    "grossProfit": 32500000,
    "grossProfitRatio": 0.8145363409,
    "researchAndDevelopmentExpenses": 0,
    "generalAndAdministrativeExpenses": 0,
    "sellingAndMarketingExpenses": 0,
    "sellingGeneralAndAdministrativeExpenses": 26500000,
    "otherExpenses": 2000000,
    "operatingExpenses": 28500000,
    "costAndExpenses": 35900000,
    "interestIncome": 0,
    "interestExpense": 0,
    "depreciationAndAmortization": 2000000,
    "ebitda": 6000000,
    "ebitdaratio": 0.1503759398,
    "operatingIncome": 4000000,
    "operatingIncomeRatio": 0.1002506266,
    "totalOtherIncomeExpensesNet": 200000,
    "incomeBeforeTax": 4200000,
    "incomeBeforeTaxRatio": 0.1052631579,
    "incomeTaxExpense": 1000000,
    "netIncome": 3200000,
    "netIncomeRatio": 0.0802005013,
    "eps": 0.04,
    "epsdiluted": 0.04,
    "weightedAverageShsOut": 80000000,
    "weightedAverageShsOutDil": 80000000,
    "link": null,
    "finalLink": null
  }
]