[
  {
    "date": "2025-06-30",
    "symbol": "GEV",
    "reportedCurrency": "USD",
    "cik": "0001996810",
    "fillingDate": "2025-07-23",
    "acceptedDate": "2025-07-23 06:23:29",
    "calendarYear": "2025",
    "period": "Q2",
    "revenue": 9111000000,
    "costOfRevenue": 7265000000,
    "grossProfit": 1846000000,
    "grossProfitRatio": 0.202612227,
    "researchAndDevelopmentExpenses": 282000000,
    "generalAndAdministrativeExpenses": 0,
    "sellingAndMarketingExpenses": 0,
    "sellingGeneralAndAdministrativeExpenses": 1185000000,
    "otherExpenses": 1000000,
    "operatingExpenses": 1468000000,
    "costAndExpenses": 8733000000,
    "interestIncome": 59000000,
    "interestExpense": 0,
    "depreciationAndAmortization": 205000000,
    "ebitda": 584000000,
    "ebitdaratio": 0.0640983427,
    "operatingIncome": 378000000,
    "operatingIncomeRatio": 0.0414883108,
    "totalOtherIncomeExpensesNet": 267000000,
    "incomeBeforeTax": 645000000,
    "incomeBeforeTaxRatio": 0.0707935463,
    "incomeTaxExpense": 153000000,
    "netIncome": 514000000,
    "netIncomeRatio": 0.0564153221,
    "eps": 1.89,
    "epsdiluted": 1.86,
    "weightedAverageShsOut": 272000000,
    "weightedAverageShsOutDil": 276000000,
    "link": "https://www.sec.gov/Archives/edgar/data/1996810/000199681025000133/0001996810-25-000133-index.htm",
    "finalLink": "https://www.sec.gov/Archives/edgar/data/1996810/000199681025000133/gev-20250630.htm"
  },
  {
    "date": "2025-03-31",
    "symbol": "GEV",
    "reportedCurrency": "USD",
    "cik": "0001996810",
    "fillingDate": "2025-04-23",
    "acceptedDate": "2025-04-23 06:22:38",
    "calendarYear": "2025",
    "period": "Q1",
    "revenue": 8032000000,
    "costOfRevenue": 6562000000,
    "grossProfit": 1470000000,
    "grossProfitRatio": 0.1830179283,
    "researchAndDevelopmentExpenses": 239000000,
    "generalAndAdministrativeExpenses": 0,
    "sellingAndMarketingExpenses": 0,
    "sellingGeneralAndAdministrativeExpenses": 1188000000,
    "otherExpenses": 0,
    "operatingExpenses": 1427000000,
    "costAndExpenses": 7989000000,
    "interestIncome": 72000000,
    "interestExpense": 0,
    "depreciationAndAmortization": 205000000,
    "ebitda": 248000000,
    "ebitdaratio": 0.030876494,
    "operatingIncome": 43000000,
    "operatingIncomeRatio": 0.0053535857,
    "totalOtherIncomeExpensesNet": 289000000,
    "incomeBeforeTax": 332000000,
    "incomeBeforeTaxRatio": 0.0413346614,
    "incomeTaxExpense": 68000000,
    "netIncome": 254000000,
    "netIncomeRatio": 0.031623506,
    "eps": 0.92,
    "epsdiluted": 0.91,
    "weightedAverageShsOut": 275000000,
    "weightedAverageShsOutDil": 279000000,
    "link": "https://www.sec.gov/Archives/edgar/data/1996810/000199681025000073/0001996810-25-000073-index.htm",
    "finalLink": "https://www.sec.gov/Archives/edgar/data/1996810/000199681025000073/gev-20250331.htm"
  },
  {
    "date": "2024-12-31",
    "symbol": "GEV",
    "reportedCurrency": "USD",
    "cik": "0001996810",
    "fillingDate": "2025-02-06",
    "acceptedDate": "2025-02-06 07:00:42",
    "calendarYear": "2024",
    "period": "Q4",
    "revenue": 10558000000,
    "costOfRevenue": 8435000000,
    "grossProfit": 2123000000,
    "grossProfitRatio": 0.20107975,
    "researchAndDevelopmentExpenses": 265000000,
    "generalAndAdministrativeExpenses": 0,
    "sellingAndMarketingExpenses": 0,
    "sellingGeneralAndAdministrativeExpenses": 1266000000,
    "otherExpenses": -1000000,
    "operatingExpenses": 1530000000,
    "costAndExpenses": 9965000000,
    "interestIncome": 104000000,
    "interestExpense": 0,
    "depreciationAndAmortization": 269000000,
    "ebitda": 861000000,
    "ebitdaratio": 0.0815495359,
    "operatingIncome": 593000000,
    "operatingIncomeRatio": 0.0561659405,
    "totalOtherIncomeExpensesNet": 520000000,
    "incomeBeforeTax": 1113000000,
    "incomeBeforeTaxRatio": 0.1054176927,
    "incomeTaxExpense": 629000000,
    "netIncome": 484000000,
    "netIncomeRatio": 0.0458420155,
    "eps": 1.76,
    "epsdiluted": 1.74,
    "weightedAverageShsOut": 275000000,
    "weightedAverageShsOutDil": 278000000,
    "link": "https://www.sec.gov/Archives/edgar/data/1996810/000199681025000011/0001996810-25-000011-index.htm",
    "finalLink": "https://www.sec.gov/Archives/edgar/data/1996810/000199681025000011/gev-20241231.htm"
  },
  {
    "date": "2024-09-30",
    "symbol": "GEV",
    "reportedCurrency": "USD",
    "cik": "0001996810",
    "fillingDate": "2024-10-23",
    "acceptedDate": "2024-10-23 06:36:16",
    "calendarYear": "2024",
    "period": "Q3",
    "revenue": 8913000000,
    "costOfRevenue": 7804000000,
    "grossProfit": 1109000000,
    "grossProfitRatio": 0.1244249972,
    "researchAndDevelopmentExpenses": 243000000,
    "generalAndAdministrativeExpenses": 0,
    "sellingAndMarketingExpenses": 0,
    "sellingGeneralAndAdministrativeExpenses": 1226000000,
    "otherExpenses": 0,
    "operatingExpenses": 1468000000,
    "costAndExpenses": 9273000000,
    "interestIncome": 57000000,
    "interestExpense": 0,
    "depreciationAndAmortization": 398000000,
    "ebitda": 38000000,
    "ebitdaratio": 0.0042634354,
    "operatingIncome": -359000000,
    "operatingIncomeRatio": -0.0402782453,
    "totalOtherIncomeExpensesNet": 237000000,
    "incomeBeforeTax": -122000000,
    "incomeBeforeTaxRatio": -0.0136878716,
    "incomeTaxExpense": -23000000,
    "netIncome": -96000000,
    "netIncomeRatio": -0.0107707842,
    "eps": -0.35,
    "epsdiluted": -0.35,
    "weightedAverageShsOut": 275000000,
    "weightedAverageShsOutDil": 275000000,
    "link": "https://www.sec.gov/Archives/edgar/data/1996810/000199681024000083/0001996810-24-000083-index.htm",
    "finalLink": "https://www.sec.gov/Archives/edgar/data/1996810/000199681024000083/gev-20240930.htm"
  },
  {
    "date": "2024-06-30",
    "symbol": "GEV",
    "reportedCurrency": "USD",
    "cik": "0001996810",
    "fillingDate": "2024-07-24",
    "acceptedDate": "2024-07-24 06:36:18",
    "calendarYear": "2024",
    "period": "Q2",
    "revenue": 8214000000,
    "costOfRevenue": 6475000000,
    "grossProfit": 1739000000,
    "grossProfitRatio": 0.2117117117,
    "researchAndDevelopmentExpenses": 237000000,
    "generalAndAdministrativeExpenses": 0,
    "sellingAndMarketingExpenses": 0,
    "sellingGeneralAndAdministrativeExpenses": 848000000,
    "otherExpenses": 0,
    "operatingExpenses": 1085000000,
    "costAndExpenses": 7560000000,
    "interestIncome": 81000000,
    "interestExpense": 0,
    "depreciationAndAmortization": 254000000,
    "ebitda": 781000000,
    "ebitdaratio": 0.0950815681,
    "operatingIncome": 654000000,
    "operatingIncomeRatio": 0.0796201607,
    "totalOtherIncomeExpensesNet": 1075000000,
    "incomeBeforeTax": 1602000000,
    "incomeBeforeTaxRatio": 0.1950328707,
    "incomeTaxExpense": 322000000,
    "netIncome": 1294000000,
    "netIncomeRatio": 0.1575359143,
    "eps": 4.72,
    "epsdiluted": 4.65,
    "weightedAverageShsOut": 274000000,
    "weightedAverageShsOutDil": 278000000,
    "link": "https://www.sec.gov/Archives/edgar/data/1996810/000199681024000067/0001996810-24-000067-index.htm",
    "finalLink": "https://www.sec.gov/Archives/edgar/data/1996810/000199681024000067/gev-20240630.htm"
  },
  {
    "date": "2024-03-31",
    "symbol": "GEV",
    "reportedCurrency": "USD",
    "cik": "0001996810",
    "fillingDate": "2024-04-30",
    "acceptedDate": "2024-04-30 06:40:05",
    "calendarYear": "2024",
    "period": "Q1",
    "revenue": 7260000000,
    "costOfRevenue": 6110000000,
    "grossProfit": 1150000000,
    "grossProfitRatio": 0.1584022039,
    "researchAndDevelopmentExpenses": 237000000,
    "generalAndAdministrativeExpenses": 0,
    "sellingAndMarketingExpenses": 0,
    "sellingGeneralAndAdministrativeExpenses": 1202000000,
    "otherExpenses": 0,
    "operatingExpenses": 1439000000,
    "costAndExpenses": 7549000000,
    "interestIncome": 0,
    "interestExpense": 14000000,
    "depreciationAndAmortization": 251000000,
    "ebitda": 170000000,
    "ebitdaratio": 0.023415978,
    "operatingIncome": -289000000,
    "operatingIncomeRatio": -0.0398071625,
    "totalOtherIncomeExpensesNet": 193000000,
    "incomeBeforeTax": -96000000,
    "incomeBeforeTaxRatio": -0.0132231405,
    "incomeTaxExpense": 10000000,
    "netIncome": -130000000,
    "netIncomeRatio": -0.0179063361,
    "eps": -0.48,
    "epsdiluted": -0.48,
    "weightedAverageShsOut": 272083576,
    "weightedAverageShsOutDil": 272083576,
    "link": "https://www.sec.gov/Archives/edgar/data/1996810/000199681024000008/0001996810-24-000008-index.htm",
    "finalLink": "https://www.sec.gov/Archives/edgar/data/1996810/000199681024000008/gev-20240331.htm"
  },
  {
    "date": "2023-12-31",
    "symbol": "GEV",
    "reportedCurrency": "USD",
    "cik": "0001996810",
    "fillingDate": "2024-03-08",
    "acceptedDate": "2024-03-08 16:49:59",
    "calendarYear": "2023",
    "period": "Q4",
    "revenue": 10045000000,
    "costOfRevenue": 8359000000,
    "grossProfit": 1686000000,
    "grossProfitRatio": 0.1678446989,
    "researchAndDevelopmentExpenses": 255000000,
    "generalAndAdministrativeExpenses": 0,
    "sellingAndMarketingExpenses": 0,
    "sellingGeneralAndAdministrativeExpenses": 1335000000,
    "otherExpenses": 0,
    "operatingExpenses": 1590000000,
    "costAndExpenses": 9949000000,
    "interestIncome": -48000000,
    "interestExpense": 8000000,
    "depreciationAndAmortization": 252000000,
    "ebitda": 669000000,
    "ebitdaratio": 0.0666002987,
    "operatingIncome": 97000000,
    "operatingIncomeRatio": 0.0096565455,
    "totalOtherIncomeExpensesNet": 312000000,
    "incomeBeforeTax": 409000000,
    "incomeBeforeTaxRatio": 0.0407167745,
    "incomeTaxExpense": 305000000,
    "netIncome": 95000000,
    "netIncomeRatio": 0.0094574415,
    "eps": 0.349,
    "epsdiluted": 0.349,
    "weightedAverageShsOut": 272083576,
    "weightedAverageShsOutDil": 272083576,
    "link": "https://www.sec.gov/Archives/edgar/data/1996810/000119312524063739/0001193125-24-063739-index.htm",
    "finalLink": "https://www.sec.gov/Archives/edgar/data/1996810/000119312524063739/d808872dex991.htm"
  },
  {
    "date": "2023-09-30",
    "symbol": "GEV",
    "reportedCurrency": "USD",
    "cik": "0001996810",
    "fillingDate": "2023-09-30",
    "acceptedDate": "2023-09-29 20:00:00",
    "calendarYear": "2023",
    "period": "Q3",
    "revenue": 8252000000,
    "costOfRevenue": 7201000000,
    "grossProfit": 1051000000,
    "grossProfitRatio": 0.1273630635,
    "researchAndDevelopmentExpenses": 223000000,
    "generalAndAdministrativeExpenses": 0,
    "sellingAndMarketingExpenses": 0,
    "sellingGeneralAndAdministrativeExpenses": 1135000000,
    "otherExpenses": 0,
    "operatingExpenses": 1358000000,
    "costAndExpenses": 8559000000,
    "interestIncome": 23000000,
    "interestExpense": 21000000,
    "depreciationAndAmortization": 242000000,
    "ebitda": 247000000,
    "ebitdaratio": 0.0299321377,
    "operatingIncome": -307000000,
    "operatingIncomeRatio": -0.0372031023,
    "totalOtherIncomeExpensesNet": 291000000,
    "incomeBeforeTax": -16000000,
    "incomeBeforeTaxRatio": -0.0019389239,
    "incomeTaxExpense": 169000000,
    "netIncome": -170000000,
    "netIncomeRatio": -0.0206010664,
    "eps": -0.62,
    "epsdiluted": -0.62,
    "weightedAverageShsOut": 272083576,
    "weightedAverageShsOutDil": 272083576,
    "link": null,
    "finalLink": null
  },
  {
    "date": "2023-06-30",
    "symbol": "GEV",
    "reportedCurrency": "USD",
    "cik": "0001996810",
    "fillingDate": "2023-06-30",
    "acceptedDate": "2023-06-29 20:00:00",
    "calendarYear": "2023",
    "period": "Q2",
    "revenue": 8120000000,
    "costOfRevenue": 6973000000,
    "grossProfit": 1147000000,
    "grossProfitRatio": 0.1412561576,
    "researchAndDevelopmentExpenses": 216000000,
    "generalAndAdministrativeExpenses": 0,
    "sellingAndMarketingExpenses": 0,
    "sellingGeneralAndAdministrativeExpenses": 1272000000,
    "otherExpenses": 0,
    "operatingExpenses": 1488000000,
    "costAndExpenses": 8461000000,
    "interestIncome": 17000000,
    "interestExpense": 21000000,
    "depreciationAndAmortization": 238000000,
    "ebitda": 231000000,
    "ebitdaratio": 0.0284482759,
    "operatingIncome": -341000000,
    "operatingIncomeRatio": -0.0419950739,
    "totalOtherIncomeExpensesNet": 314000000,
    "incomeBeforeTax": -27000000,
    "incomeBeforeTaxRatio": -0.0033251232,
    "incomeTaxExpense": 122000000,
    "netIncome": -150000000,
    "netIncomeRatio": -0.0184729064,
    "eps": -0.55,
    "epsdiluted": -0.55,
    "weightedAverageShsOut": 272083576,
    "weightedAverageShsOutDil": 272083576,
    "link": null,
    "finalLink": null
  },
  {
    "date": "2023-03-31",
    "symbol": "GEV",
    "reportedCurrency": "USD",
    "cik": "0001996810",
    "fillingDate": "2023-03-31",
    "acceptedDate": "2023-03-30 20:00:00",
    "calendarYear": "2023",
    "period": "Q1",
    "revenue": 6822000000,
    "costOfRevenue": 5903000000,
    "grossProfit": 919000000,
    "grossProfitRatio": 0.1347112284,
    "researchAndDevelopmentExpenses": 202000000,
    "generalAndAdministrativeExpenses": 0,
    "sellingAndMarketingExpenses": 0,
    "sellingGeneralAndAdministrativeExpenses": 1186000000,
    "otherExpenses": 0,
    "operatingExpenses": 1388000000,
    "costAndExpenses": 7291000000,
    "interestIncome": 0,
    "interestExpense": 21000000,
    "depreciationAndAmortization": 231000000,
    "ebitda": -165000000,
    "ebitdaratio": -0.0241864556,
    "operatingIncome": -469000000,
    "operatingIncomeRatio": -0.0687481677,
    "totalOtherIncomeExpensesNet": 54000000,
    "incomeBeforeTax": -415000000,
    "incomeBeforeTaxRatio": -0.0608326004,
    "incomeTaxExpense": -69000000,
    "netIncome": -315000000,
    "netIncomeRatio": -0.0461741425,
    "eps": -1.15,
    "epsdiluted": -1.15,
    "weightedAverageShsOut": 274000000,
    "weightedAverageShsOutDil": 274000000,
    "link": null,
    "finalLink": null
  }
]