[
  {
    "date": "2025-06-30",
    "symbol": "GILD",
    "reportedCurrency": "USD",
    "cik": "0000882095",
    "fillingDate": "2025-08-07",
    "acceptedDate": "2025-08-07 17:14:25",
    "calendarYear": "2025",
    "period": "Q2",
    "revenue": 7081000000,
    "costOfRevenue": 1501000000,
    "grossProfit": 5580000000,
    "grossProfitRatio": 0.7880242904,
    "researchAndDevelopmentExpenses": 1491000000,
    "generalAndAdministrativeExpenses": 501000000,
    "sellingAndMarketingExpenses": 864000000,
    "sellingGeneralAndAdministrativeExpenses": 1365000000,
    "otherExpenses": 250000000,
    "operatingExpenses": 3106000000,
    "costAndExpenses": 4607000000,
    "interestIncome": 73000000,
    "interestExpense": 254000000,
    "depreciationAndAmortization": 691000000,
    "ebitda": 3374000000,
    "ebitdaratio": 0.476486372,
    "operatingIncome": 2474000000,
    "operatingIncomeRatio": 0.34938568,
    "totalOtherIncomeExpensesNet": -45000000,
    "incomeBeforeTax": 2429000000,
    "incomeBeforeTaxRatio": 0.3430306454,
    "incomeTaxExpense": 468000000,
    "netIncome": 1960000000,
    "netIncomeRatio": 0.2767970626,
    "eps": 1.57,
    "epsdiluted": 1.56,
    "weightedAverageShsOut": 1245000000,
    "weightedAverageShsOutDil": 1255000000,
    "link": "https://www.sec.gov/Archives/edgar/data/882095/000088209525000032/0000882095-25-000032-index.htm",
    "finalLink": "https://www.sec.gov/Archives/edgar/data/882095/000088209525000032/gild-20250630.htm"
  },
  {
    "date": "2025-03-31",
    "symbol": "GILD",
    "reportedCurrency": "USD",
    "cik": "0000882095",
    "fillingDate": "2025-05-07",
    "acceptedDate": "2025-05-07 16:32:49",
    "calendarYear": "2025",
    "period": "Q1",
    "revenue": 6667000000,
    "costOfRevenue": 1540000000,
    "grossProfit": 5127000000,
    "grossProfitRatio": 0.7690115494,
    "researchAndDevelopmentExpenses": 1379000000,
    "generalAndAdministrativeExpenses": 505000000,
    "sellingAndMarketingExpenses": 753000000,
    "sellingGeneralAndAdministrativeExpenses": 1258000000,
    "otherExpenses": 253000000,
    "operatingExpenses": 2890000000,
    "costAndExpenses": 4430000000,
    "interestIncome": 94000000,
    "interestExpense": 260000000,
    "depreciationAndAmortization": 696000000,
    "ebitda": 2605000000,
    "ebitdaratio": 0.3907304635,
    "operatingIncome": 2237000000,
    "operatingIncomeRatio": 0.3355332233,
    "totalOtherIncomeExpensesNet": -588000000,
    "incomeBeforeTax": 1649000000,
    "incomeBeforeTaxRatio": 0.2473376331,
    "incomeTaxExpense": 334000000,
    "netIncome": 1315000000,
    "netIncomeRatio": 0.197240138,
    "eps": 1.06,
    "epsdiluted": 1.04,
    "weightedAverageShsOut": 1246000000,
    "weightedAverageShsOutDil": 1259000000,
    "link": "https://www.sec.gov/Archives/edgar/data/882095/000088209525000012/0000882095-25-000012-index.htm",
    "finalLink": "https://www.sec.gov/Archives/edgar/data/882095/000088209525000012/gild-20250331.htm"
  },
  {
    "date": "2024-12-31",
    "symbol": "GILD",
    "reportedCurrency": "USD",
    "cik": "0000882095",
    "fillingDate": "2025-02-28",
    "acceptedDate": "2025-02-28 16:21:03",
    "calendarYear": "2024",
    "period": "Q4",
    "revenue": 7569000000,
    "costOfRevenue": 1581000000,
    "grossProfit": 5988000000,
    "grossProfitRatio": 0.7911216805,
    "researchAndDevelopmentExpenses": 1641000000,
    "generalAndAdministrativeExpenses": 992000000,
    "sellingAndMarketingExpenses": 869000000,
    "sellingGeneralAndAdministrativeExpenses": 1861000000,
    "otherExpenses": 34000000,
    "operatingExpenses": 3536000000,
    "costAndExpenses": 5117000000,
    "interestIncome": 85000000,
    "interestExpense": 249000000,
    "depreciationAndAmortization": 693000000,
    "ebitda": 3109000000,
    "ebitdaratio": 0.4107543929,
    "operatingIncome": 2452000000,
    "operatingIncomeRatio": 0.323952966,
    "totalOtherIncomeExpensesNet": -285000000,
    "incomeBeforeTax": 2167000000,
    "incomeBeforeTaxRatio": 0.286299379,
    "incomeTaxExpense": 385000000,
    "netIncome": 1783000000,
    "netIncomeRatio": 0.235566125,
    "eps": 1.43,
    "epsdiluted": 1.42,
    "weightedAverageShsOut": 1248000000,
    "weightedAverageShsOutDil": 1259000000,
    "link": "https://www.sec.gov/Archives/edgar/data/882095/000088209525000006/0000882095-25-000006-index.htm",
    "finalLink": "https://www.sec.gov/Archives/edgar/data/882095/000088209525000006/gild-20241231.htm"
  },
  {
    "date": "2024-09-30",
    "symbol": "GILD",
    "reportedCurrency": "USD",
    "cik": "0000882095",
    "fillingDate": "2024-11-12",
    "acceptedDate": "2024-11-12 08:36:10",
    "calendarYear": "2024",
    "period": "Q3",
    "revenue": 7545000000,
    "costOfRevenue": 1574000000,
    "grossProfit": 5971000000,
    "grossProfitRatio": 0.7913850232,
    "researchAndDevelopmentExpenses": 1395000000,
    "generalAndAdministrativeExpenses": 0,
    "sellingAndMarketingExpenses": 0,
    "sellingGeneralAndAdministrativeExpenses": 1433000000,
    "otherExpenses": 2255000000,
    "operatingExpenses": 5083000000,
    "costAndExpenses": 6657000000,
    "interestIncome": 52000000,
    "interestExpense": 238000000,
    "depreciationAndAmortization": 690000000,
    "ebitda": 1884000000,
    "ebitdaratio": 0.2497017893,
    "operatingIncome": 888000000,
    "operatingIncomeRatio": 0.117693837,
    "totalOtherIncomeExpensesNet": 68000000,
    "incomeBeforeTax": 956000000,
    "incomeBeforeTaxRatio": 0.1267064281,
    "incomeTaxExpense": -297000000,
    "netIncome": 1253000000,
    "netIncomeRatio": 0.1660702452,
    "eps": 1,
    "epsdiluted": 1,
    "weightedAverageShsOut": 1247000000,
    "weightedAverageShsOutDil": 1254000000,
    "link": "https://www.sec.gov/Archives/edgar/data/882095/000088209524000028/0000882095-24-000028-index.htm",
    "finalLink": "https://www.sec.gov/Archives/edgar/data/882095/000088209524000028/gild-20240930.htm"
  },
  {
    "date": "2024-06-30",
    "symbol": "GILD",
    "reportedCurrency": "USD",
    "cik": "0000882095",
    "fillingDate": "2024-08-08",
    "acceptedDate": "2024-08-08 17:17:59",
    "calendarYear": "2024",
    "period": "Q2",
    "revenue": 6953000000,
    "costOfRevenue": 1544000000,
    "grossProfit": 5409000000,
    "grossProfitRatio": 0.7779375809,
    "researchAndDevelopmentExpenses": 1351000000,
    "generalAndAdministrativeExpenses": 572000000,
    "sellingAndMarketingExpenses": 805000000,
    "sellingGeneralAndAdministrativeExpenses": 1377000000,
    "otherExpenses": 37000000,
    "operatingExpenses": 2765000000,
    "costAndExpenses": 4309000000,
    "interestIncome": 35000000,
    "interestExpense": 237000000,
    "depreciationAndAmortization": 694000000,
    "ebitda": 2984000000,
    "ebitdaratio": 0.4291672659,
    "operatingIncome": 2644000000,
    "operatingIncomeRatio": 0.3802675104,
    "totalOtherIncomeExpensesNet": -591000000,
    "incomeBeforeTax": 2053000000,
    "incomeBeforeTaxRatio": 0.2952682295,
    "incomeTaxExpense": 438000000,
    "netIncome": 1614000000,
    "netIncomeRatio": 0.2321300158,
    "eps": 1.29,
    "epsdiluted": 1.29,
    "weightedAverageShsOut": 1247000000,
    "weightedAverageShsOutDil": 1251000000,
    "link": "https://www.sec.gov/Archives/edgar/data/882095/000088209524000022/0000882095-24-000022-index.htm",
    "finalLink": "https://www.sec.gov/Archives/edgar/data/882095/000088209524000022/gild-20240630.htm"
  },
  {
    "date": "2024-03-31",
    "symbol": "GILD",
    "reportedCurrency": "USD",
    "cik": "0000882095",
    "fillingDate": "2024-05-08",
    "acceptedDate": "2024-05-08 16:58:20",
    "calendarYear": "2024",
    "period": "Q1",
    "revenue": 6686000000,
    "costOfRevenue": 1552000000,
    "grossProfit": 5134000000,
    "grossProfitRatio": 0.7678731678,
    "researchAndDevelopmentExpenses": 1520000000,
    "generalAndAdministrativeExpenses": 632000000,
    "sellingAndMarketingExpenses": 743000000,
    "sellingGeneralAndAdministrativeExpenses": 1375000000,
    "otherExpenses": 6561000000,
    "operatingExpenses": 9456000000,
    "costAndExpenses": 11008000000,
    "interestIncome": 108000000,
    "interestExpense": 254000000,
    "depreciationAndAmortization": 690000000,
    "ebitda": -3542000000,
    "ebitdaratio": -0.5297636853,
    "operatingIncome": -4322000000,
    "operatingIncomeRatio": -0.6464253664,
    "totalOtherIncomeExpensesNet": -164000000,
    "incomeBeforeTax": -4486000000,
    "incomeBeforeTaxRatio": -0.6709542327,
    "incomeTaxExpense": -315000000,
    "netIncome": -4170000000,
    "netIncomeRatio": -0.6236912952,
    "eps": -3.34,
    "epsdiluted": -3.34,
    "weightedAverageShsOut": 1247000000,
    "weightedAverageShsOutDil": 1247000000,
    "link": "https://www.sec.gov/Archives/edgar/data/882095/000088209524000013/0000882095-24-000013-index.htm",
    "finalLink": "https://www.sec.gov/Archives/edgar/data/882095/000088209524000013/gild-20240331.htm"
  },
  {
    "date": "2023-12-31",
    "symbol": "GILD",
    "reportedCurrency": "USD",
    "cik": "0000882095",
    "fillingDate": "2024-02-23",
    "acceptedDate": "2024-02-23 16:44:27",
    "calendarYear": "2023",
    "period": "Q4",
    "revenue": 7114000000,
    "costOfRevenue": 2090000000,
    "grossProfit": 5024000000,
    "grossProfitRatio": 0.7062131009,
    "researchAndDevelopmentExpenses": 1408000000,
    "generalAndAdministrativeExpenses": 754000000,
    "sellingAndMarketingExpenses": 826000000,
    "sellingGeneralAndAdministrativeExpenses": 1580000000,
    "otherExpenses": 424000000,
    "operatingExpenses": 3412000000,
    "costAndExpenses": 5502000000,
    "interestIncome": 0,
    "interestExpense": 252000000,
    "depreciationAndAmortization": 688000000,
    "ebitda": 2593000000,
    "ebitdaratio": 0.3644925499,
    "operatingIncome": 1612000000,
    "operatingIncomeRatio": 0.2265954456,
    "totalOtherIncomeExpensesNet": 41000000,
    "incomeBeforeTax": 1653000000,
    "incomeBeforeTaxRatio": 0.2323587293,
    "incomeTaxExpense": 237000000,
    "netIncome": 1429000000,
    "netIncomeRatio": 0.2008715209,
    "eps": 1.15,
    "epsdiluted": 1.14,
    "weightedAverageShsOut": 1248000000,
    "weightedAverageShsOutDil": 1256000000,
    "link": "https://www.sec.gov/Archives/edgar/data/882095/000088209524000007/0000882095-24-000007-index.htm",
    "finalLink": "https://www.sec.gov/Archives/edgar/data/882095/000088209524000007/gild-20231231.htm"
  },
  {
    "date": "2023-09-30",
    "symbol": "GILD",
    "reportedCurrency": "USD",
    "cik": "0000882095",
    "fillingDate": "2023-11-07",
    "acceptedDate": "2023-11-07 17:18:43",
    "calendarYear": "2023",
    "period": "Q3",
    "revenue": 7050000000,
    "costOfRevenue": 1565000000,
    "grossProfit": 5485000000,
    "grossProfitRatio": 0.7780141844,
    "researchAndDevelopmentExpenses": 1457000000,
    "generalAndAdministrativeExpenses": 0,
    "sellingAndMarketingExpenses": 0,
    "sellingGeneralAndAdministrativeExpenses": 1315000000,
    "otherExpenses": 90000000,
    "operatingExpenses": 2862000000,
    "costAndExpenses": 4427000000,
    "interestIncome": 106000000,
    "interestExpense": 232000000,
    "depreciationAndAmortization": 684000000,
    "ebitda": 3234000000,
    "ebitdaratio": 0.4587234043,
    "operatingIncome": 2623000000,
    "operatingIncomeRatio": 0.3720567376,
    "totalOtherIncomeExpensesNet": -305000000,
    "incomeBeforeTax": 2318000000,
    "incomeBeforeTaxRatio": 0.3287943262,
    "incomeTaxExpense": 146000000,
    "netIncome": 2180000000,
    "netIncomeRatio": 0.3092198582,
    "eps": 1.75,
    "epsdiluted": 1.73,
    "weightedAverageShsOut": 1248000000,
    "weightedAverageShsOutDil": 1257000000,
    "link": "https://www.sec.gov/Archives/edgar/data/882095/000088209523000031/0000882095-23-000031-index.htm",
    "finalLink": "https://www.sec.gov/Archives/edgar/data/882095/000088209523000031/gild-20230930.htm"
  },
  {
    "date": "2023-06-30",
    "symbol": "GILD",
    "reportedCurrency": "USD",
    "cik": "0000882095",
    "fillingDate": "2023-08-04",
    "acceptedDate": "2023-08-04 16:06:43",
    "calendarYear": "2023",
    "period": "Q2",
    "revenue": 6599000000,
    "costOfRevenue": 1442000000,
    "grossProfit": 5157000000,
    "grossProfitRatio": 0.7814820427,
    "researchAndDevelopmentExpenses": 1407000000,
    "generalAndAdministrativeExpenses": 0,
    "sellingAndMarketingExpenses": 0,
    "sellingGeneralAndAdministrativeExpenses": 1849000000,
    "otherExpenses": 236000000,
    "operatingExpenses": 3492000000,
    "costAndExpenses": 4934000000,
    "interestIncome": 0,
    "interestExpense": 230000000,
    "depreciationAndAmortization": 681000000,
    "ebitda": 2499000000,
    "ebitdaratio": 0.3786937415,
    "operatingIncome": 1665000000,
    "operatingIncomeRatio": 0.2523109562,
    "totalOtherIncomeExpensesNet": -77000000,
    "incomeBeforeTax": 1588000000,
    "incomeBeforeTaxRatio": 0.2406425216,
    "incomeTaxExpense": 549000000,
    "netIncome": 1045000000,
    "netIncomeRatio": 0.1583573269,
    "eps": 0.84,
    "epsdiluted": 0.83,
    "weightedAverageShsOut": 1249000000,
    "weightedAverageShsOutDil": 1258000000,
    "link": "https://www.sec.gov/Archives/edgar/data/882095/000088209523000025/0000882095-23-000025-index.htm",
    "finalLink": "https://www.sec.gov/Archives/edgar/data/882095/000088209523000025/gild-20230630.htm"
  },
  {
    "date": "2023-03-31",
    "symbol": "GILD",
    "reportedCurrency": "USD",
    "cik": "0000882095",
    "fillingDate": "2023-05-03",
    "acceptedDate": "2023-05-03 16:06:40",
    "calendarYear": "2023",
    "period": "Q1",
    "revenue": 6352000000,
    "costOfRevenue": 1401000000,
    "grossProfit": 4951000000,
    "grossProfitRatio": 0.7794395466,
    "researchAndDevelopmentExpenses": 1447000000,
    "generalAndAdministrativeExpenses": 0,
    "sellingAndMarketingExpenses": 0,
    "sellingGeneralAndAdministrativeExpenses": 1319000000,
    "otherExpenses": 480000000,
    "operatingExpenses": 3246000000,
    "costAndExpenses": 4647000000,
    "interestIncome": 0,
    "interestExpense": 230000000,
    "depreciationAndAmortization": 640000000,
    "ebitda": 2170000000,
    "ebitdaratio": 0.3416246851,
    "operatingIncome": 1705000000,
    "operatingIncomeRatio": 0.2684193955,
    "totalOtherIncomeExpensesNet": -405000000,
    "incomeBeforeTax": 1300000000,
    "incomeBeforeTaxRatio": 0.2046599496,
    "incomeTaxExpense": 316000000,
    "netIncome": 1010000000,
    "netIncomeRatio": 0.1590050378,
    "eps": 0.81,
    "epsdiluted": 0.8,
    "weightedAverageShsOut": 1248000000,
    "weightedAverageShsOutDil": 1261000000,
    "link": "https://www.sec.gov/Archives/edgar/data/882095/000088209523000017/0000882095-23-000017-index.htm",
    "finalLink": "https://www.sec.gov/Archives/edgar/data/882095/000088209523000017/gild-20230331.htm"
  },
  {
    "date": "2022-12-31",
    "symbol": "GILD",
    "reportedCurrency": "USD",
    "cik": "0000882095",
    "fillingDate": "2023-02-22",
    "acceptedDate": "2023-02-22 16:18:52",
    "calendarYear": "2022",
    "period": "Q4",
    "revenue": 7389000000,
    "costOfRevenue": 1396000000,
    "grossProfit": 5993000000,
    "grossProfitRatio": 0.8110705102,
    "researchAndDevelopmentExpenses": -1152000000,
    "generalAndAdministrativeExpenses": 0,
    "sellingAndMarketingExpenses": 0,
    "sellingGeneralAndAdministrativeExpenses": 2020000000,
    "otherExpenses": 2858000000,
    "operatingExpenses": 3726000000,
    "costAndExpenses": 5122000000,
    "interestIncome": 0,
    "interestExpense": 226000000,
    "depreciationAndAmortization": 528000000,
    "ebitda": 2785000000,
    "ebitdaratio": 0.3769116254,
    "operatingIncome": 2267000000,
    "operatingIncomeRatio": 0.3068074164,
    "totalOtherIncomeExpensesNet": -236000000,
    "incomeBeforeTax": 2031000000,
    "incomeBeforeTaxRatio": 0.2748680471,
    "incomeTaxExpense": 398000000,
    "netIncome": 1640000000,
    "netIncomeRatio": 0.2219515496,
    "eps": 1.31,
    "epsdiluted": 1.3,
    "weightedAverageShsOut": 1252000000,
    "weightedAverageShsOutDil": 1264000000,
    "link": "https://www.sec.gov/Archives/edgar/data/882095/000088209523000007/0000882095-23-000007-index.htm",
    "finalLink": "https://www.sec.gov/Archives/edgar/data/882095/000088209523000007/gild-20221231.htm"
  },
  {
    "date": "2022-09-30",
    "symbol": "GILD",
    "reportedCurrency": "USD",
    "cik": "0000882095",
    "fillingDate": "2022-11-02",
    "acceptedDate": "2022-11-02 17:02:58",
    "calendarYear": "2022",
    "period": "Q3",
    "revenue": 7042000000,
    "costOfRevenue": 1395000000,
    "grossProfit": 5647000000,
    "grossProfitRatio": 0.8019028685,
    "researchAndDevelopmentExpenses": 1149000000,
    "generalAndAdministrativeExpenses": 0,
    "sellingAndMarketingExpenses": 0,
    "sellingGeneralAndAdministrativeExpenses": 1213000000,
    "otherExpenses": 448000000,
    "operatingExpenses": 2810000000,
    "costAndExpenses": 4205000000,
    "interestIncome": 0,
    "interestExpense": 229000000,
    "depreciationAndAmortization": 525000000,
    "ebitda": 3186000000,
    "ebitdaratio": 0.4524282874,
    "operatingIncome": 2837000000,
    "operatingIncomeRatio": 0.4028685033,
    "totalOtherIncomeExpensesNet": -405000000,
    "incomeBeforeTax": 2432000000,
    "incomeBeforeTaxRatio": 0.3453564328,
    "incomeTaxExpense": 646000000,
    "netIncome": 1789000000,
    "netIncomeRatio": 0.2540471457,
    "eps": 1.43,
    "epsdiluted": 1.42,
    "weightedAverageShsOut": 1255000000,
    "weightedAverageShsOutDil": 1261000000,
    "link": "https://www.sec.gov/Archives/edgar/data/882095/000088209522000027/0000882095-22-000027-index.htm",
    "finalLink": "https://www.sec.gov/Archives/edgar/data/882095/000088209522000027/gild-20220930.htm"
  },
  {
    "date": "2022-06-30",
    "symbol": "GILD",
    "reportedCurrency": "USD",
    "cik": "0000882095",
    "fillingDate": "2022-08-08",
    "acceptedDate": "2022-08-08 16:43:34",
    "calendarYear": "2022",
    "period": "Q2",
    "revenue": 6260000000,
    "costOfRevenue": 1442000000,
    "grossProfit": 4818000000,
    "grossProfitRatio": 0.7696485623,
    "researchAndDevelopmentExpenses": 1102000000,
    "generalAndAdministrativeExpenses": 0,
    "sellingAndMarketingExpenses": 0,
    "sellingGeneralAndAdministrativeExpenses": 1357000000,
    "otherExpenses": 330000000,
    "operatingExpenses": 2789000000,
    "costAndExpenses": 4231000000,
    "interestIncome": 0,
    "interestExpense": 242000000,
    "depreciationAndAmortization": 525000000,
    "ebitda": 2270000000,
    "ebitdaratio": 0.3626198083,
    "operatingIncome": 2029000000,
    "operatingIncomeRatio": 0.3241214058,
    "totalOtherIncomeExpensesNet": -526000000,
    "incomeBeforeTax": 1503000000,
    "incomeBeforeTaxRatio": 0.2400958466,
    "incomeTaxExpense": 368000000,
    "netIncome": 1144000000,
    "netIncomeRatio": 0.1827476038,
    "eps": 0.91,
    "epsdiluted": 0.91,
    "weightedAverageShsOut": 1256000000,
    "weightedAverageShsOutDil": 1260000000,
    "link": "https://www.sec.gov/Archives/edgar/data/882095/000088209522000019/0000882095-22-000019-index.htm",
    "finalLink": "https://www.sec.gov/Archives/edgar/data/882095/000088209522000019/gild-20220630.htm"
  },
  {
    "date": "2022-03-31",
    "symbol": "GILD",
    "reportedCurrency": "USD",
    "cik": "0000882095",
    "fillingDate": "2022-05-04",
    "acceptedDate": "2022-05-04 16:26:13",
    "calendarYear": "2022",
    "period": "Q1",
    "revenue": 6590000000,
    "costOfRevenue": 1424000000,
    "grossProfit": 5166000000,
    "grossProfitRatio": 0.7839150228,
    "researchAndDevelopmentExpenses": 3878000000,
    "generalAndAdministrativeExpenses": 0,
    "sellingAndMarketingExpenses": 0,
    "sellingGeneralAndAdministrativeExpenses": 1083000000,
    "otherExpenses": 8000000,
    "operatingExpenses": 4969000000,
    "costAndExpenses": 6393000000,
    "interestIncome": 0,
    "interestExpense": 238000000,
    "depreciationAndAmortization": 525000000,
    "ebitda": 611000000,
    "ebitdaratio": 0.0927162367,
    "operatingIncome": 197000000,
    "operatingIncomeRatio": 0.0298937785,
    "totalOtherIncomeExpensesNet": -349000000,
    "incomeBeforeTax": -152000000,
    "incomeBeforeTaxRatio": -0.0230652504,
    "incomeTaxExpense": -164000000,
    "netIncome": 19000000,
    "netIncomeRatio": 0.0028831563,
    "eps": 0.0096,
    "epsdiluted": 0.0095,
    "weightedAverageShsOut": 1255000000,
    "weightedAverageShsOutDil": 1262000000,
    "link": "https://www.sec.gov/Archives/edgar/data/882095/000088209522000013/0000882095-22-000013-index.htm",
    "finalLink": "https://www.sec.gov/Archives/edgar/data/882095/000088209522000013/gild-20220331.htm"
  },
  {
    "date": "2021-12-31",
    "symbol": "GILD",
    "reportedCurrency": "USD",
    "cik": "0000882095",
    "fillingDate": "2022-02-23",
    "acceptedDate": "2022-02-23 16:55:27",
    "calendarYear": "2021",
    "period": "Q4",
    "revenue": 7244000000,
    "costOfRevenue": 2627000000,
    "grossProfit": 4617000000,
    "grossProfitRatio": 0.6373550525,
    "researchAndDevelopmentExpenses": 2027000000,
    "generalAndAdministrativeExpenses": 0,
    "sellingAndMarketingExpenses": 0,
    "sellingGeneralAndAdministrativeExpenses": 1650000000,
    "otherExpenses": 0,
    "operatingExpenses": 3677000000,
    "costAndExpenses": 6304000000,
    "interestIncome": 0,
    "interestExpense": 238000000,
    "depreciationAndAmortization": 535000000,
    "ebitda": 1532000000,
    "ebitdaratio": 0.2114853672,
    "operatingIncome": 940000000,
    "operatingIncomeRatio": 0.1297625621,
    "totalOtherIncomeExpensesNet": -181000000,
    "incomeBeforeTax": 759000000,
    "incomeBeforeTaxRatio": 0.1047763666,
    "incomeTaxExpense": 383000000,
    "netIncome": 382000000,
    "netIncomeRatio": 0.0527332965,
    "eps": 0.3,
    "epsdiluted": 0.3,
    "weightedAverageShsOut": 1256000000,
    "weightedAverageShsOutDil": 1262000000,
    "link": "https://www.sec.gov/Archives/edgar/data/882095/000088209522000007/0000882095-22-000007-index.htm",
    "finalLink": "https://www.sec.gov/Archives/edgar/data/882095/000088209522000007/gild-20211231.htm"
  },
  {
    "date": "2021-09-30",
    "symbol": "GILD",
    "reportedCurrency": "USD",
    "cik": "0000882095",
    "fillingDate": "2021-11-03",
    "acceptedDate": "2021-11-03 16:30:01",
    "calendarYear": "2021",
    "period": "Q3",
    "revenue": 7421000000,
    "costOfRevenue": 1223000000,
    "grossProfit": 6198000000,
    "grossProfitRatio": 0.8351974127,
    "researchAndDevelopmentExpenses": 1101000000,
    "generalAndAdministrativeExpenses": 0,
    "sellingAndMarketingExpenses": 0,
    "sellingGeneralAndAdministrativeExpenses": 1190000000,
    "otherExpenses": 65000000,
    "operatingExpenses": 2356000000,
    "costAndExpenses": 3579000000,
    "interestIncome": 0,
    "interestExpense": 250000000,
    "depreciationAndAmortization": 523000000,
    "ebitda": 4211000000,
    "ebitdaratio": 0.5674437407,
    "operatingIncome": 3842000000,
    "operatingIncomeRatio": 0.5177199838,
    "totalOtherIncomeExpensesNet": -404000000,
    "incomeBeforeTax": 3438000000,
    "incomeBeforeTaxRatio": 0.4632798814,
    "incomeTaxExpense": 852000000,
    "netIncome": 2592000000,
    "netIncomeRatio": 0.3492790729,
    "eps": 2.06,
    "epsdiluted": 2.05,
    "weightedAverageShsOut": 1256000000,
    "weightedAverageShsOutDil": 1262000000,
    "link": "https://www.sec.gov/Archives/edgar/data/882095/000088209521000029/0000882095-21-000029-index.htm",
    "finalLink": "https://www.sec.gov/Archives/edgar/data/882095/000088209521000029/gild-20210930.htm"
  },
  {
    "date": "2021-06-30",
    "symbol": "GILD",
    "reportedCurrency": "USD",
    "cik": "0000882095",
    "fillingDate": "2021-08-05",
    "acceptedDate": "2021-08-05 16:09:19",
    "calendarYear": "2021",
    "period": "Q2",
    "revenue": 6217000000,
    "costOfRevenue": 1390000000,
    "grossProfit": 4827000000,
    "grossProfitRatio": 0.7764194949,
    "researchAndDevelopmentExpenses": 1092000000,
    "generalAndAdministrativeExpenses": 0,
    "sellingAndMarketingExpenses": 0,
    "sellingGeneralAndAdministrativeExpenses": 1351000000,
    "otherExpenses": 138000000,
    "operatingExpenses": 2581000000,
    "costAndExpenses": 3971000000,
    "interestIncome": 0,
    "interestExpense": 256000000,
    "depreciationAndAmortization": 519000000,
    "ebitda": 2592000000,
    "ebitdaratio": 0.4169213447,
    "operatingIncome": 2246000000,
    "operatingIncomeRatio": 0.3612674924,
    "totalOtherIncomeExpensesNet": -429000000,
    "incomeBeforeTax": 1817000000,
    "incomeBeforeTaxRatio": 0.2922631494,
    "incomeTaxExpense": 300000000,
    "netIncome": 1522000000,
    "netIncomeRatio": 0.2448126106,
    "eps": 1.21,
    "epsdiluted": 1.21,
    "weightedAverageShsOut": 1255000000,
    "weightedAverageShsOutDil": 1260000000,
    "link": "https://www.sec.gov/Archives/edgar/data/882095/000088209521000021/0000882095-21-000021-index.htm",
    "finalLink": "https://www.sec.gov/Archives/edgar/data/882095/000088209521000021/gild-20210630.htm"
  },
  {
    "date": "2021-03-31",
    "symbol": "GILD",
    "reportedCurrency": "USD",
    "cik": "0000882095",
    "fillingDate": "2021-05-06",
    "acceptedDate": "2021-05-06 16:11:56",
    "calendarYear": "2021",
    "period": "Q1",
    "revenue": 6423000000,
    "costOfRevenue": 1361000000,
    "grossProfit": 5062000000,
    "grossProfitRatio": 0.7881052468,
    "researchAndDevelopmentExpenses": 1055000000,
    "generalAndAdministrativeExpenses": 0,
    "sellingAndMarketingExpenses": 0,
    "sellingGeneralAndAdministrativeExpenses": 1055000000,
    "otherExpenses": 62000000,
    "operatingExpenses": 2172000000,
    "costAndExpenses": 3533000000,
    "interestIncome": 0,
    "interestExpense": 257000000,
    "depreciationAndAmortization": 473000000,
    "ebitda": 2994000000,
    "ebitdaratio": 0.466137319,
    "operatingIncome": 2890000000,
    "operatingIncomeRatio": 0.4499455083,
    "totalOtherIncomeExpensesNet": -626000000,
    "incomeBeforeTax": 2264000000,
    "incomeBeforeTaxRatio": 0.3524832633,
    "incomeTaxExpense": 542000000,
    "netIncome": 1729000000,
    "netIncomeRatio": 0.2691888526,
    "eps": 1.38,
    "epsdiluted": 1.37,
    "weightedAverageShsOut": 1256000000,
    "weightedAverageShsOutDil": 1262000000,
    "link": "https://www.sec.gov/Archives/edgar/data/882095/000088209521000013/0000882095-21-000013-index.htm",
    "finalLink": "https://www.sec.gov/Archives/edgar/data/882095/000088209521000013/gild-20210331.htm"
  },
  {
    "date": "2020-12-31",
    "symbol": "GILD",
    "reportedCurrency": "USD",
    "cik": "0000882095",
    "fillingDate": "2021-02-25",
    "acceptedDate": "2021-02-25 16:15:23",
    "calendarYear": "2020",
    "period": "Q4",
    "revenue": 7421000000,
    "costOfRevenue": 1398000000,
    "grossProfit": 6023000000,
    "grossProfitRatio": 0.8116156852,
    "researchAndDevelopmentExpenses": 1578000000,
    "generalAndAdministrativeExpenses": 0,
    "sellingAndMarketingExpenses": 0,
    "sellingGeneralAndAdministrativeExpenses": 1730000000,
    "otherExpenses": 64000000,
    "operatingExpenses": 3372000000,
    "costAndExpenses": 4770000000,
    "interestIncome": 0,
    "interestExpense": 267000000,
    "depreciationAndAmortization": 427000000,
    "ebitda": 2508000000,
    "ebitdaratio": 0.3379598437,
    "operatingIncome": 2651000000,
    "operatingIncomeRatio": 0.3572294839,
    "totalOtherIncomeExpensesNet": -837000000,
    "incomeBeforeTax": 1814000000,
    "incomeBeforeTaxRatio": 0.2444414499,
    "incomeTaxExpense": 270000000,
    "netIncome": 1551000000,
    "netIncomeRatio": 0.2090014823,
    "eps": 1.24,
    "epsdiluted": 1.23,
    "weightedAverageShsOut": 1255000000,
    "weightedAverageShsOutDil": 1259000000,
    "link": "https://www.sec.gov/Archives/edgar/data/882095/000088209521000008/0000882095-21-000008-index.htm",
    "finalLink": "https://www.sec.gov/Archives/edgar/data/882095/000088209521000008/gild-20201231.htm"
  },
  {
    "date": "2020-09-30",
    "symbol": "GILD",
    "reportedCurrency": "USD",
    "cik": "0000882095",
    "fillingDate": "2020-11-04",
    "acceptedDate": "2020-11-03 19:12:14",
    "calendarYear": "2020",
    "period": "Q3",
    "revenue": 6577000000,
    "costOfRevenue": 1141000000,
    "grossProfit": 5436000000,
    "grossProfitRatio": 0.8265166489,
    "researchAndDevelopmentExpenses": 1158000000,
    "generalAndAdministrativeExpenses": 0,
    "sellingAndMarketingExpenses": 0,
    "sellingGeneralAndAdministrativeExpenses": 1106000000,
    "otherExpenses": 1171000000,
    "operatingExpenses": 3435000000,
    "costAndExpenses": 4576000000,
    "interestIncome": 0,
    "interestExpense": 236000000,
    "depreciationAndAmortization": 355000000,
    "ebitda": 1416000000,
    "ebitdaratio": 0.2152957275,
    "operatingIncome": 2001000000,
    "operatingIncomeRatio": 0.3042420556,
    "totalOtherIncomeExpensesNet": -1176000000,
    "incomeBeforeTax": 825000000,
    "incomeBeforeTaxRatio": 0.1254371294,
    "incomeTaxExpense": 472000000,
    "netIncome": 360000000,
    "netIncomeRatio": 0.0547362019,
    "eps": 0.29,
    "epsdiluted": 0.29,
    "weightedAverageShsOut": 1255000000,
    "weightedAverageShsOutDil": 1261000000,
    "link": "https://www.sec.gov/Archives/edgar/data/882095/000088209520000027/0000882095-20-000027-index.htm",
    "finalLink": "https://www.sec.gov/Archives/edgar/data/882095/000088209520000027/gild-20200930.htm"
  },
  {
    "date": "2020-06-30",
    "symbol": "GILD",
    "reportedCurrency": "USD",
    "cik": "0000882095",
    "fillingDate": "2020-08-06",
    "acceptedDate": "2020-08-06 16:06:17",
    "calendarYear": "2020",
    "period": "Q2",
    "revenue": 5143000000,
    "costOfRevenue": 1064000000,
    "grossProfit": 4079000000,
    "grossProfitRatio": 0.7931168579,
    "researchAndDevelopmentExpenses": 1299000000,
    "generalAndAdministrativeExpenses": 0,
    "sellingAndMarketingExpenses": 0,
    "sellingGeneralAndAdministrativeExpenses": 1239000000,
    "otherExpenses": 4524000000,
    "operatingExpenses": 7062000000,
    "costAndExpenses": 8126000000,
    "interestIncome": 0,
    "interestExpense": 240000000,
    "depreciationAndAmortization": 349000000,
    "ebitda": -2384000000,
    "ebitdaratio": -0.4635426794,
    "operatingIncome": -2983000000,
    "operatingIncomeRatio": -0.5800116663,
    "totalOtherIncomeExpensesNet": 10000000,
    "incomeBeforeTax": -2973000000,
    "incomeBeforeTaxRatio": -0.5780672759,
    "incomeTaxExpense": 373000000,
    "netIncome": -3339000000,
    "netIncomeRatio": -0.6492319658,
    "eps": -2.66,
    "epsdiluted": -2.66,
    "weightedAverageShsOut": 1255000000,
    "weightedAverageShsOutDil": 1255000000,
    "link": "https://www.sec.gov/Archives/edgar/data/882095/000088209520000019/0000882095-20-000019-index.htm",
    "finalLink": "https://www.sec.gov/Archives/edgar/data/882095/000088209520000019/gild-20200630.htm"
  },
  {
    "date": "2020-03-31",
    "symbol": "GILD",
    "reportedCurrency": "USD",
    "cik": "0000882095",
    "fillingDate": "2020-05-06",
    "acceptedDate": "2020-05-05 19:03:19",
    "calendarYear": "2020",
    "period": "Q1",
    "revenue": 5548000000,
    "costOfRevenue": 969000000,
    "grossProfit": 4579000000,
    "grossProfitRatio": 0.8253424658,
    "researchAndDevelopmentExpenses": 1004000000,
    "generalAndAdministrativeExpenses": 0,
    "sellingAndMarketingExpenses": 0,
    "sellingGeneralAndAdministrativeExpenses": 1076000000,
    "otherExpenses": 97000000,
    "operatingExpenses": 2177000000,
    "costAndExpenses": 3146000000,
    "interestIncome": 0,
    "interestExpense": 241000000,
    "depreciationAndAmortization": 349000000,
    "ebitda": 2593000000,
    "ebitdaratio": 0.4673756309,
    "operatingIncome": 2402000000,
    "operatingIncomeRatio": 0.4329488104,
    "totalOtherIncomeExpensesNet": -399000000,
    "incomeBeforeTax": 2003000000,
    "incomeBeforeTaxRatio": 0.3610310022,
    "incomeTaxExpense": 465000000,
    "netIncome": 1551000000,
    "netIncomeRatio": 0.2795602019,
    "eps": 1.23,
    "epsdiluted": 1.22,
    "weightedAverageShsOut": 1262000000,
    "weightedAverageShsOutDil": 1270000000,
    "link": "https://www.sec.gov/Archives/edgar/data/882095/000088209520000013/0000882095-20-000013-index.htm",
    "finalLink": "https://www.sec.gov/Archives/edgar/data/882095/000088209520000013/q120form10-q.htm"
  },
  {
    "date": "2019-12-31",
    "symbol": "GILD",
    "reportedCurrency": "USD",
    "cik": "0000882095",
    "fillingDate": "2020-02-25",
    "acceptedDate": "2020-02-24 17:38:25",
    "calendarYear": "2019",
    "period": "Q4",
    "revenue": 5879000000,
    "costOfRevenue": 1683000000,
    "grossProfit": 4196000000,
    "grossProfitRatio": 0.7137268243,
    "researchAndDevelopmentExpenses": 1899000000,
    "generalAndAdministrativeExpenses": 0,
    "sellingAndMarketingExpenses": 0,
    "sellingGeneralAndAdministrativeExpenses": 1204000000,
    "otherExpenses": 0,
    "operatingExpenses": 3103000000,
    "costAndExpenses": 4786000000,
    "interestIncome": 0,
    "interestExpense": 243000000,
    "depreciationAndAmortization": 350000000,
    "ebitda": 2494000000,
    "ebitdaratio": 0.4242218064,
    "operatingIncome": 1093000000,
    "operatingIncomeRatio": 0.1859159721,
    "totalOtherIncomeExpensesNet": 808000000,
    "incomeBeforeTax": 1901000000,
    "incomeBeforeTaxRatio": 0.323354312,
    "incomeTaxExpense": -788000000,
    "netIncome": 2696000000,
    "netIncomeRatio": 0.4585813914,
    "eps": 2.13,
    "epsdiluted": 2.12,
    "weightedAverageShsOut": 1266000000,
    "weightedAverageShsOutDil": 1273000000,
    "link": "https://www.sec.gov/Archives/edgar/data/882095/000088209520000006/0000882095-20-000006-index.htm",
    "finalLink": "https://www.sec.gov/Archives/edgar/data/882095/000088209520000006/a2019form10-k.htm"
  },
  {
    "date": "2019-09-30",
    "symbol": "GILD",
    "reportedCurrency": "USD",
    "cik": "0000882095",
    "fillingDate": "2019-11-05",
    "acceptedDate": "2019-11-05 17:16:04",
    "calendarYear": "2019",
    "period": "Q3",
    "revenue": 5604000000,
    "costOfRevenue": 1035000000,
    "grossProfit": 4569000000,
    "grossProfitRatio": 0.8153104925,
    "researchAndDevelopmentExpenses": 1030000000,
    "generalAndAdministrativeExpenses": 0,
    "sellingAndMarketingExpenses": 0,
    "sellingGeneralAndAdministrativeExpenses": 1052000000,
    "otherExpenses": 3960000000,
    "operatingExpenses": 6042000000,
    "costAndExpenses": 7077000000,
    "interestIncome": 0,
    "interestExpense": 250000000,
    "depreciationAndAmortization": 347000000,
    "ebitda": -904000000,
    "ebitdaratio": -0.1613133476,
    "operatingIncome": -1473000000,
    "operatingIncomeRatio": -0.2628479657,
    "totalOtherIncomeExpensesNet": -28000000,
    "incomeBeforeTax": -1501000000,
    "incomeBeforeTaxRatio": -0.2678443969,
    "incomeTaxExpense": -333000000,
    "netIncome": -1165000000,
    "netIncomeRatio": -0.2078872234,
    "eps": -0.92,
    "epsdiluted": -0.92,
    "weightedAverageShsOut": 1266304347,
    "weightedAverageShsOutDil": 1267000000,
    "link": "https://www.sec.gov/Archives/edgar/data/882095/000088209519000027/0000882095-19-000027-index.htm",
    "finalLink": "https://www.sec.gov/Archives/edgar/data/882095/000088209519000027/q319form10-q.htm"
  },
  {
    "date": "2019-06-30",
    "symbol": "GILD",
    "reportedCurrency": "USD",
    "cik": "0000882095",
    "fillingDate": "2019-08-06",
    "acceptedDate": "2019-08-06 16:26:19",
    "calendarYear": "2019",
    "period": "Q2",
    "revenue": 5685000000,
    "costOfRevenue": 1000000000,
    "grossProfit": 4685000000,
    "grossProfitRatio": 0.8240985048,
    "researchAndDevelopmentExpenses": 995000000,
    "generalAndAdministrativeExpenses": 0,
    "sellingAndMarketingExpenses": 0,
    "sellingGeneralAndAdministrativeExpenses": 1095000000,
    "otherExpenses": 165000000,
    "operatingExpenses": 2255000000,
    "costAndExpenses": 3255000000,
    "interestIncome": 0,
    "interestExpense": 248000000,
    "depreciationAndAmortization": 348000000,
    "ebitda": 3006000000,
    "ebitdaratio": 0.5287598945,
    "operatingIncome": 2430000000,
    "operatingIncomeRatio": 0.4274406332,
    "totalOtherIncomeExpensesNet": -20000000,
    "incomeBeforeTax": 2410000000,
    "incomeBeforeTaxRatio": 0.4239226033,
    "incomeTaxExpense": 535000000,
    "netIncome": 1880000000,
    "netIncomeRatio": 0.3306948109,
    "eps": 1.48,
    "epsdiluted": 1.47,
    "weightedAverageShsOut": 1270000000,
    "weightedAverageShsOutDil": 1277000000,
    "link": "https://www.sec.gov/Archives/edgar/data/882095/000088209519000020/0000882095-19-000020-index.htm",
    "finalLink": "https://www.sec.gov/Archives/edgar/data/882095/000088209519000020/q219form10-q.htm"
  },
  {
    "date": "2019-03-31",
    "symbol": "GILD",
    "reportedCurrency": "USD",
    "cik": "0000882095",
    "fillingDate": "2019-05-08",
    "acceptedDate": "2019-05-07 19:16:59",
    "calendarYear": "2019",
    "period": "Q1",
    "revenue": 5281000000,
    "costOfRevenue": 957000000,
    "grossProfit": 4324000000,
    "grossProfitRatio": 0.8187843212,
    "researchAndDevelopmentExpenses": 1057000000,
    "generalAndAdministrativeExpenses": 0,
    "sellingAndMarketingExpenses": 0,
    "sellingGeneralAndAdministrativeExpenses": 1030000000,
    "otherExpenses": 0,
    "operatingExpenses": 2087000000,
    "costAndExpenses": 3044000000,
    "interestIncome": 0,
    "interestExpense": 254000000,
    "depreciationAndAmortization": 359000000,
    "ebitda": 2963000000,
    "ebitdaratio": 0.5610679795,
    "operatingIncome": 2237000000,
    "operatingIncomeRatio": 0.4235940163,
    "totalOtherIncomeExpensesNet": 113000000,
    "incomeBeforeTax": 2350000000,
    "incomeBeforeTaxRatio": 0.4449914789,
    "incomeTaxExpense": 382000000,
    "netIncome": 1975000000,
    "netIncomeRatio": 0.3739822003,
    "eps": 1.55,
    "epsdiluted": 1.54,
    "weightedAverageShsOut": 1276000000,
    "weightedAverageShsOutDil": 1283000000,
    "link": "https://www.sec.gov/Archives/edgar/data/882095/000088209519000014/0000882095-19-000014-index.htm",
    "finalLink": "https://www.sec.gov/Archives/edgar/data/882095/000088209519000014/q119form10-q.htm"
  },
  {
    "date": "2018-12-31",
    "symbol": "GILD",
    "reportedCurrency": "USD",
    "cik": "0000882095",
    "fillingDate": "2019-02-26",
    "acceptedDate": "2019-02-25 20:02:58",
    "calendarYear": "2018",
    "period": "Q4",
    "revenue": 5795000000,
    "costOfRevenue": 1570000000,
    "grossProfit": 4225000000,
    "grossProfitRatio": 0.7290767903,
    "researchAndDevelopmentExpenses": 1950000000,
    "generalAndAdministrativeExpenses": 0,
    "sellingAndMarketingExpenses": 0,
    "sellingGeneralAndAdministrativeExpenses": 1131000000,
    "otherExpenses": 0,
    "operatingExpenses": 3081000000,
    "costAndExpenses": 4651000000,
    "interestIncome": 0,
    "interestExpense": 257000000,
    "depreciationAndAmortization": 358000000,
    "ebitda": 1631000000,
    "ebitdaratio": 0.2814495255,
    "operatingIncome": 1144000000,
    "operatingIncomeRatio": 0.1974115617,
    "totalOtherIncomeExpensesNet": -128000000,
    "incomeBeforeTax": 1016000000,
    "incomeBeforeTaxRatio": 0.1753235548,
    "incomeTaxExpense": 1013000000,
    "netIncome": 3000000,
    "netIncomeRatio": 0.0005176877,
    "eps": 0.0023,
    "epsdiluted": 0.0023,
    "weightedAverageShsOut": 1290000000,
    "weightedAverageShsOutDil": 1299000000,
    "link": "https://www.sec.gov/Archives/edgar/data/882095/000088209519000006/0000882095-19-000006-index.htm",
    "finalLink": "https://www.sec.gov/Archives/edgar/data/882095/000088209519000006/a2018form10-k.htm"
  },
  {
    "date": "2018-09-30",
    "symbol": "GILD",
    "reportedCurrency": "USD",
    "cik": "0000882095",
    "fillingDate": "2018-11-06",
    "acceptedDate": "2018-11-06 16:14:13",
    "calendarYear": "2018",
    "period": "Q3",
    "revenue": 5596000000,
    "costOfRevenue": 1086000000,
    "grossProfit": 4510000000,
    "grossProfitRatio": 0.8059328091,
    "researchAndDevelopmentExpenses": 939000000,
    "generalAndAdministrativeExpenses": 0,
    "sellingAndMarketingExpenses": 0,
    "sellingGeneralAndAdministrativeExpenses": 948000000,
    "otherExpenses": 0,
    "operatingExpenses": 1887000000,
    "costAndExpenses": 2973000000,
    "interestIncome": 0,
    "interestExpense": 264000000,
    "depreciationAndAmortization": 358000000,
    "ebitda": 3286000000,
    "ebitdaratio": 0.5872051465,
    "operatingIncome": 2623000000,
    "operatingIncomeRatio": 0.4687276626,
    "totalOtherIncomeExpensesNet": 41000000,
    "incomeBeforeTax": 2664000000,
    "incomeBeforeTaxRatio": 0.4760543245,
    "incomeTaxExpense": 565000000,
    "netIncome": 2097000000,
    "netIncomeRatio": 0.3747319514,
    "eps": 1.62,
    "epsdiluted": 1.6,
    "weightedAverageShsOut": 1296000000,
    "weightedAverageShsOutDil": 1307000000,
    "link": "https://www.sec.gov/Archives/edgar/data/882095/000088209518000029/0000882095-18-000029-index.htm",
    "finalLink": "https://www.sec.gov/Archives/edgar/data/882095/000088209518000029/q318form10-q.htm"
  },
  {
    "date": "2018-06-30",
    "symbol": "GILD",
    "reportedCurrency": "USD",
    "cik": "0000882095",
    "fillingDate": "2018-08-06",
    "acceptedDate": "2018-08-06 16:16:07",
    "calendarYear": "2018",
    "period": "Q2",
    "revenue": 5648000000,
    "costOfRevenue": 1196000000,
    "grossProfit": 4452000000,
    "grossProfitRatio": 0.7882436261,
    "researchAndDevelopmentExpenses": 1192000000,
    "generalAndAdministrativeExpenses": 0,
    "sellingAndMarketingExpenses": 0,
    "sellingGeneralAndAdministrativeExpenses": 980000000,
    "otherExpenses": 0,
    "operatingExpenses": 2172000000,
    "costAndExpenses": 3368000000,
    "interestIncome": 0,
    "interestExpense": 266000000,
    "depreciationAndAmortization": 356000000,
    "ebitda": 2708000000,
    "ebitdaratio": 0.4794617564,
    "operatingIncome": 2280000000,
    "operatingIncomeRatio": 0.4036827195,
    "totalOtherIncomeExpensesNet": -194000000,
    "incomeBeforeTax": 2086000000,
    "incomeBeforeTaxRatio": 0.3693342776,
    "incomeTaxExpense": 267000000,
    "netIncome": 1817000000,
    "netIncomeRatio": 0.3217067989,
    "eps": 1.4,
    "epsdiluted": 1.39,
    "weightedAverageShsOut": 1298000000,
    "weightedAverageShsOutDil": 1308000000,
    "link": "https://www.sec.gov/Archives/edgar/data/882095/000088209518000022/0000882095-18-000022-index.htm",
    "finalLink": "https://www.sec.gov/Archives/edgar/data/882095/000088209518000022/q218form10-q.htm"
  },
  {
    "date": "2018-03-31",
    "symbol": "GILD",
    "reportedCurrency": "USD",
    "cik": "0000882095",
    "fillingDate": "2018-05-09",
    "acceptedDate": "2018-05-08 18:54:26",
    "calendarYear": "2018",
    "period": "Q1",
    "revenue": 5088000000,
    "costOfRevenue": 1001000000,
    "grossProfit": 4087000000,
    "grossProfitRatio": 0.8032625786,
    "researchAndDevelopmentExpenses": 937000000,
    "generalAndAdministrativeExpenses": 0,
    "sellingAndMarketingExpenses": 0,
    "sellingGeneralAndAdministrativeExpenses": 997000000,
    "otherExpenses": 0,
    "operatingExpenses": 1934000000,
    "costAndExpenses": 2935000000,
    "interestIncome": 0,
    "interestExpense": 290000000,
    "depreciationAndAmortization": 357000000,
    "ebitda": 2680000000,
    "ebitdaratio": 0.5267295597,
    "operatingIncome": 2153000000,
    "operatingIncomeRatio": 0.4231525157,
    "totalOtherIncomeExpensesNet": -120000000,
    "incomeBeforeTax": 2033000000,
    "incomeBeforeTaxRatio": 0.3995676101,
    "incomeTaxExpense": 494000000,
    "netIncome": 1538000000,
    "netIncomeRatio": 0.3022798742,
    "eps": 1.18,
    "epsdiluted": 1.17,
    "weightedAverageShsOut": 1307000000,
    "weightedAverageShsOutDil": 1320000000,
    "link": "https://www.sec.gov/Archives/edgar/data/882095/000088209518000015/0000882095-18-000015-index.htm",
    "finalLink": "https://www.sec.gov/Archives/edgar/data/882095/000088209518000015/q118form10-q.htm"
  },
  {
    "date": "2017-12-31",
    "symbol": "GILD",
    "reportedCurrency": "USD",
    "cik": "0000882095",
    "fillingDate": "2018-02-27",
    "acceptedDate": "2018-02-26 17:57:33",
    "calendarYear": "2017",
    "period": "Q4",
    "revenue": 5949000000,
    "costOfRevenue": 1256000000,
    "grossProfit": 4693000000,
    "grossProfitRatio": 0.7888720793,
    "researchAndDevelopmentExpenses": 1150000000,
    "generalAndAdministrativeExpenses": 0,
    "sellingAndMarketingExpenses": 0,
    "sellingGeneralAndAdministrativeExpenses": 1252000000,
    "otherExpenses": 0,
    "operatingExpenses": 2402000000,
    "costAndExpenses": 3658000000,
    "interestIncome": 0,
    "interestExpense": 297000000,
    "depreciationAndAmortization": 397000000,
    "ebitda": 2820000000,
    "ebitdaratio": 0.4740292486,
    "operatingIncome": 2291000000,
    "operatingIncomeRatio": 0.3851067406,
    "totalOtherIncomeExpensesNet": -165000000,
    "incomeBeforeTax": 2126000000,
    "incomeBeforeTaxRatio": 0.3573709867,
    "incomeTaxExpense": 5962000000,
    "netIncome": -3865000000,
    "netIncomeRatio": -0.6496890234,
    "eps": -2.96,
    "epsdiluted": -2.96,
    "weightedAverageShsOut": 1307000000,
    "weightedAverageShsOutDil": 1307000000,
    "link": "https://www.sec.gov/Archives/edgar/data/882095/000088209518000008/0000882095-18-000008-index.htm",
    "finalLink": "https://www.sec.gov/Archives/edgar/data/882095/000088209518000008/a2017form10-k.htm"
  },
  {
    "date": "2017-09-30",
    "symbol": "GILD",
    "reportedCurrency": "USD",
    "cik": "0000882095",
    "fillingDate": "2017-11-07",
    "acceptedDate": "2017-11-06 18:07:06",
    "calendarYear": "2017",
    "period": "Q3",
    "revenue": 6512000000,
    "costOfRevenue": 1032000000,
    "grossProfit": 5480000000,
    "grossProfitRatio": 0.8415233415,
    "researchAndDevelopmentExpenses": 789000000,
    "generalAndAdministrativeExpenses": 0,
    "sellingAndMarketingExpenses": 0,
    "sellingGeneralAndAdministrativeExpenses": 879000000,
    "otherExpenses": 0,
    "operatingExpenses": 1668000000,
    "costAndExpenses": 2700000000,
    "interestIncome": 0,
    "interestExpense": 291000000,
    "depreciationAndAmortization": 297000000,
    "ebitda": 4259000000,
    "ebitdaratio": 0.6540233415,
    "operatingIncome": 3812000000,
    "operatingIncomeRatio": 0.5853808354,
    "totalOtherIncomeExpensesNet": -141000000,
    "incomeBeforeTax": 3671000000,
    "incomeBeforeTaxRatio": 0.5637285012,
    "incomeTaxExpense": 959000000,
    "netIncome": 2718000000,
    "netIncomeRatio": 0.4173832924,
    "eps": 2.08,
    "epsdiluted": 2.06,
    "weightedAverageShsOut": 1306000000,
    "weightedAverageShsOutDil": 1319000000,
    "link": "https://www.sec.gov/Archives/edgar/data/882095/000088209517000027/0000882095-17-000027-index.htm",
    "finalLink": "https://www.sec.gov/Archives/edgar/data/882095/000088209517000027/q317form10-q.htm"
  },
  {
    "date": "2017-06-30",
    "symbol": "GILD",
    "reportedCurrency": "USD",
    "cik": "0000882095",
    "fillingDate": "2017-08-07",
    "acceptedDate": "2017-08-07 16:31:01",
    "calendarYear": "2017",
    "period": "Q2",
    "revenue": 7141000000,
    "costOfRevenue": 1126000000,
    "grossProfit": 6015000000,
    "grossProfitRatio": 0.8423190029,
    "researchAndDevelopmentExpenses": 864000000,
    "generalAndAdministrativeExpenses": 0,
    "sellingAndMarketingExpenses": 0,
    "sellingGeneralAndAdministrativeExpenses": 897000000,
    "otherExpenses": 0,
    "operatingExpenses": 1761000000,
    "costAndExpenses": 2887000000,
    "interestIncome": 0,
    "interestExpense": 269000000,
    "depreciationAndAmortization": 298000000,
    "ebitda": 4682000000,
    "ebitdaratio": 0.6556504691,
    "operatingIncome": 4254000000,
    "operatingIncomeRatio": 0.5957148859,
    "totalOtherIncomeExpensesNet": -139000000,
    "incomeBeforeTax": 4115000000,
    "incomeBeforeTaxRatio": 0.576249825,
    "incomeTaxExpense": 1046000000,
    "netIncome": 3073000000,
    "netIncomeRatio": 0.4303318863,
    "eps": 2.35,
    "epsdiluted": 2.33,
    "weightedAverageShsOut": 1307000000,
    "weightedAverageShsOutDil": 1317000000,
    "link": "https://www.sec.gov/Archives/edgar/data/882095/000088209517000020/0000882095-17-000020-index.htm",
    "finalLink": "https://www.sec.gov/Archives/edgar/data/882095/000088209517000020/q217form10-q.htm"
  },
  {
    "date": "2017-03-31",
    "symbol": "GILD",
    "reportedCurrency": "USD",
    "cik": "0000882095",
    "fillingDate": "2017-05-10",
    "acceptedDate": "2017-05-09 19:35:16",
    "calendarYear": "2017",
    "period": "Q1",
    "revenue": 6505000000,
    "costOfRevenue": 957000000,
    "grossProfit": 5548000000,
    "grossProfitRatio": 0.8528823982,
    "researchAndDevelopmentExpenses": 931000000,
    "generalAndAdministrativeExpenses": 0,
    "sellingAndMarketingExpenses": 0,
    "sellingGeneralAndAdministrativeExpenses": 850000000,
    "otherExpenses": 0,
    "operatingExpenses": 1781000000,
    "costAndExpenses": 2738000000,
    "interestIncome": 0,
    "interestExpense": 261000000,
    "depreciationAndAmortization": 294000000,
    "ebitda": 4172000000,
    "ebitdaratio": 0.6413528055,
    "operatingIncome": 3767000000,
    "operatingIncomeRatio": 0.5790930054,
    "totalOtherIncomeExpensesNet": -150000000,
    "incomeBeforeTax": 3617000000,
    "incomeBeforeTaxRatio": 0.5560338201,
    "incomeTaxExpense": 918000000,
    "netIncome": 2702000000,
    "netIncomeRatio": 0.4153727902,
    "eps": 2.07,
    "epsdiluted": 2.05,
    "weightedAverageShsOut": 1308000000,
    "weightedAverageShsOutDil": 1320000000,
    "link": "https://www.sec.gov/Archives/edgar/data/882095/000088209517000013/0000882095-17-000013-index.htm",
    "finalLink": "https://www.sec.gov/Archives/edgar/data/882095/000088209517000013/q117form10-q.htm"
  },
  {
    "date": "2016-12-31",
    "symbol": "GILD",
    "reportedCurrency": "USD",
    "cik": "0000882095",
    "fillingDate": "2017-02-27",
    "acceptedDate": "2017-02-27 16:23:29",
    "calendarYear": "2016",
    "period": "Q4",
    "revenue": 7320000000,
    "costOfRevenue": 1075000000,
    "grossProfit": 6245000000,
    "grossProfitRatio": 0.8531420765,
    "researchAndDevelopmentExpenses": 1208000000,
    "generalAndAdministrativeExpenses": 0,
    "sellingAndMarketingExpenses": 0,
    "sellingGeneralAndAdministrativeExpenses": 992000000,
    "otherExpenses": 0,
    "operatingExpenses": 2200000000,
    "costAndExpenses": 3275000000,
    "interestIncome": 0,
    "interestExpense": 265000000,
    "depreciationAndAmortization": 292000000,
    "ebitda": 4477000000,
    "ebitdaratio": 0.6116120219,
    "operatingIncome": 4045000000,
    "operatingIncomeRatio": 0.5525956284,
    "totalOtherIncomeExpensesNet": -125000000,
    "incomeBeforeTax": 3920000000,
    "incomeBeforeTaxRatio": 0.5355191257,
    "incomeTaxExpense": 821000000,
    "netIncome": 3108000000,
    "netIncomeRatio": 0.4245901639,
    "eps": 2.36,
    "epsdiluted": 2.34,
    "weightedAverageShsOut": 1316000000,
    "weightedAverageShsOutDil": 1327000000,
    "link": "https://www.sec.gov/Archives/edgar/data/882095/000088209517000006/0000882095-17-000006-index.htm",
    "finalLink": "https://www.sec.gov/Archives/edgar/data/882095/000088209517000006/a2016form10-k.htm"
  },
  {
    "date": "2016-09-30",
    "symbol": "GILD",
    "reportedCurrency": "USD",
    "cik": "0000882095",
    "fillingDate": "2016-11-07",
    "acceptedDate": "2016-11-07 16:45:11",
    "calendarYear": "2016",
    "period": "Q3",
    "revenue": 7500000000,
    "costOfRevenue": 1129000000,
    "grossProfit": 6371000000,
    "grossProfitRatio": 0.8494666667,
    "researchAndDevelopmentExpenses": 1141000000,
    "generalAndAdministrativeExpenses": 0,
    "sellingAndMarketingExpenses": 0,
    "sellingGeneralAndAdministrativeExpenses": 831000000,
    "otherExpenses": 0,
    "operatingExpenses": 1972000000,
    "costAndExpenses": 3101000000,
    "interestIncome": 0,
    "interestExpense": 242000000,
    "depreciationAndAmortization": 299000000,
    "ebitda": 4817000000,
    "ebitdaratio": 0.6422666667,
    "operatingIncome": 4399000000,
    "operatingIncomeRatio": 0.5865333333,
    "totalOtherIncomeExpensesNet": -123000000,
    "incomeBeforeTax": 4276000000,
    "incomeBeforeTaxRatio": 0.5701333333,
    "incomeTaxExpense": 951000000,
    "netIncome": 3330000000,
    "netIncomeRatio": 0.444,
    "eps": 2.52,
    "epsdiluted": 2.49,
    "weightedAverageShsOut": 1322000000,
    "weightedAverageShsOutDil": 1339000000,
    "link": "https://www.sec.gov/Archives/edgar/data/882095/000088209516000060/0000882095-16-000060-index.htm",
    "finalLink": "https://www.sec.gov/Archives/edgar/data/882095/000088209516000060/q316form10-q.htm"
  },
  {
    "date": "2016-06-30",
    "symbol": "GILD",
    "reportedCurrency": "USD",
    "cik": "0000882095",
    "fillingDate": "2016-08-05",
    "acceptedDate": "2016-08-05 16:12:17",
    "calendarYear": "2016",
    "period": "Q2",
    "revenue": 7776000000,
    "costOfRevenue": 864000000,
    "grossProfit": 6912000000,
    "grossProfitRatio": 0.8888888889,
    "researchAndDevelopmentExpenses": 1484000000,
    "generalAndAdministrativeExpenses": 0,
    "sellingAndMarketingExpenses": 0,
    "sellingGeneralAndAdministrativeExpenses": 890000000,
    "otherExpenses": 0,
    "operatingExpenses": 2374000000,
    "costAndExpenses": 3238000000,
    "interestIncome": 0,
    "interestExpense": 227000000,
    "depreciationAndAmortization": 284000000,
    "ebitda": 4910000000,
    "ebitdaratio": 0.6314300412,
    "operatingIncome": 4538000000,
    "operatingIncomeRatio": 0.583590535,
    "totalOtherIncomeExpensesNet": -139000000,
    "incomeBeforeTax": 4399000000,
    "incomeBeforeTaxRatio": 0.5657150206,
    "incomeTaxExpense": 902000000,
    "netIncome": 3497000000,
    "netIncomeRatio": 0.4497170782,
    "eps": 2.62,
    "epsdiluted": 2.58,
    "weightedAverageShsOut": 1335000000,
    "weightedAverageShsOutDil": 1355000000,
    "link": "https://www.sec.gov/Archives/edgar/data/882095/000088209516000054/0000882095-16-000054-index.htm",
    "finalLink": "https://www.sec.gov/Archives/edgar/data/882095/000088209516000054/q216form10-q.htm"
  },
  {
    "date": "2016-03-31",
    "symbol": "GILD",
    "reportedCurrency": "USD",
    "cik": "0000882095",
    "fillingDate": "2016-05-06",
    "acceptedDate": "2016-05-06 16:15:07",
    "calendarYear": "2016",
    "period": "Q1",
    "revenue": 7794000000,
    "costOfRevenue": 1193000000,
    "grossProfit": 6601000000,
    "grossProfitRatio": 0.8469335386,
    "researchAndDevelopmentExpenses": 1265000000,
    "generalAndAdministrativeExpenses": 0,
    "sellingAndMarketingExpenses": 0,
    "sellingGeneralAndAdministrativeExpenses": 685000000,
    "otherExpenses": 0,
    "operatingExpenses": 1950000000,
    "costAndExpenses": 3143000000,
    "interestIncome": 0,
    "interestExpense": 230000000,
    "depreciationAndAmortization": 283000000,
    "ebitda": 5015000000,
    "ebitdaratio": 0.6434436746,
    "operatingIncome": 4651000000,
    "operatingIncomeRatio": 0.5967410829,
    "totalOtherIncomeExpensesNet": -149000000,
    "incomeBeforeTax": 4502000000,
    "incomeBeforeTaxRatio": 0.5776238132,
    "incomeTaxExpense": 935000000,
    "netIncome": 3566000000,
    "netIncomeRatio": 0.4575314344,
    "eps": 2.58,
    "epsdiluted": 2.53,
    "weightedAverageShsOut": 1383000000,
    "weightedAverageShsOutDil": 1412000000,
    "link": "https://www.sec.gov/Archives/edgar/data/882095/000088209516000046/0000882095-16-000046-index.htm",
    "finalLink": "https://www.sec.gov/Archives/edgar/data/882095/000088209516000046/q116form10-q.htm"
  },
  {
    "date": "2015-12-31",
    "symbol": "GILD",
    "reportedCurrency": "USD",
    "cik": "0000882095",
    "fillingDate": "2016-02-24",
    "acceptedDate": "2016-02-24 17:01:48",
    "calendarYear": "2015",
    "period": "Q4",
    "revenue": 8506000000,
    "costOfRevenue": 1062000000,
    "grossProfit": 7444000000,
    "grossProfitRatio": 0.8751469551,
    "researchAndDevelopmentExpenses": 757000000,
    "generalAndAdministrativeExpenses": 0,
    "sellingAndMarketingExpenses": 0,
    "sellingGeneralAndAdministrativeExpenses": 1066000000,
    "otherExpenses": 0,
    "operatingExpenses": 1823000000,
    "costAndExpenses": 2885000000,
    "interestIncome": 0,
    "interestExpense": 230000000,
    "depreciationAndAmortization": 278000000,
    "ebitda": 5945000000,
    "ebitdaratio": 0.6989184105,
    "operatingIncome": 5621000000,
    "operatingIncomeRatio": 0.6608276511,
    "totalOtherIncomeExpensesNet": -184000000,
    "incomeBeforeTax": 5437000000,
    "incomeBeforeTaxRatio": 0.6391958617,
    "incomeTaxExpense": 752000000,
    "netIncome": 4683000000,
    "netIncomeRatio": 0.5505525511,
    "eps": 3.26,
    "epsdiluted": 3.18,
    "weightedAverageShsOut": 1436000000,
    "weightedAverageShsOutDil": 1472000000,
    "link": "https://www.sec.gov/Archives/edgar/data/882095/000088209516000039/0000882095-16-000039-index.htm",
    "finalLink": "https://www.sec.gov/Archives/edgar/data/882095/000088209516000039/a2015form10-k.htm"
  },
  {
    "date": "2015-09-30",
    "symbol": "GILD",
    "reportedCurrency": "USD",
    "cik": "0000882095",
    "fillingDate": "2015-11-04",
    "acceptedDate": "2015-11-04 16:02:41",
    "calendarYear": "2015",
    "period": "Q3",
    "revenue": 8295000000,
    "costOfRevenue": 1064000000,
    "grossProfit": 7231000000,
    "grossProfitRatio": 0.8717299578,
    "researchAndDevelopmentExpenses": 743000000,
    "generalAndAdministrativeExpenses": 0,
    "sellingAndMarketingExpenses": 0,
    "sellingGeneralAndAdministrativeExpenses": 903000000,
    "otherExpenses": 0,
    "operatingExpenses": 1646000000,
    "costAndExpenses": 2710000000,
    "interestIncome": 0,
    "interestExpense": 165000000,
    "depreciationAndAmortization": 278000000,
    "ebitda": 5915000000,
    "ebitdaratio": 0.7130801688,
    "operatingIncome": 5585000000,
    "operatingIncomeRatio": 0.673297167,
    "totalOtherIncomeExpensesNet": -113000000,
    "incomeBeforeTax": 5472000000,
    "incomeBeforeTaxRatio": 0.6596745027,
    "incomeTaxExpense": 880000000,
    "netIncome": 4600000000,
    "netIncomeRatio": 0.5545509343,
    "eps": 3.14,
    "epsdiluted": 3.06,
    "weightedAverageShsOut": 1463000000,
    "weightedAverageShsOutDil": 1503000000,
    "link": "https://www.sec.gov/Archives/edgar/data/882095/000088209515000033/0000882095-15-000033-index.htm",
    "finalLink": "https://www.sec.gov/Archives/edgar/data/882095/000088209515000033/q315form10-q.htm"
  },
  {
    "date": "2015-06-30",
    "symbol": "GILD",
    "reportedCurrency": "USD",
    "cik": "0000882095",
    "fillingDate": "2015-08-05",
    "acceptedDate": "2015-08-05 16:19:50",
    "calendarYear": "2015",
    "period": "Q2",
    "revenue": 8244000000,
    "costOfRevenue": 998000000,
    "grossProfit": 7246000000,
    "grossProfitRatio": 0.878942261,
    "researchAndDevelopmentExpenses": 818000000,
    "generalAndAdministrativeExpenses": 0,
    "sellingAndMarketingExpenses": 0,
    "sellingGeneralAndAdministrativeExpenses": 812000000,
    "otherExpenses": 0,
    "operatingExpenses": 1630000000,
    "costAndExpenses": 2628000000,
    "interestIncome": 0,
    "interestExpense": 140000000,
    "depreciationAndAmortization": 273000000,
    "ebitda": 5924000000,
    "ebitdaratio": 0.718583212,
    "operatingIncome": 5616000000,
    "operatingIncomeRatio": 0.6812227074,
    "totalOtherIncomeExpensesNet": -105000000,
    "incomeBeforeTax": 5511000000,
    "incomeBeforeTaxRatio": 0.6684861718,
    "incomeTaxExpense": 1014000000,
    "netIncome": 4492000000,
    "netIncomeRatio": 0.5448811257,
    "eps": 3.05,
    "epsdiluted": 2.92,
    "weightedAverageShsOut": 1472000000,
    "weightedAverageShsOutDil": 1540000000,
    "link": "https://www.sec.gov/Archives/edgar/data/882095/000088209515000026/0000882095-15-000026-index.htm",
    "finalLink": "https://www.sec.gov/Archives/edgar/data/882095/000088209515000026/q215form10-q.htm"
  },
  {
    "date": "2015-03-31",
    "symbol": "GILD",
    "reportedCurrency": "USD",
    "cik": "0000882095",
    "fillingDate": "2015-05-08",
    "acceptedDate": "2015-05-08 16:30:06",
    "calendarYear": "2015",
    "period": "Q1",
    "revenue": 7594000000,
    "costOfRevenue": 882000000,
    "grossProfit": 6712000000,
    "grossProfitRatio": 0.8838556755,
    "researchAndDevelopmentExpenses": 696000000,
    "generalAndAdministrativeExpenses": 0,
    "sellingAndMarketingExpenses": 0,
    "sellingGeneralAndAdministrativeExpenses": 645000000,
    "otherExpenses": 0,
    "operatingExpenses": 1341000000,
    "costAndExpenses": 2223000000,
    "interestIncome": 0,
    "interestExpense": 153000000,
    "depreciationAndAmortization": 269000000,
    "ebitda": 5661000000,
    "ebitdaratio": 0.7454569397,
    "operatingIncome": 5371000000,
    "operatingIncomeRatio": 0.7072688965,
    "totalOtherIncomeExpensesNet": -132000000,
    "incomeBeforeTax": 5239000000,
    "incomeBeforeTaxRatio": 0.6898867527,
    "incomeTaxExpense": 907000000,
    "netIncome": 4333000000,
    "netIncomeRatio": 0.5705820385,
    "eps": 2.91,
    "epsdiluted": 2.76,
    "weightedAverageShsOut": 1488000000,
    "weightedAverageShsOutDil": 1569000000,
    "link": "https://www.sec.gov/Archives/edgar/data/882095/000088209515000017/0000882095-15-000017-index.htm",
    "finalLink": "https://www.sec.gov/Archives/edgar/data/882095/000088209515000017/q115form10-q.htm"
  },
  {
    "date": "2014-12-31",
    "symbol": "GILD",
    "reportedCurrency": "USD",
    "cik": "0000882095",
    "fillingDate": "2015-02-25",
    "acceptedDate": "2015-02-25 16:05:20",
    "calendarYear": "2014",
    "period": "Q4",
    "revenue": 7314269000,
    "costOfRevenue": 1062780000,
    "grossProfit": 6251489000,
    "grossProfitRatio": 0.8546977148,
    "researchAndDevelopmentExpenses": 1044632000,
    "generalAndAdministrativeExpenses": 0,
    "sellingAndMarketingExpenses": 0,
    "sellingGeneralAndAdministrativeExpenses": 876485000,
    "otherExpenses": 0,
    "operatingExpenses": 1921117000,
    "costAndExpenses": 2983897000,
    "interestIncome": 0,
    "interestExpense": 130361000,
    "depreciationAndAmortization": 275381000,
    "ebitda": 4635347000,
    "ebitdaratio": 0.6337402959,
    "operatingIncome": 4330372000,
    "operatingIncomeRatio": 0.5920443998,
    "totalOtherIncomeExpensesNet": -100767000,
    "incomeBeforeTax": 4229605000,
    "incomeBeforeTaxRatio": 0.57826763,
    "incomeTaxExpense": 767940000,
    "netIncome": 3486723000,
    "netIncomeRatio": 0.4767014995,
    "eps": 2.32,
    "epsdiluted": 2.18,
    "weightedAverageShsOut": 1506000000,
    "weightedAverageShsOutDil": 1597000000,
    "link": "https://www.sec.gov/Archives/edgar/data/882095/000088209515000008/0000882095-15-000008-index.htm",
    "finalLink": "https://www.sec.gov/Archives/edgar/data/882095/000088209515000008/a2014form10-k.htm"
  },
  {
    "date": "2014-09-30",
    "symbol": "GILD",
    "reportedCurrency": "USD",
    "cik": "0000882095",
    "fillingDate": "2014-11-05",
    "acceptedDate": "2014-11-05 16:28:30",
    "calendarYear": "2014",
    "period": "Q3",
    "revenue": 6042000000,
    "costOfRevenue": 987000000,
    "grossProfit": 5055000000,
    "grossProfitRatio": 0.8366434955,
    "researchAndDevelopmentExpenses": 630000000,
    "generalAndAdministrativeExpenses": 0,
    "sellingAndMarketingExpenses": 0,
    "sellingGeneralAndAdministrativeExpenses": 945000000,
    "otherExpenses": 0,
    "operatingExpenses": 1575000000,
    "costAndExpenses": 2562000000,
    "interestIncome": 0,
    "interestExpense": 104000000,
    "depreciationAndAmortization": 268000000,
    "ebitda": 3743000000,
    "ebitdaratio": 0.6194968553,
    "operatingIncome": 3480000000,
    "operatingIncomeRatio": 0.5759682224,
    "totalOtherIncomeExpensesNet": -109000000,
    "incomeBeforeTax": 3371000000,
    "incomeBeforeTaxRatio": 0.5579278385,
    "incomeTaxExpense": 647000000,
    "netIncome": 2731000000,
    "netIncomeRatio": 0.4520026481,
    "eps": 1.8,
    "epsdiluted": 1.67,
    "weightedAverageShsOut": 1513899000,
    "weightedAverageShsOutDil": 1636530000,
    "link": "https://www.sec.gov/Archives/edgar/data/882095/000088209514000051/0000882095-14-000051-index.htm",
    "finalLink": "https://www.sec.gov/Archives/edgar/data/882095/000088209514000051/q314form10-q.htm"
  },
  {
    "date": "2014-06-30",
    "symbol": "GILD",
    "reportedCurrency": "USD",
    "cik": "0000882095",
    "fillingDate": "2014-08-04",
    "acceptedDate": "2014-08-04 17:19:21",
    "calendarYear": "2014",
    "period": "Q2",
    "revenue": 6535000000,
    "costOfRevenue": 925000000,
    "grossProfit": 5610000000,
    "grossProfitRatio": 0.8584544759,
    "researchAndDevelopmentExpenses": 584000000,
    "generalAndAdministrativeExpenses": 0,
    "sellingAndMarketingExpenses": 0,
    "sellingGeneralAndAdministrativeExpenses": 614000000,
    "otherExpenses": 0,
    "operatingExpenses": 1198000000,
    "costAndExpenses": 2123000000,
    "interestIncome": 0,
    "interestExpense": 102000000,
    "depreciationAndAmortization": 266000000,
    "ebitda": 4674000000,
    "ebitdaratio": 0.7152257077,
    "operatingIncome": 4412000000,
    "operatingIncomeRatio": 0.6751338944,
    "totalOtherIncomeExpensesNet": -106000000,
    "incomeBeforeTax": 4306000000,
    "incomeBeforeTaxRatio": 0.6589135425,
    "incomeTaxExpense": 656000000,
    "netIncome": 3656000000,
    "netIncomeRatio": 0.5594491201,
    "eps": 2.39,
    "epsdiluted": 2.2,
    "weightedAverageShsOut": 1532723000,
    "weightedAverageShsOutDil": 1664415000,
    "link": "https://www.sec.gov/Archives/edgar/data/882095/000088209514000038/0000882095-14-000038-index.htm",
    "finalLink": "https://www.sec.gov/Archives/edgar/data/882095/000088209514000038/q214form10-q.htm"
  },
  {
    "date": "2014-03-31",
    "symbol": "GILD",
    "reportedCurrency": "USD",
    "cik": "0000882095",
    "fillingDate": "2014-05-07",
    "acceptedDate": "2014-05-07 17:19:48",
    "calendarYear": "2014",
    "period": "Q1",
    "revenue": 4999000000,
    "costOfRevenue": 813000000,
    "grossProfit": 4186000000,
    "grossProfitRatio": 0.8373674735,
    "researchAndDevelopmentExpenses": 595000000,
    "generalAndAdministrativeExpenses": 0,
    "sellingAndMarketingExpenses": 0,
    "sellingGeneralAndAdministrativeExpenses": 548000000,
    "otherExpenses": 0,
    "operatingExpenses": 1143000000,
    "costAndExpenses": 1956000000,
    "interestIncome": 0,
    "interestExpense": 76000000,
    "depreciationAndAmortization": 241000000,
    "ebitda": 3266000000,
    "ebitdaratio": 0.6533306661,
    "operatingIncome": 3043000000,
    "operatingIncomeRatio": 0.6087217443,
    "totalOtherIncomeExpensesNet": -94000000,
    "incomeBeforeTax": 2949000000,
    "incomeBeforeTaxRatio": 0.5899179836,
    "incomeTaxExpense": 726000000,
    "netIncome": 2227000000,
    "netIncomeRatio": 0.4454890978,
    "eps": 1.45,
    "epsdiluted": 1.33,
    "weightedAverageShsOut": 1536525000,
    "weightedAverageShsOutDil": 1679871000,
    "link": "https://www.sec.gov/Archives/edgar/data/882095/000088209514000024/0000882095-14-000024-index.htm",
    "finalLink": "https://www.sec.gov/Archives/edgar/data/882095/000088209514000024/q114form10-q.htm"
  },
  {
    "date": "2013-12-31",
    "symbol": "GILD",
    "reportedCurrency": "USD",
    "cik": "0000882095",
    "fillingDate": "2014-02-25",
    "acceptedDate": "2014-02-25 16:10:01",
    "calendarYear": "2013",
    "period": "Q4",
    "revenue": 3119826000,
    "costOfRevenue": 857523000,
    "grossProfit": 2262303000,
    "grossProfitRatio": 0.7251375557,
    "researchAndDevelopmentExpenses": 551978000,
    "generalAndAdministrativeExpenses": 0,
    "sellingAndMarketingExpenses": 0,
    "sellingGeneralAndAdministrativeExpenses": 513284000,
    "otherExpenses": 0,
    "operatingExpenses": 1065262000,
    "costAndExpenses": 1922785000,
    "interestIncome": 0,
    "interestExpense": 73150000,
    "depreciationAndAmortization": 127959000,
    "ebitda": 1313892000,
    "ebitdaratio": 0.4211427176,
    "operatingIncome": 1197041000,
    "operatingIncomeRatio": 0.3836883852,
    "totalOtherIncomeExpensesNet": -84258000,
    "incomeBeforeTax": 1112783000,
    "incomeBeforeTaxRatio": 0.3566811098,
    "incomeTaxExpense": 326041000,
    "netIncome": 791411000,
    "netIncomeRatio": 0.2536715189,
    "eps": 0.52,
    "epsdiluted": 0.47,
    "weightedAverageShsOut": 1533882000,
    "weightedAverageShsOutDil": 1694212000,
    "link": "https://www.sec.gov/Archives/edgar/data/882095/000088209514000013/0000882095-14-000013-index.htm",
    "finalLink": "https://www.sec.gov/Archives/edgar/data/882095/000088209514000013/a2013form10-k.htm"
  },
  {
    "date": "2013-09-30",
    "symbol": "GILD",
    "reportedCurrency": "USD",
    "cik": "0000882095",
    "fillingDate": "2013-10-31",
    "acceptedDate": "2013-10-31 16:40:08",
    "calendarYear": "2013",
    "period": "Q3",
    "revenue": 2782833000,
    "costOfRevenue": 681868000,
    "grossProfit": 2100965000,
    "grossProfitRatio": 0.7549734389,
    "researchAndDevelopmentExpenses": 546244000,
    "generalAndAdministrativeExpenses": 0,
    "sellingAndMarketingExpenses": 0,
    "sellingGeneralAndAdministrativeExpenses": 406860000,
    "otherExpenses": 0,
    "operatingExpenses": 953104000,
    "costAndExpenses": 1634972000,
    "interestIncome": 0,
    "interestExpense": 73949000,
    "depreciationAndAmortization": 69242000,
    "ebitda": 1222880000,
    "ebitdaratio": 0.4394370773,
    "operatingIncome": 1147861000,
    "operatingIncomeRatio": 0.4124792972,
    "totalOtherIncomeExpensesNet": -68172000,
    "incomeBeforeTax": 1079689000,
    "incomeBeforeTaxRatio": 0.3879819594,
    "incomeTaxExpense": 294473000,
    "netIncome": 788606000,
    "netIncomeRatio": 0.283382438,
    "eps": 0.51,
    "epsdiluted": 0.47,
    "weightedAverageShsOut": 1532105000,
    "weightedAverageShsOutDil": 1691898000,
    "link": "https://www.sec.gov/Archives/edgar/data/882095/000088209513000046/0000882095-13-000046-index.htm",
    "finalLink": "https://www.sec.gov/Archives/edgar/data/882095/000088209513000046/q313form10-q.htm"
  },
  {
    "date": "2013-06-30",
    "symbol": "GILD",
    "reportedCurrency": "USD",
    "cik": "0000882095",
    "fillingDate": "2013-08-01",
    "acceptedDate": "2013-08-01 16:11:19",
    "calendarYear": "2013",
    "period": "Q2",
    "revenue": 2767394000,
    "costOfRevenue": 684663000,
    "grossProfit": 2082731000,
    "grossProfitRatio": 0.7525964861,
    "researchAndDevelopmentExpenses": 523902000,
    "generalAndAdministrativeExpenses": 0,
    "sellingAndMarketingExpenses": 0,
    "sellingGeneralAndAdministrativeExpenses": 404991000,
    "otherExpenses": 0,
    "operatingExpenses": 928893000,
    "costAndExpenses": 1613556000,
    "interestIncome": 0,
    "interestExpense": 78008000,
    "depreciationAndAmortization": 73177000,
    "ebitda": 1226784000,
    "ebitdaratio": 0.443299364,
    "operatingIncome": 1153838000,
    "operatingIncomeRatio": 0.4169402694,
    "totalOtherIncomeExpensesNet": -78239000,
    "incomeBeforeTax": 1075599000,
    "incomeBeforeTaxRatio": 0.3886685452,
    "incomeTaxExpense": 307981000,
    "netIncome": 772605000,
    "netIncomeRatio": 0.2791814248,
    "eps": 0.51,
    "epsdiluted": 0.46,
    "weightedAverageShsOut": 1526945000,
    "weightedAverageShsOutDil": 1694577000,
    "link": "https://www.sec.gov/Archives/edgar/data/882095/000088209513000038/0000882095-13-000038-index.htm",
    "finalLink": "https://www.sec.gov/Archives/edgar/data/882095/000088209513000038/q213form10-q.htm"
  },
  {
    "date": "2013-03-31",
    "symbol": "GILD",
    "reportedCurrency": "USD",
    "cik": "0000882095",
    "fillingDate": "2013-05-08",
    "acceptedDate": "2013-05-08 17:15:40",
    "calendarYear": "2013",
    "period": "Q1",
    "revenue": 2531635000,
    "costOfRevenue": 634448000,
    "grossProfit": 1897187000,
    "grossProfitRatio": 0.7493919937,
    "researchAndDevelopmentExpenses": 497632000,
    "generalAndAdministrativeExpenses": 0,
    "sellingAndMarketingExpenses": 0,
    "sellingGeneralAndAdministrativeExpenses": 374296000,
    "otherExpenses": 0,
    "operatingExpenses": 871928000,
    "costAndExpenses": 1506376000,
    "interestIncome": 0,
    "interestExpense": 81787000,
    "depreciationAndAmortization": 74326000,
    "ebitda": 1096261000,
    "ebitdaratio": 0.4330249029,
    "operatingIncome": 1025259000,
    "operatingIncomeRatio": 0.4049789958,
    "totalOtherIncomeExpensesNet": -85111000,
    "incomeBeforeTax": 940148000,
    "incomeBeforeTaxRatio": 0.3713600104,
    "incomeTaxExpense": 222438000,
    "netIncome": 722186000,
    "netIncomeRatio": 0.285264661,
    "eps": 0.47,
    "epsdiluted": 0.43,
    "weightedAverageShsOut": 1521372000,
    "weightedAverageShsOutDil": 1665060000,
    "link": "https://www.sec.gov/Archives/edgar/data/882095/000088209513000029/0000882095-13-000029-index.htm",
    "finalLink": "https://www.sec.gov/Archives/edgar/data/882095/000088209513000029/q113form10-q.htm"
  },
  {
    "date": "2012-12-31",
    "symbol": "GILD",
    "reportedCurrency": "USD",
    "cik": "0000882095",
    "fillingDate": "2013-02-27",
    "acceptedDate": "2013-02-27 16:36:05",
    "calendarYear": "2012",
    "period": "Q4",
    "revenue": 2588285000,
    "costOfRevenue": 675818000,
    "grossProfit": 1912467000,
    "grossProfitRatio": 0.7388935144,
    "researchAndDevelopmentExpenses": 439659000,
    "generalAndAdministrativeExpenses": 0,
    "sellingAndMarketingExpenses": 0,
    "sellingGeneralAndAdministrativeExpenses": 365825000,
    "otherExpenses": 0,
    "operatingExpenses": 805484000,
    "costAndExpenses": 1481302000,
    "interestIncome": 0,
    "interestExpense": 85906000,
    "depreciationAndAmortization": 73631000,
    "ebitda": 1182000000,
    "ebitdaratio": 0.456673048,
    "operatingIncome": 1106983000,
    "operatingIncomeRatio": 0.4276897637,
    "totalOtherIncomeExpensesNet": -84520000,
    "incomeBeforeTax": 1022463000,
    "incomeBeforeTaxRatio": 0.3950349363,
    "incomeTaxExpense": 263504000,
    "netIncome": 762541000,
    "netIncomeRatio": 0.2946124557,
    "eps": 0.5,
    "epsdiluted": 0.47,
    "weightedAverageShsOut": 1517208000,
    "weightedAverageShsOutDil": 1636939000,
    "link": "https://www.sec.gov/Archives/edgar/data/882095/000088209513000015/0000882095-13-000015-index.htm",
    "finalLink": "https://www.sec.gov/Archives/edgar/data/882095/000088209513000015/a2012form10-k.htm"
  },
  {
    "date": "2012-09-30",
    "symbol": "GILD",
    "reportedCurrency": "USD",
    "cik": "0000882095",
    "fillingDate": "2012-11-06",
    "acceptedDate": "2012-11-06 16:06:03",
    "calendarYear": "2012",
    "period": "Q3",
    "revenue": 2426597000,
    "costOfRevenue": 597269000,
    "grossProfit": 1829328000,
    "grossProfitRatio": 0.7538655986,
    "researchAndDevelopmentExpenses": 465831000,
    "generalAndAdministrativeExpenses": 0,
    "sellingAndMarketingExpenses": 0,
    "sellingGeneralAndAdministrativeExpenses": 319583000,
    "otherExpenses": 0,
    "operatingExpenses": 785414000,
    "costAndExpenses": 1382683000,
    "interestIncome": 0,
    "interestExpense": 89322000,
    "depreciationAndAmortization": 70996000,
    "ebitda": 1111405000,
    "ebitdaratio": 0.4580097148,
    "operatingIncome": 1043914000,
    "operatingIncomeRatio": 0.4301966911,
    "totalOtherIncomeExpensesNet": -92827000,
    "incomeBeforeTax": 951087000,
    "incomeBeforeTaxRatio": 0.3919427082,
    "incomeTaxExpense": 280052000,
    "netIncome": 675505000,
    "netIncomeRatio": 0.2783754369,
    "eps": 0.45,
    "epsdiluted": 0.43,
    "weightedAverageShsOut": 1514770000,
    "weightedAverageShsOutDil": 1584608000,
    "link": "https://www.sec.gov/Archives/edgar/data/882095/000088209512000029/0000882095-12-000029-index.htm",
    "finalLink": "https://www.sec.gov/Archives/edgar/data/882095/000088209512000029/gild2012093010-q.htm"
  },
  {
    "date": "2012-06-30",
    "symbol": "GILD",
    "reportedCurrency": "USD",
    "cik": "0000882095",
    "fillingDate": "2012-08-01",
    "acceptedDate": "2012-08-01 15:58:47",
    "calendarYear": "2012",
    "period": "Q2",
    "revenue": 2405186000,
    "costOfRevenue": 617345000,
    "grossProfit": 1787841000,
    "grossProfitRatio": 0.7433275431,
    "researchAndDevelopmentExpenses": 396244000,
    "generalAndAdministrativeExpenses": 0,
    "sellingAndMarketingExpenses": 0,
    "sellingGeneralAndAdministrativeExpenses": 332505000,
    "otherExpenses": 0,
    "operatingExpenses": 728749000,
    "costAndExpenses": 1346094000,
    "interestIncome": 0,
    "interestExpense": 88418000,
    "depreciationAndAmortization": 67412000,
    "ebitda": 1125429000,
    "ebitdaratio": 0.4679176579,
    "operatingIncome": 1059092000,
    "operatingIncomeRatio": 0.4403368388,
    "totalOtherIncomeExpensesNet": -89493000,
    "incomeBeforeTax": 969599000,
    "incomeBeforeTaxRatio": 0.4031284899,
    "incomeTaxExpense": 263525000,
    "netIncome": 711564000,
    "netIncomeRatio": 0.2958457267,
    "eps": 0.47,
    "epsdiluted": 0.46,
    "weightedAverageShsOut": 1513902000,
    "weightedAverageShsOutDil": 1561012000,
    "link": "https://www.sec.gov/Archives/edgar/data/882095/000088209512000013/0000882095-12-000013-index.htm",
    "finalLink": "https://www.sec.gov/Archives/edgar/data/882095/000088209512000013/gild2012063010-q.htm"
  },
  {
    "date": "2012-03-31",
    "symbol": "GILD",
    "reportedCurrency": "USD",
    "cik": "0000882095",
    "fillingDate": "2012-05-04",
    "acceptedDate": "2012-05-04 16:26:19",
    "calendarYear": "2012",
    "period": "Q1",
    "revenue": 2282449000,
    "costOfRevenue": 580931000,
    "grossProfit": 1701518000,
    "grossProfitRatio": 0.7454790885,
    "researchAndDevelopmentExpenses": 458211000,
    "generalAndAdministrativeExpenses": 0,
    "sellingAndMarketingExpenses": 0,
    "sellingGeneralAndAdministrativeExpenses": 443121000,
    "otherExpenses": 0,
    "operatingExpenses": 901332000,
    "costAndExpenses": 1482263000,
    "interestIncome": 0,
    "interestExpense": 97270000,
    "depreciationAndAmortization": 66167000,
    "ebitda": 832268000,
    "ebitdaratio": 0.3646381584,
    "operatingIncome": 800186000,
    "operatingIncomeRatio": 0.3505822036,
    "totalOtherIncomeExpensesNet": -131355000,
    "incomeBeforeTax": 668831000,
    "incomeBeforeTaxRatio": 0.2930321773,
    "incomeTaxExpense": 231300000,
    "netIncome": 441956000,
    "netIncomeRatio": 0.1936323659,
    "eps": 0.29,
    "epsdiluted": 0.28,
    "weightedAverageShsOut": 1512572000,
    "weightedAverageShsOutDil": 1554776000,
    "link": "https://www.sec.gov/Archives/edgar/data/882095/000144530512001487/0001445305-12-001487-index.htm",
    "finalLink": "https://www.sec.gov/Archives/edgar/data/882095/000144530512001487/gild2012033110-q.htm"
  },
  {
    "date": "2011-12-31",
    "symbol": "GILD",
    "reportedCurrency": "USD",
    "cik": "0000882095",
    "fillingDate": "2012-02-23",
    "acceptedDate": "2012-02-23 16:18:06",
    "calendarYear": "2011",
    "period": "Q4",
    "revenue": 2200378000,
    "costOfRevenue": 584447000,
    "grossProfit": 1615931000,
    "grossProfitRatio": 0.7343879097,
    "researchAndDevelopmentExpenses": 402236000,
    "generalAndAdministrativeExpenses": 0,
    "sellingAndMarketingExpenses": 0,
    "sellingGeneralAndAdministrativeExpenses": 346219000,
    "otherExpenses": 0,
    "operatingExpenses": 748455000,
    "costAndExpenses": 1332902000,
    "interestIncome": 26365000,
    "interestExpense": 74998000,
    "depreciationAndAmortization": 73425000,
    "ebitda": 967266000,
    "ebitdaratio": 0.4395908339,
    "operatingIncome": 867476000,
    "operatingIncomeRatio": 0.3942395352,
    "totalOtherIncomeExpensesNet": -48633000,
    "incomeBeforeTax": 818843000,
    "incomeBeforeTaxRatio": 0.3721374237,
    "incomeTaxExpense": 157084000,
    "netIncome": 665145000,
    "netIncomeRatio": 0.302286698,
    "eps": 0.43,
    "epsdiluted": 0.43,
    "weightedAverageShsOut": 1475592000,
    "weightedAverageShsOutDil": 1534066000,
    "link": "https://www.sec.gov/Archives/edgar/data/882095/000119312512075335/0001193125-12-075335-index.htm",
    "finalLink": "https://www.sec.gov/Archives/edgar/data/882095/000119312512075335/d260199d10k.htm"
  },
  {
    "date": "2011-09-30",
    "symbol": "GILD",
    "reportedCurrency": "USD",
    "cik": "0000882095",
    "fillingDate": "2011-11-04",
    "acceptedDate": "2011-11-04 16:50:58",
    "calendarYear": "2011",
    "period": "Q3",
    "revenue": 2121660000,
    "costOfRevenue": 531989000,
    "grossProfit": 1589671000,
    "grossProfitRatio": 0.7492581281,
    "researchAndDevelopmentExpenses": 290066000,
    "generalAndAdministrativeExpenses": 0,
    "sellingAndMarketingExpenses": 0,
    "sellingGeneralAndAdministrativeExpenses": 295927000,
    "otherExpenses": 0,
    "operatingExpenses": 585993000,
    "costAndExpenses": 1117982000,
    "interestIncome": 14406000,
    "interestExpense": 43097000,
    "depreciationAndAmortization": 73001000,
    "ebitda": 1091085000,
    "ebitdaratio": 0.5142600605,
    "operatingIncome": 1003678000,
    "operatingIncomeRatio": 0.4730626019,
    "totalOtherIncomeExpensesNet": -28691000,
    "incomeBeforeTax": 974987000,
    "incomeBeforeTaxRatio": 0.4595397,
    "incomeTaxExpense": 237449000,
    "netIncome": 741124000,
    "netIncomeRatio": 0.3493132736,
    "eps": 0.49,
    "epsdiluted": 0.48,
    "weightedAverageShsOut": 1534066000,
    "weightedAverageShsOutDil": 1562624000,
    "link": "https://www.sec.gov/Archives/edgar/data/882095/000119312511297580/0001193125-11-297580-index.htm",
    "finalLink": "https://www.sec.gov/Archives/edgar/data/882095/000119312511297580/d226980d10q.htm"
  },
  {
    "date": "2011-06-30",
    "symbol": "GILD",
    "reportedCurrency": "USD",
    "cik": "0000882095",
    "fillingDate": "2011-08-05",
    "acceptedDate": "2011-08-05 16:48:22",
    "calendarYear": "2011",
    "period": "Q2",
    "revenue": 2137253000,
    "costOfRevenue": 533863000,
    "grossProfit": 1603390000,
    "grossProfitRatio": 0.7502106676,
    "researchAndDevelopmentExpenses": 282403000,
    "generalAndAdministrativeExpenses": 0,
    "sellingAndMarketingExpenses": 0,
    "sellingGeneralAndAdministrativeExpenses": 304269000,
    "otherExpenses": 0,
    "operatingExpenses": 586672000,
    "costAndExpenses": 1120535000,
    "interestIncome": 11978000,
    "interestExpense": 46107000,
    "depreciationAndAmortization": 74892000,
    "ebitda": 1103588000,
    "ebitdaratio": 0.5163581476,
    "operatingIncome": 1016718000,
    "operatingIncomeRatio": 0.4757125151,
    "totalOtherIncomeExpensesNet": -34129000,
    "incomeBeforeTax": 982589000,
    "incomeBeforeTaxRatio": 0.4597438862,
    "incomeTaxExpense": 240130000,
    "netIncome": 746227000,
    "netIncomeRatio": 0.3491523933,
    "eps": 0.48,
    "epsdiluted": 0.47,
    "weightedAverageShsOut": 1569614000,
    "weightedAverageShsOutDil": 1601600000,
    "link": "https://www.sec.gov/Archives/edgar/data/882095/000119312511212453/0001193125-11-212453-index.htm",
    "finalLink": "https://www.sec.gov/Archives/edgar/data/882095/000119312511212453/d10q.htm"
  },
  {
    "date": "2011-03-31",
    "symbol": "GILD",
    "reportedCurrency": "USD",
    "cik": "0000882095",
    "fillingDate": "2011-05-09",
    "acceptedDate": "2011-05-09 16:35:41",
    "calendarYear": "2011",
    "period": "Q1",
    "revenue": 1926094000,
    "costOfRevenue": 474111000,
    "grossProfit": 1451983000,
    "grossProfitRatio": 0.7538484622,
    "researchAndDevelopmentExpenses": 254446000,
    "generalAndAdministrativeExpenses": 0,
    "sellingAndMarketingExpenses": 0,
    "sellingGeneralAndAdministrativeExpenses": 295568000,
    "otherExpenses": 0,
    "operatingExpenses": 550014000,
    "costAndExpenses": 1024125000,
    "interestIncome": 13832000,
    "interestExpense": 41216000,
    "depreciationAndAmortization": 80914000,
    "ebitda": 996715000,
    "ebitdaratio": 0.5174799361,
    "operatingIncome": 901969000,
    "operatingIncomeRatio": 0.4682891905,
    "totalOtherIncomeExpensesNet": -27384000,
    "incomeBeforeTax": 874585000,
    "incomeBeforeTaxRatio": 0.4540718158,
    "incomeTaxExpense": 227282000,
    "netIncome": 651141000,
    "netIncomeRatio": 0.3380629398,
    "eps": 0.41,
    "epsdiluted": 0.4,
    "weightedAverageShsOut": 1592230000,
    "weightedAverageShsOutDil": 1623714000,
    "link": "https://www.sec.gov/Archives/edgar/data/882095/000119312511132405/0001193125-11-132405-index.htm",
    "finalLink": "https://www.sec.gov/Archives/edgar/data/882095/000119312511132405/d10q.htm"
  },
  {
    "date": "2010-12-31",
    "symbol": "GILD",
    "reportedCurrency": "USD",
    "cik": "0000882095",
    "fillingDate": "2011-02-28",
    "acceptedDate": "2011-02-28 16:40:37",
    "calendarYear": "2010",
    "period": "Q4",
    "revenue": 1998687000,
    "costOfRevenue": 496337000,
    "grossProfit": 1502350000,
    "grossProfitRatio": 0.7516684704,
    "researchAndDevelopmentExpenses": 392760000,
    "generalAndAdministrativeExpenses": 0,
    "sellingAndMarketingExpenses": 0,
    "sellingGeneralAndAdministrativeExpenses": 280209000,
    "otherExpenses": 0,
    "operatingExpenses": 672969000,
    "costAndExpenses": 1169306000,
    "interestIncome": 10764000,
    "interestExpense": 40622000,
    "depreciationAndAmortization": 77517000,
    "ebitda": 917662000,
    "ebitdaratio": 0.4591324204,
    "operatingIncome": 829381000,
    "operatingIncomeRatio": 0.4149629232,
    "totalOtherIncomeExpensesNet": -29858000,
    "incomeBeforeTax": 799523000,
    "incomeBeforeTaxRatio": 0.4000241158,
    "incomeTaxExpense": 173158000,
    "netIncome": 629419000,
    "netIncomeRatio": 0.3149162425,
    "eps": 0.38,
    "epsdiluted": 0.38,
    "weightedAverageShsOut": 1617158000,
    "weightedAverageShsOutDil": 1666012000,
    "link": "https://www.sec.gov/Archives/edgar/data/882095/000119312511050041/0001193125-11-050041-index.htm",
    "finalLink": "https://www.sec.gov/Archives/edgar/data/882095/000119312511050041/d10k.htm"
  },
  {
    "date": "2010-09-30",
    "symbol": "GILD",
    "reportedCurrency": "USD",
    "cik": "0000882095",
    "fillingDate": "2010-11-08",
    "acceptedDate": "2010-11-08 17:02:32",
    "calendarYear": "2010",
    "period": "Q3",
    "revenue": 1937656000,
    "costOfRevenue": 477584000,
    "grossProfit": 1460072000,
    "grossProfitRatio": 0.7535248775,
    "researchAndDevelopmentExpenses": 230440000,
    "generalAndAdministrativeExpenses": 0,
    "sellingAndMarketingExpenses": 0,
    "sellingGeneralAndAdministrativeExpenses": 250559000,
    "otherExpenses": 0,
    "operatingExpenses": 480999000,
    "costAndExpenses": 958583000,
    "interestIncome": 15593000,
    "interestExpense": 33620000,
    "depreciationAndAmortization": 69053000,
    "ebitda": 1063719000,
    "ebitdaratio": 0.548972057,
    "operatingIncome": 979073000,
    "operatingIncomeRatio": 0.5052873162,
    "totalOtherIncomeExpensesNet": -18027000,
    "incomeBeforeTax": 961046000,
    "incomeBeforeTaxRatio": 0.4959838072,
    "incomeTaxExpense": 258883000,
    "netIncome": 704876000,
    "netIncomeRatio": 0.3637776778,
    "eps": 0.43,
    "epsdiluted": 0.42,
    "weightedAverageShsOut": 1666012000,
    "weightedAverageShsOutDil": 1694456000,
    "link": "https://www.sec.gov/Archives/edgar/data/882095/000119312510252253/0001193125-10-252253-index.htm",
    "finalLink": "https://www.sec.gov/Archives/edgar/data/882095/000119312510252253/d10q.htm"
  },
  {
    "date": "2010-06-30",
    "symbol": "GILD",
    "reportedCurrency": "USD",
    "cik": "0000882095",
    "fillingDate": "2010-08-09",
    "acceptedDate": "2010-08-09 06:20:57",
    "calendarYear": "2010",
    "period": "Q2",
    "revenue": 1927224000,
    "costOfRevenue": 455525000,
    "grossProfit": 1471699000,
    "grossProfitRatio": 0.7636367127,
    "researchAndDevelopmentExpenses": 231066000,
    "generalAndAdministrativeExpenses": 0,
    "sellingAndMarketingExpenses": 0,
    "sellingGeneralAndAdministrativeExpenses": 248006000,
    "otherExpenses": 0,
    "operatingExpenses": 479072000,
    "costAndExpenses": 934597000,
    "interestIncome": 18285000,
    "interestExpense": 17764000,
    "depreciationAndAmortization": 58801000,
    "ebitda": 1069713000,
    "ebitdaratio": 0.5550537976,
    "operatingIncome": 992627000,
    "operatingIncomeRatio": 0.5150553335,
    "totalOtherIncomeExpensesNet": 521000,
    "incomeBeforeTax": 993148000,
    "incomeBeforeTaxRatio": 0.5153256705,
    "incomeTaxExpense": 284021000,
    "netIncome": 712061000,
    "netIncomeRatio": 0.3694749546,
    "eps": 0.41,
    "epsdiluted": 0.4,
    "weightedAverageShsOut": 1763604000,
    "weightedAverageShsOutDil": 1797506000,
    "link": "https://www.sec.gov/Archives/edgar/data/882095/000119312510182351/0001193125-10-182351-index.htm",
    "finalLink": "https://www.sec.gov/Archives/edgar/data/882095/000119312510182351/d10q.htm"
  },
  {
    "date": "2010-03-31",
    "symbol": "GILD",
    "reportedCurrency": "USD",
    "cik": "0000882095",
    "fillingDate": "2010-05-10",
    "acceptedDate": "2010-05-10 16:16:12",
    "calendarYear": "2010",
    "period": "Q1",
    "revenue": 2085853000,
    "costOfRevenue": 440430000,
    "grossProfit": 1645423000,
    "grossProfitRatio": 0.7888489745,
    "researchAndDevelopmentExpenses": 218664000,
    "generalAndAdministrativeExpenses": 0,
    "sellingAndMarketingExpenses": 0,
    "sellingGeneralAndAdministrativeExpenses": 265618000,
    "otherExpenses": 0,
    "operatingExpenses": 484282000,
    "costAndExpenses": 924712000,
    "interestIncome": 15645000,
    "interestExpense": 16955000,
    "depreciationAndAmortization": 60106000,
    "ebitda": 1236892000,
    "ebitdaratio": 0.592990973,
    "operatingIncome": 1161141000,
    "operatingIncomeRatio": 0.5566744157,
    "totalOtherIncomeExpensesNet": -1310000,
    "incomeBeforeTax": 1159831000,
    "incomeBeforeTaxRatio": 0.5560463753,
    "incomeTaxExpense": 307737000,
    "netIncome": 854901000,
    "netIncomeRatio": 0.4098567828,
    "eps": 0.48,
    "epsdiluted": 0.46,
    "weightedAverageShsOut": 1803212000,
    "weightedAverageShsOutDil": 1856736000,
    "link": "https://www.sec.gov/Archives/edgar/data/882095/000119312510114616/0001193125-10-114616-index.htm",
    "finalLink": "https://www.sec.gov/Archives/edgar/data/882095/000119312510114616/d10q.htm"
  },
  {
    "date": "2009-12-31",
    "symbol": "GILD",
    "reportedCurrency": "USD",
    "cik": "0000882095",
    "fillingDate": "2010-03-01",
    "acceptedDate": "2010-03-01 16:28:09",
    "calendarYear": "2009",
    "period": "Q4",
    "revenue": 2032379000,
    "costOfRevenue": 473399000,
    "grossProfit": 1558980000,
    "grossProfitRatio": 0.767071496,
    "researchAndDevelopmentExpenses": 239645000,
    "generalAndAdministrativeExpenses": 0,
    "sellingAndMarketingExpenses": 0,
    "sellingGeneralAndAdministrativeExpenses": 253897000,
    "otherExpenses": 0,
    "operatingExpenses": 493542000,
    "costAndExpenses": 966941000,
    "interestIncome": 11299000,
    "interestExpense": 17290000,
    "depreciationAndAmortization": 64110000,
    "ebitda": 1140847000,
    "ebitdaratio": 0.5613357548,
    "operatingIncome": 1065438000,
    "operatingIncomeRatio": 0.5242319469,
    "totalOtherIncomeExpensesNet": -5991000,
    "incomeBeforeTax": 1059447000,
    "incomeBeforeTaxRatio": 0.5212841699,
    "incomeTaxExpense": 260054000,
    "netIncome": 802212000,
    "netIncomeRatio": 0.3947157494,
    "eps": 0.44,
    "epsdiluted": 0.44,
    "weightedAverageShsOut": 1799554000,
    "weightedAverageShsOutDil": 1806638000,
    "link": "https://www.sec.gov/Archives/edgar/data/882095/000119312510044753/0001193125-10-044753-index.htm",
    "finalLink": "https://www.sec.gov/Archives/edgar/data/882095/000119312510044753/d10k.htm"
  },
  {
    "date": "2009-09-30",
    "symbol": "GILD",
    "reportedCurrency": "USD",
    "cik": "0000882095",
    "fillingDate": "2009-11-05",
    "acceptedDate": "2009-11-05 16:44:04",
    "calendarYear": "2009",
    "period": "Q3",
    "revenue": 1801389000,
    "costOfRevenue": 409700000,
    "grossProfit": 1391689000,
    "grossProfitRatio": 0.7725643934,
    "researchAndDevelopmentExpenses": 269856000,
    "generalAndAdministrativeExpenses": 0,
    "sellingAndMarketingExpenses": 0,
    "sellingGeneralAndAdministrativeExpenses": 227427000,
    "otherExpenses": 0,
    "operatingExpenses": 497283000,
    "costAndExpenses": 906983000,
    "interestIncome": 14017000,
    "interestExpense": 17217000,
    "depreciationAndAmortization": 57051000,
    "ebitda": 965474000,
    "ebitdaratio": 0.5359608613,
    "operatingIncome": 894406000,
    "operatingIncomeRatio": 0.4965090827,
    "totalOtherIncomeExpensesNet": -3200000,
    "incomeBeforeTax": 891206000,
    "incomeBeforeTaxRatio": 0.4947326757,
    "incomeTaxExpense": 220728000,
    "netIncome": 673033000,
    "netIncomeRatio": 0.373618913,
    "eps": 0.38,
    "epsdiluted": 0.36,
    "weightedAverageShsOut": 1806638000,
    "weightedAverageShsOutDil": 1864848000,
    "link": "https://www.sec.gov/Archives/edgar/data/882095/000119312509225660/0001193125-09-225660-index.htm",
    "finalLink": "https://www.sec.gov/Archives/edgar/data/882095/000119312509225660/d10q.htm"
  },
  {
    "date": "2009-06-30",
    "symbol": "GILD",
    "reportedCurrency": "USD",
    "cik": "0000882095",
    "fillingDate": "2009-08-05",
    "acceptedDate": "2009-08-05 16:44:30",
    "calendarYear": "2009",
    "period": "Q2",
    "revenue": 1647155000,
    "costOfRevenue": 383045000,
    "grossProfit": 1264110000,
    "grossProfitRatio": 0.7674505435,
    "researchAndDevelopmentExpenses": 241638000,
    "generalAndAdministrativeExpenses": 0,
    "sellingAndMarketingExpenses": 0,
    "sellingGeneralAndAdministrativeExpenses": 261411000,
    "otherExpenses": 0,
    "operatingExpenses": 503049000,
    "costAndExpenses": 886094000,
    "interestIncome": 12923000,
    "interestExpense": 18484000,
    "depreciationAndAmortization": 52635000,
    "ebitda": 826619000,
    "ebitdaratio": 0.5018465172,
    "operatingIncome": 761061000,
    "operatingIncomeRatio": 0.4620457698,
    "totalOtherIncomeExpensesNet": -5561000,
    "incomeBeforeTax": 755500000,
    "incomeBeforeTaxRatio": 0.4586696455,
    "incomeTaxExpense": 186355000,
    "netIncome": 571398000,
    "netIncomeRatio": 0.3468999578,
    "eps": 0.32,
    "epsdiluted": 0.31,
    "weightedAverageShsOut": 1811222000,
    "weightedAverageShsOutDil": 1868956000,
    "link": "https://www.sec.gov/Archives/edgar/data/882095/000119312509165506/0001193125-09-165506-index.htm",
    "finalLink": "https://www.sec.gov/Archives/edgar/data/882095/000119312509165506/d10q.htm"
  },
  {
    "date": "2009-03-31",
    "symbol": "GILD",
    "reportedCurrency": "USD",
    "cik": "0000882095",
    "fillingDate": "2009-05-07",
    "acceptedDate": "2009-05-07 09:31:27",
    "calendarYear": "2009",
    "period": "Q1",
    "revenue": 1530460000,
    "costOfRevenue": 329414000,
    "grossProfit": 1201046000,
    "grossProfitRatio": 0.7847614443,
    "researchAndDevelopmentExpenses": 188779000,
    "generalAndAdministrativeExpenses": 0,
    "sellingAndMarketingExpenses": 0,
    "sellingGeneralAndAdministrativeExpenses": 203951000,
    "otherExpenses": 0,
    "operatingExpenses": 392730000,
    "costAndExpenses": 722144000,
    "interestIncome": 4158000,
    "interestExpense": 16671000,
    "depreciationAndAmortization": 39148000,
    "ebitda": 851622000,
    "ebitdaratio": 0.5564483881,
    "operatingIncome": 808316000,
    "operatingIncomeRatio": 0.5281523202,
    "totalOtherIncomeExpensesNet": -12513000,
    "incomeBeforeTax": 795803000,
    "incomeBeforeTaxRatio": 0.519976347,
    "incomeTaxExpense": 209227000,
    "netIncome": 589112000,
    "netIncomeRatio": 0.3849247939,
    "eps": 0.33,
    "epsdiluted": 0.32,
    "weightedAverageShsOut": 1819560000,
    "weightedAverageShsOutDil": 1884958000,
    "link": "https://www.sec.gov/Archives/edgar/data/882095/000119312509102710/0001193125-09-102710-index.htm",
    "finalLink": "https://www.sec.gov/Archives/edgar/data/882095/000119312509102710/d10q.htm"
  },
  {
    "date": "2008-12-31",
    "symbol": "GILD",
    "reportedCurrency": "USD",
    "cik": "0000882095",
    "fillingDate": "2009-02-27",
    "acceptedDate": "2009-02-27 14:49:37",
    "calendarYear": "2008",
    "period": "Q4",
    "revenue": 1428205000,
    "costOfRevenue": 321531000,
    "grossProfit": 1106674000,
    "grossProfitRatio": 0.7748705543,
    "researchAndDevelopmentExpenses": 201863000,
    "generalAndAdministrativeExpenses": 0,
    "sellingAndMarketingExpenses": 0,
    "sellingGeneralAndAdministrativeExpenses": 193665000,
    "otherExpenses": 0,
    "operatingExpenses": 395528000,
    "costAndExpenses": 717059000,
    "interestIncome": 0,
    "interestExpense": 0,
    "depreciationAndAmortization": 26831000,
    "ebitda": 795091000,
    "ebitdaratio": 0.5567064952,
    "operatingIncome": 711146000,
    "operatingIncomeRatio": 0.497929919,
    "totalOtherIncomeExpensesNet": 18536000,
    "incomeBeforeTax": 729682000,
    "incomeBeforeTaxRatio": 0.510908448,
    "incomeTaxExpense": 161488000,
    "netIncome": 568194000,
    "netIncomeRatio": 0.3978378454,
    "eps": 0.31,
    "epsdiluted": 0.31,
    "weightedAverageShsOut": 1822180000,
    "weightedAverageShsOutDil": 1841614000,
    "link": "https://www.sec.gov/Archives/edgar/data/882095/000119312509040769/0001193125-09-040769-index.htm",
    "finalLink": "https://www.sec.gov/Archives/edgar/data/882095/000119312509040769/d10k.htm"
  },
  {
    "date": "2008-09-30",
    "symbol": "GILD",
    "reportedCurrency": "USD",
    "cik": "0000882095",
    "fillingDate": "2008-10-31",
    "acceptedDate": "2008-10-31 14:07:57",
    "calendarYear": "2008",
    "period": "Q3",
    "revenue": 1371268000,
    "costOfRevenue": 300183000,
    "grossProfit": 1071085000,
    "grossProfitRatio": 0.7810909319,
    "researchAndDevelopmentExpenses": 188062000,
    "generalAndAdministrativeExpenses": 0,
    "sellingAndMarketingExpenses": 0,
    "sellingGeneralAndAdministrativeExpenses": 189189000,
    "otherExpenses": 0,
    "operatingExpenses": 377251000,
    "costAndExpenses": 677434000,
    "interestIncome": 0,
    "interestExpense": 0,
    "depreciationAndAmortization": 8517000,
    "ebitda": 702351000,
    "ebitdaratio": 0.5121909065,
    "operatingIncome": 693834000,
    "operatingIncomeRatio": 0.5059798668,
    "totalOtherIncomeExpensesNet": 2846000,
    "incomeBeforeTax": 696680000,
    "incomeBeforeTaxRatio": 0.5080553181,
    "incomeTaxExpense": 192675000,
    "netIncome": 504005000,
    "netIncomeRatio": 0.3675466794,
    "eps": 0.28,
    "epsdiluted": 0.26,
    "weightedAverageShsOut": 1841614000,
    "weightedAverageShsOutDil": 1921170000,
    "link": "https://www.sec.gov/Archives/edgar/data/882095/000119312508221356/0001193125-08-221356-index.htm",
    "finalLink": "https://www.sec.gov/Archives/edgar/data/882095/000119312508221356/d10q.htm"
  },
  {
    "date": "2008-06-30",
    "symbol": "GILD",
    "reportedCurrency": "USD",
    "cik": "0000882095",
    "fillingDate": "2008-08-11",
    "acceptedDate": "2008-08-08 18:24:45",
    "calendarYear": "2008",
    "period": "Q2",
    "revenue": 1278125000,
    "costOfRevenue": 265684000,
    "grossProfit": 1012441000,
    "grossProfitRatio": 0.7921298778,
    "researchAndDevelopmentExpenses": 176542000,
    "generalAndAdministrativeExpenses": 0,
    "sellingAndMarketingExpenses": 0,
    "sellingGeneralAndAdministrativeExpenses": 219533000,
    "otherExpenses": 10851000,
    "operatingExpenses": 406926000,
    "costAndExpenses": 672610000,
    "interestIncome": 14026000,
    "interestExpense": 16428000,
    "depreciationAndAmortization": 37484000,
    "ebitda": 657025000,
    "ebitdaratio": 0.5140537897,
    "operatingIncome": 605515000,
    "operatingIncomeRatio": 0.4737525672,
    "totalOtherIncomeExpensesNet": -2402000,
    "incomeBeforeTax": 603113000,
    "incomeBeforeTaxRatio": 0.4718732518,
    "incomeTaxExpense": 170490000,
    "netIncome": 434783000,
    "netIncomeRatio": 0.3401725183,
    "eps": 0.24,
    "epsdiluted": 0.23,
    "weightedAverageShsOut": 1845592000,
    "weightedAverageShsOutDil": 1931326000,
    "link": "https://www.sec.gov/Archives/edgar/data/882095/000119312508172215/0001193125-08-172215-index.htm",
    "finalLink": "https://www.sec.gov/Archives/edgar/data/882095/000119312508172215/d10q.htm"
  },
  {
    "date": "2008-03-31",
    "symbol": "GILD",
    "reportedCurrency": "USD",
    "cik": "0000882095",
    "fillingDate": "2008-05-02",
    "acceptedDate": "2008-05-02 17:24:37",
    "calendarYear": "2008",
    "period": "Q1",
    "revenue": 1258152000,
    "costOfRevenue": 239848000,
    "grossProfit": 1018304000,
    "grossProfitRatio": 0.8093648462,
    "researchAndDevelopmentExpenses": 155301000,
    "generalAndAdministrativeExpenses": 0,
    "sellingAndMarketingExpenses": 0,
    "sellingGeneralAndAdministrativeExpenses": 194957000,
    "otherExpenses": 0,
    "operatingExpenses": 350258000,
    "costAndExpenses": 590106000,
    "interestIncome": 22700000,
    "interestExpense": 16001000,
    "depreciationAndAmortization": 29635000,
    "ebitda": 720381000,
    "ebitdaratio": 0.5725707228,
    "operatingIncome": 668046000,
    "operatingIncomeRatio": 0.530974,
    "totalOtherIncomeExpensesNet": 6699000,
    "incomeBeforeTax": 674745000,
    "incomeBeforeTaxRatio": 0.5362984759,
    "incomeTaxExpense": 188320000,
    "netIncome": 488300000,
    "netIncomeRatio": 0.3881089089,
    "eps": 0.27,
    "epsdiluted": 0.26,
    "weightedAverageShsOut": 1856208000,
    "weightedAverageShsOutDil": 1933108000,
    "link": "https://www.sec.gov/Archives/edgar/data/882095/000119312508100936/0001193125-08-100936-index.htm",
    "finalLink": "https://www.sec.gov/Archives/edgar/data/882095/000119312508100936/d10q.htm"
  },
  {
    "date": "2007-12-31",
    "symbol": "GILD",
    "reportedCurrency": "USD",
    "cik": "0000882095",
    "fillingDate": "2008-02-27",
    "acceptedDate": "2008-02-27 17:22:15",
    "calendarYear": "2007",
    "period": "Q4",
    "revenue": 1094723000,
    "costOfRevenue": 215542000,
    "grossProfit": 879181000,
    "grossProfitRatio": 0.8031081835,
    "researchAndDevelopmentExpenses": 184648000,
    "generalAndAdministrativeExpenses": 0,
    "sellingAndMarketingExpenses": 0,
    "sellingGeneralAndAdministrativeExpenses": 180048000,
    "otherExpenses": 0,
    "operatingExpenses": 364696000,
    "costAndExpenses": 580238000,
    "interestIncome": 0,
    "interestExpense": 0,
    "depreciationAndAmortization": 9465000,
    "ebitda": 523950000,
    "ebitdaratio": 0.4786142248,
    "operatingIncome": 514485000,
    "operatingIncomeRatio": 0.469968202,
    "totalOtherIncomeExpensesNet": 28747000,
    "incomeBeforeTax": 543232000,
    "incomeBeforeTaxRatio": 0.4962278129,
    "incomeTaxExpense": 141590000,
    "netIncome": 401642000,
    "netIncomeRatio": 0.3668891583,
    "eps": 0.22,
    "epsdiluted": 0.22,
    "weightedAverageShsOut": 1853926000,
    "weightedAverageShsOutDil": 1853926000,
    "link": "https://www.sec.gov/Archives/edgar/data/882095/000119312508040255/0001193125-08-040255-index.htm",
    "finalLink": "https://www.sec.gov/Archives/edgar/data/882095/000119312508040255/d10k.htm"
  },
  {
    "date": "2007-09-30",
    "symbol": "GILD",
    "reportedCurrency": "USD",
    "cik": "0000882095",
    "fillingDate": "2007-11-02",
    "acceptedDate": "2007-11-02 16:53:20",
    "calendarYear": "2007",
    "period": "Q3",
    "revenue": 1058803000,
    "costOfRevenue": 198460000,
    "grossProfit": 860343000,
    "grossProfitRatio": 0.8125619213,
    "researchAndDevelopmentExpenses": 140357000,
    "generalAndAdministrativeExpenses": 0,
    "sellingAndMarketingExpenses": 0,
    "sellingGeneralAndAdministrativeExpenses": 172956000,
    "otherExpenses": 0,
    "operatingExpenses": 313313000,
    "costAndExpenses": 511773000,
    "interestIncome": 0,
    "interestExpense": 0,
    "depreciationAndAmortization": 15532000,
    "ebitda": 562562000,
    "ebitdaratio": 0.5313188572,
    "operatingIncome": 547030000,
    "operatingIncomeRatio": 0.5166494617,
    "totalOtherIncomeExpensesNet": 28991000,
    "incomeBeforeTax": 576021000,
    "incomeBeforeTaxRatio": 0.5440303815,
    "incomeTaxExpense": 177702000,
    "netIncome": 398319000,
    "netIncomeRatio": 0.3761974607,
    "eps": 0.22,
    "epsdiluted": 0.21,
    "weightedAverageShsOut": 1853926000,
    "weightedAverageShsOutDil": 1918086000,
    "link": "https://www.sec.gov/Archives/edgar/data/882095/000119312507233879/0001193125-07-233879-index.htm",
    "finalLink": "https://www.sec.gov/Archives/edgar/data/882095/000119312507233879/d10q.htm"
  },
  {
    "date": "2007-06-30",
    "symbol": "GILD",
    "reportedCurrency": "USD",
    "cik": "0000882095",
    "fillingDate": "2007-08-09",
    "acceptedDate": "2007-08-08 17:31:21",
    "calendarYear": "2007",
    "period": "Q2",
    "revenue": 1048089000,
    "costOfRevenue": 183131000,
    "grossProfit": 864958000,
    "grossProfitRatio": 0.825271518,
    "researchAndDevelopmentExpenses": 135931000,
    "generalAndAdministrativeExpenses": 0,
    "sellingAndMarketingExpenses": 0,
    "sellingGeneralAndAdministrativeExpenses": 186179000,
    "otherExpenses": 0,
    "operatingExpenses": 322110000,
    "costAndExpenses": 505241000,
    "interestIncome": 0,
    "interestExpense": 0,
    "depreciationAndAmortization": 14611000,
    "ebitda": 557459000,
    "ebitdaratio": 0.5318813574,
    "operatingIncome": 542848000,
    "operatingIncomeRatio": 0.5179407474,
    "totalOtherIncomeExpensesNet": 27383000,
    "incomeBeforeTax": 570231000,
    "incomeBeforeTaxRatio": 0.5440673454,
    "incomeTaxExpense": 162301000,
    "netIncome": 407930000,
    "netIncomeRatio": 0.3892131298,
    "eps": 0.22,
    "epsdiluted": 0.21,
    "weightedAverageShsOut": 1863354000,
    "weightedAverageShsOutDil": 1935856000,
    "link": "https://www.sec.gov/Archives/edgar/data/882095/000119312507175829/0001193125-07-175829-index.htm",
    "finalLink": "https://www.sec.gov/Archives/edgar/data/882095/000119312507175829/d10q.htm"
  },
  {
    "date": "2007-03-31",
    "symbol": "GILD",
    "reportedCurrency": "USD",
    "cik": "0000882095",
    "fillingDate": "2007-05-04",
    "acceptedDate": "2007-05-04 17:15:29",
    "calendarYear": "2007",
    "period": "Q1",
    "revenue": 1028430000,
    "costOfRevenue": 171638000,
    "grossProfit": 856792000,
    "grossProfitRatio": 0.8331067744,
    "researchAndDevelopmentExpenses": 130090000,
    "generalAndAdministrativeExpenses": 0,
    "sellingAndMarketingExpenses": 0,
    "sellingGeneralAndAdministrativeExpenses": 166558000,
    "otherExpenses": 0,
    "operatingExpenses": 296648000,
    "costAndExpenses": 468286000,
    "interestIncome": 0,
    "interestExpense": 0,
    "depreciationAndAmortization": 11671000,
    "ebitda": 571815000,
    "ebitdaratio": 0.5560077011,
    "operatingIncome": 560144000,
    "operatingIncomeRatio": 0.5446593351,
    "totalOtherIncomeExpensesNet": 20710000,
    "incomeBeforeTax": 580854000,
    "incomeBeforeTaxRatio": 0.5647968262,
    "incomeTaxExpense": 173447000,
    "netIncome": 407407000,
    "netIncomeRatio": 0.3961446088,
    "eps": 0.22,
    "epsdiluted": 0.21,
    "weightedAverageShsOut": 1853880000,
    "weightedAverageShsOutDil": 1925432000,
    "link": "https://www.sec.gov/Archives/edgar/data/882095/000119312507103032/0001193125-07-103032-index.htm",
    "finalLink": "https://www.sec.gov/Archives/edgar/data/882095/000119312507103032/d10q.htm"
  },
  {
    "date": "2006-12-31",
    "symbol": "GILD",
    "reportedCurrency": "USD",
    "cik": "0000882095",
    "fillingDate": "2007-02-27",
    "acceptedDate": "2007-02-27 17:24:35",
    "calendarYear": "2006",
    "period": "Q4",
    "revenue": 899226000,
    "costOfRevenue": 155289000,
    "grossProfit": 743937000,
    "grossProfitRatio": 0.8273081517,
    "researchAndDevelopmentExpenses": 111620000,
    "generalAndAdministrativeExpenses": 0,
    "sellingAndMarketingExpenses": 0,
    "sellingGeneralAndAdministrativeExpenses": 147093000,
    "otherExpenses": 2038483000,
    "operatingExpenses": 2297196000,
    "costAndExpenses": 2452485000,
    "interestIncome": 0,
    "interestExpense": 0,
    "depreciationAndAmortization": 11767000,
    "ebitda": 496991000,
    "ebitdaratio": 0.5526875335,
    "operatingIncome": -1553259000,
    "operatingIncomeRatio": -1.7273288361,
    "totalOtherIncomeExpensesNet": 29598000,
    "incomeBeforeTax": -1523661000,
    "incomeBeforeTaxRatio": -1.6944138626,
    "incomeTaxExpense": 141986000,
    "netIncome": -1665647000,
    "netIncomeRatio": -1.8523118771,
    "eps": -0.91,
    "epsdiluted": -0.91,
    "weightedAverageShsOut": 1829732000,
    "weightedAverageShsOutDil": 1829732000,
    "link": "https://www.sec.gov/Archives/edgar/data/882095/000119312507041203/0001193125-07-041203-index.htm",
    "finalLink": "https://www.sec.gov/Archives/edgar/data/882095/000119312507041203/d10k.htm"
  },
  {
    "date": "2006-09-30",
    "symbol": "GILD",
    "reportedCurrency": "USD",
    "cik": "0000882095",
    "fillingDate": "2006-11-06",
    "acceptedDate": "2006-11-03 19:24:38",
    "calendarYear": "2006",
    "period": "Q3",
    "revenue": 748733000,
    "costOfRevenue": 109791000,
    "grossProfit": 638942000,
    "grossProfitRatio": 0.8533642834,
    "researchAndDevelopmentExpenses": 93305000,
    "generalAndAdministrativeExpenses": 0,
    "sellingAndMarketingExpenses": 0,
    "sellingGeneralAndAdministrativeExpenses": 132529000,
    "otherExpenses": 355568000,
    "operatingExpenses": 581402000,
    "costAndExpenses": 691193000,
    "interestIncome": 0,
    "interestExpense": 0,
    "depreciationAndAmortization": 11684000,
    "ebitda": 424792000,
    "ebitdaratio": 0.5673477728,
    "operatingIncome": 57540000,
    "operatingIncomeRatio": 0.076849825,
    "totalOtherIncomeExpensesNet": 31756000,
    "incomeBeforeTax": 89296000,
    "incomeBeforeTaxRatio": 0.119262808,
    "incomeTaxExpense": 141460000,
    "netIncome": -52164000,
    "netIncomeRatio": -0.0696696953,
    "eps": -0.0285,
    "epsdiluted": -0.0285,
    "weightedAverageShsOut": 1829732000,
    "weightedAverageShsOutDil": 1829732000,
    "link": "https://www.sec.gov/Archives/edgar/data/882095/000119312506223996/0001193125-06-223996-index.htm",
    "finalLink": "https://www.sec.gov/Archives/edgar/data/882095/000119312506223996/d10q.htm"
  },
  {
    "date": "2006-06-30",
    "symbol": "GILD",
    "reportedCurrency": "USD",
    "cik": "0000882095",
    "fillingDate": "2006-08-04",
    "acceptedDate": "2006-08-04 13:55:11",
    "calendarYear": "2006",
    "period": "Q2",
    "revenue": 685302000,
    "costOfRevenue": 77883000,
    "grossProfit": 607419000,
    "grossProfitRatio": 0.8863522943,
    "researchAndDevelopmentExpenses": 90536000,
    "generalAndAdministrativeExpenses": 0,
    "sellingAndMarketingExpenses": 0,
    "sellingGeneralAndAdministrativeExpenses": 151568000,
    "otherExpenses": 0,
    "operatingExpenses": 242104000,
    "costAndExpenses": 319987000,
    "interestIncome": 0,
    "interestExpense": 0,
    "depreciationAndAmortization": 12590000,
    "ebitda": 377905000,
    "ebitdaratio": 0.5514430134,
    "operatingIncome": 365315000,
    "operatingIncomeRatio": 0.5330715509,
    "totalOtherIncomeExpensesNet": 33397000,
    "incomeBeforeTax": 398712000,
    "incomeBeforeTaxRatio": 0.5818048101,
    "incomeTaxExpense": 133562000,
    "netIncome": 265150000,
    "netIncomeRatio": 0.3869097128,
    "eps": 0.14,
    "epsdiluted": 0.14,
    "weightedAverageShsOut": 1830020000,
    "weightedAverageShsOutDil": 1904868000,
    "link": "https://www.sec.gov/Archives/edgar/data/882095/000119312506162164/0001193125-06-162164-index.htm",
    "finalLink": "https://www.sec.gov/Archives/edgar/data/882095/000119312506162164/d10q.htm"
  },
  {
    "date": "2006-03-31",
    "symbol": "GILD",
    "reportedCurrency": "USD",
    "cik": "0000882095",
    "fillingDate": "2006-05-03",
    "acceptedDate": "2006-05-03 17:24:49",
    "calendarYear": "2006",
    "period": "Q1",
    "revenue": 692878000,
    "costOfRevenue": 90357000,
    "grossProfit": 602521000,
    "grossProfitRatio": 0.8695917607,
    "researchAndDevelopmentExpenses": 88400000,
    "generalAndAdministrativeExpenses": 0,
    "sellingAndMarketingExpenses": 0,
    "sellingGeneralAndAdministrativeExpenses": 142469000,
    "otherExpenses": 0,
    "operatingExpenses": 230869000,
    "costAndExpenses": 321226000,
    "interestIncome": 0,
    "interestExpense": 0,
    "depreciationAndAmortization": 11243000,
    "ebitda": 382895000,
    "ebitdaratio": 0.5526153233,
    "operatingIncome": 371652000,
    "operatingIncomeRatio": 0.5363888015,
    "totalOtherIncomeExpensesNet": 25795000,
    "incomeBeforeTax": 397447000,
    "incomeBeforeTaxRatio": 0.5736175777,
    "incomeTaxExpense": 134743000,
    "netIncome": 262704000,
    "netIncomeRatio": 0.3791489988,
    "eps": 0.14,
    "epsdiluted": 0.14,
    "weightedAverageShsOut": 1845700000,
    "weightedAverageShsOutDil": 1927208000,
    "link": "https://www.sec.gov/Archives/edgar/data/882095/000119312506098650/0001193125-06-098650-index.htm",
    "finalLink": "https://www.sec.gov/Archives/edgar/data/882095/000119312506098650/d10q.htm"
  },
  {
    "date": "2005-12-31",
    "symbol": "GILD",
    "reportedCurrency": "USD",
    "cik": "0000882095",
    "fillingDate": "2006-03-03",
    "acceptedDate": "2006-03-03 16:56:14",
    "calendarYear": "2005",
    "period": "Q4",
    "revenue": 609266000,
    "costOfRevenue": 74144000,
    "grossProfit": 535122000,
    "grossProfitRatio": 0.8783060273,
    "researchAndDevelopmentExpenses": 68763000,
    "generalAndAdministrativeExpenses": 0,
    "sellingAndMarketingExpenses": 0,
    "sellingGeneralAndAdministrativeExpenses": 104330000,
    "otherExpenses": 0,
    "operatingExpenses": 173093000,
    "costAndExpenses": 247237000,
    "interestIncome": 0,
    "interestExpense": 0,
    "depreciationAndAmortization": 11873000,
    "ebitda": 373902000,
    "ebitdaratio": 0.6136925415,
    "operatingIncome": 362029000,
    "operatingIncomeRatio": 0.5942051583,
    "totalOtherIncomeExpensesNet": 16957000,
    "incomeBeforeTax": 378986000,
    "incomeBeforeTaxRatio": 0.6220370085,
    "incomeTaxExpense": 97384000,
    "netIncome": 281602000,
    "netIncomeRatio": 0.4621987769,
    "eps": 0.15,
    "epsdiluted": 0.15,
    "weightedAverageShsOut": 1824392000,
    "weightedAverageShsOutDil": 1824392000,
    "link": "https://www.sec.gov/Archives/edgar/data/882095/000119312506045128/0001193125-06-045128-index.htm",
    "finalLink": "https://www.sec.gov/Archives/edgar/data/882095/000119312506045128/d10k.htm"
  },
  {
    "date": "2005-09-30",
    "symbol": "GILD",
    "reportedCurrency": "USD",
    "cik": "0000882095",
    "fillingDate": "2005-11-04",
    "acceptedDate": "2005-11-04 13:05:18",
    "calendarYear": "2005",
    "period": "Q3",
    "revenue": 493451000,
    "costOfRevenue": 65498000,
    "grossProfit": 427953000,
    "grossProfitRatio": 0.8672654428,
    "researchAndDevelopmentExpenses": 78830000,
    "generalAndAdministrativeExpenses": 0,
    "sellingAndMarketingExpenses": 0,
    "sellingGeneralAndAdministrativeExpenses": 100873000,
    "otherExpenses": 0,
    "operatingExpenses": 179703000,
    "costAndExpenses": 245201000,
    "interestIncome": 0,
    "interestExpense": 0,
    "depreciationAndAmortization": 11332000,
    "ebitda": 259582000,
    "ebitdaratio": 0.5260542587,
    "operatingIncome": 248250000,
    "operatingIncomeRatio": 0.5030894658,
    "totalOtherIncomeExpensesNet": 15324000,
    "incomeBeforeTax": 263574000,
    "incomeBeforeTaxRatio": 0.534144221,
    "incomeTaxExpense": 84342000,
    "netIncome": 179232000,
    "netIncomeRatio": 0.3632214749,
    "eps": 0.0975,
    "epsdiluted": 0.095,
    "weightedAverageShsOut": 1824392000,
    "weightedAverageShsOutDil": 1903860000,
    "link": "https://www.sec.gov/Archives/edgar/data/882095/000119312505216649/0001193125-05-216649-index.htm",
    "finalLink": "https://www.sec.gov/Archives/edgar/data/882095/000119312505216649/d10q.htm"
  },
  {
    "date": "2005-06-30",
    "symbol": "GILD",
    "reportedCurrency": "USD",
    "cik": "0000882095",
    "fillingDate": "2005-08-04",
    "acceptedDate": "2005-08-04 16:29:49",
    "calendarYear": "2005",
    "period": "Q2",
    "revenue": 495269000,
    "costOfRevenue": 63269000,
    "grossProfit": 432000000,
    "grossProfitRatio": 0.8722532603,
    "researchAndDevelopmentExpenses": 59697000,
    "generalAndAdministrativeExpenses": 0,
    "sellingAndMarketingExpenses": 0,
    "sellingGeneralAndAdministrativeExpenses": 94805000,
    "otherExpenses": 0,
    "operatingExpenses": 154502000,
    "costAndExpenses": 217771000,
    "interestIncome": 0,
    "interestExpense": 0,
    "depreciationAndAmortization": 6435000,
    "ebitda": 283933000,
    "ebitdaratio": 0.5732904745,
    "operatingIncome": 277498000,
    "operatingIncomeRatio": 0.5602975353,
    "totalOtherIncomeExpensesNet": 10686000,
    "incomeBeforeTax": 288184000,
    "incomeBeforeTaxRatio": 0.5818736888,
    "incomeTaxExpense": 92217000,
    "netIncome": 195967000,
    "netIncomeRatio": 0.3956779043,
    "eps": 0.11,
    "epsdiluted": 0.1,
    "weightedAverageShsOut": 1811768000,
    "weightedAverageShsOutDil": 1890380000,
    "link": "https://www.sec.gov/Archives/edgar/data/882095/000119312505157811/0001193125-05-157811-index.htm",
    "finalLink": "https://www.sec.gov/Archives/edgar/data/882095/000119312505157811/d10q.htm"
  },
  {
    "date": "2005-03-31",
    "symbol": "GILD",
    "reportedCurrency": "USD",
    "cik": "0000882095",
    "fillingDate": "2005-05-06",
    "acceptedDate": "2005-05-06 13:48:20",
    "calendarYear": "2005",
    "period": "Q1",
    "revenue": 430414000,
    "costOfRevenue": 57415000,
    "grossProfit": 372999000,
    "grossProfitRatio": 0.8666051755,
    "researchAndDevelopmentExpenses": 70434000,
    "generalAndAdministrativeExpenses": 0,
    "sellingAndMarketingExpenses": 0,
    "sellingGeneralAndAdministrativeExpenses": 79088000,
    "otherExpenses": 0,
    "operatingExpenses": 149522000,
    "costAndExpenses": 206937000,
    "interestIncome": 0,
    "interestExpense": 0,
    "depreciationAndAmortization": 6137000,
    "ebitda": 229614000,
    "ebitdaratio": 0.5334724242,
    "operatingIncome": 223477000,
    "operatingIncomeRatio": 0.519214059,
    "totalOtherIncomeExpensesNet": 7571000,
    "incomeBeforeTax": 231048000,
    "incomeBeforeTaxRatio": 0.5368041002,
    "incomeTaxExpense": 73935000,
    "netIncome": 157113000,
    "netIncomeRatio": 0.3650276246,
    "eps": 0.0875,
    "epsdiluted": 0.085,
    "weightedAverageShsOut": 1798196000,
    "weightedAverageShsOutDil": 1870476000,
    "link": "https://www.sec.gov/Archives/edgar/data/882095/000110465905021130/0001104659-05-021130-index.htm",
    "finalLink": "https://www.sec.gov/Archives/edgar/data/882095/000110465905021130/a05-7911_110q.htm"
  },
  {
    "date": "2004-12-31",
    "symbol": "GILD",
    "reportedCurrency": "USD",
    "cik": "0000882095",
    "fillingDate": "2005-03-14",
    "acceptedDate": "2005-03-14 16:16:57",
    "calendarYear": "2004",
    "period": "Q4",
    "revenue": 369585000,
    "costOfRevenue": 48704000,
    "grossProfit": 320881000,
    "grossProfitRatio": 0.86821976,
    "researchAndDevelopmentExpenses": 70160000,
    "generalAndAdministrativeExpenses": 0,
    "sellingAndMarketingExpenses": 0,
    "sellingGeneralAndAdministrativeExpenses": 85423000,
    "otherExpenses": 0,
    "operatingExpenses": 155583000,
    "costAndExpenses": 204287000,
    "interestIncome": 0,
    "interestExpense": 0,
    "depreciationAndAmortization": 6429000,
    "ebitda": 171727000,
    "ebitdaratio": 0.4646481865,
    "operatingIncome": 165298000,
    "operatingIncomeRatio": 0.447253,
    "totalOtherIncomeExpensesNet": -2778000,
    "incomeBeforeTax": 162520000,
    "incomeBeforeTaxRatio": 0.4397364612,
    "incomeTaxExpense": 52276000,
    "netIncome": 110244000,
    "netIncomeRatio": 0.2982913268,
    "eps": 0.0639,
    "epsdiluted": 0.0639,
    "weightedAverageShsOut": 1725092000,
    "weightedAverageShsOutDil": 1725092000,
    "link": "https://www.sec.gov/Archives/edgar/data/882095/000110465905010858/0001104659-05-010858-index.htm",
    "finalLink": "https://www.sec.gov/Archives/edgar/data/882095/000110465905010858/a05-1830_110k.htm"
  },
  {
    "date": "2004-09-30",
    "symbol": "GILD",
    "reportedCurrency": "USD",
    "cik": "0000882095",
    "fillingDate": "2004-11-04",
    "acceptedDate": "2004-11-04 16:12:09",
    "calendarYear": "2004",
    "period": "Q3",
    "revenue": 326187000,
    "costOfRevenue": 40842000,
    "grossProfit": 285345000,
    "grossProfitRatio": 0.8747896145,
    "researchAndDevelopmentExpenses": 49204000,
    "generalAndAdministrativeExpenses": 0,
    "sellingAndMarketingExpenses": 0,
    "sellingGeneralAndAdministrativeExpenses": 72371000,
    "otherExpenses": 0,
    "operatingExpenses": 121575000,
    "costAndExpenses": 162417000,
    "interestIncome": 0,
    "interestExpense": 0,
    "depreciationAndAmortization": 6118000,
    "ebitda": 169888000,
    "ebitdaratio": 0.520830076,
    "operatingIncome": 163770000,
    "operatingIncomeRatio": 0.5020739637,
    "totalOtherIncomeExpensesNet": 2759000,
    "incomeBeforeTax": 166529000,
    "incomeBeforeTaxRatio": 0.510532302,
    "incomeTaxExpense": 53289000,
    "netIncome": 113240000,
    "netIncomeRatio": 0.3471628238,
    "eps": 0.065,
    "epsdiluted": 0.0625,
    "weightedAverageShsOut": 1725092000,
    "weightedAverageShsOutDil": 1861896000,
    "link": "https://www.sec.gov/Archives/edgar/data/882095/000110465904033596/0001104659-04-033596-index.htm",
    "finalLink": "https://www.sec.gov/Archives/edgar/data/882095/000110465904033596/a04-12383_110q.htm"
  },
  {
    "date": "2004-06-30",
    "symbol": "GILD",
    "reportedCurrency": "USD",
    "cik": "0000882095",
    "fillingDate": "2004-08-06",
    "acceptedDate": "2004-08-06 16:27:46",
    "calendarYear": "2004",
    "period": "Q2",
    "revenue": 319722000,
    "costOfRevenue": 42092000,
    "grossProfit": 277630000,
    "grossProfitRatio": 0.8683481274,
    "researchAndDevelopmentExpenses": 45643000,
    "generalAndAdministrativeExpenses": 0,
    "sellingAndMarketingExpenses": 0,
    "sellingGeneralAndAdministrativeExpenses": 73789000,
    "otherExpenses": 0,
    "operatingExpenses": 119432000,
    "costAndExpenses": 161524000,
    "interestIncome": 0,
    "interestExpense": 0,
    "depreciationAndAmortization": 6011000,
    "ebitda": 164209000,
    "ebitdaratio": 0.5135993144,
    "operatingIncome": 158198000,
    "operatingIncomeRatio": 0.4947986063,
    "totalOtherIncomeExpensesNet": 3337000,
    "incomeBeforeTax": 161535000,
    "incomeBeforeTaxRatio": 0.5052357986,
    "incomeTaxExpense": 50076000,
    "netIncome": 111459000,
    "netIncomeRatio": 0.3486122319,
    "eps": 0.065,
    "epsdiluted": 0.0613,
    "weightedAverageShsOut": 1716496000,
    "weightedAverageShsOutDil": 1847912000,
    "link": "https://www.sec.gov/Archives/edgar/data/882095/000110465904023021/0001104659-04-023021-index.htm",
    "finalLink": "https://www.sec.gov/Archives/edgar/data/882095/000110465904023021/a04-8698_110q.htm"
  },
  {
    "date": "2004-03-31",
    "symbol": "GILD",
    "reportedCurrency": "USD",
    "cik": "0000882095",
    "fillingDate": "2004-05-05",
    "acceptedDate": "2004-05-05 17:20:29",
    "calendarYear": "2004",
    "period": "Q1",
    "revenue": 309127000,
    "costOfRevenue": 34949000,
    "grossProfit": 274178000,
    "grossProfitRatio": 0.886942907,
    "researchAndDevelopmentExpenses": 58545000,
    "generalAndAdministrativeExpenses": 0,
    "sellingAndMarketingExpenses": 0,
    "sellingGeneralAndAdministrativeExpenses": 71210000,
    "otherExpenses": 0,
    "operatingExpenses": 129755000,
    "costAndExpenses": 164704000,
    "interestIncome": 0,
    "interestExpense": 0,
    "depreciationAndAmortization": 5850000,
    "ebitda": 150273000,
    "ebitdaratio": 0.4861205912,
    "operatingIncome": 144423000,
    "operatingIncomeRatio": 0.4671963303,
    "totalOtherIncomeExpensesNet": 21415000,
    "incomeBeforeTax": 165838000,
    "incomeBeforeTaxRatio": 0.5364720649,
    "incomeTaxExpense": 51410000,
    "netIncome": 114428000,
    "netIncomeRatio": 0.3701650131,
    "eps": 0.0675,
    "epsdiluted": 0.0625,
    "weightedAverageShsOut": 1709072000,
    "weightedAverageShsOutDil": 1841608000,
    "link": "https://www.sec.gov/Archives/edgar/data/882095/000110465904012693/0001104659-04-012693-index.htm",
    "finalLink": "https://www.sec.gov/Archives/edgar/data/882095/000110465904012693/a04-5360_110q.htm"
  },
  {
    "date": "2003-12-31",
    "symbol": "GILD",
    "reportedCurrency": "USD",
    "cik": "0000882095",
    "fillingDate": "2004-03-11",
    "acceptedDate": "2004-03-11 15:54:09",
    "calendarYear": "2003",
    "period": "Q4",
    "revenue": 263517000,
    "costOfRevenue": 33277000,
    "grossProfit": 230240000,
    "grossProfitRatio": 0.8737197221,
    "researchAndDevelopmentExpenses": 53267000,
    "generalAndAdministrativeExpenses": 0,
    "sellingAndMarketingExpenses": 0,
    "sellingGeneralAndAdministrativeExpenses": 78777000,
    "otherExpenses": 10219000,
    "operatingExpenses": 142263000,
    "costAndExpenses": 175540000,
    "interestIncome": 0,
    "interestExpense": 0,
    "depreciationAndAmortization": 6157000,
    "ebitda": 94134000,
    "ebitdaratio": 0.3572217352,
    "operatingIncome": 87977000,
    "operatingIncomeRatio": 0.3338570187,
    "totalOtherIncomeExpensesNet": -230231000,
    "incomeBeforeTax": -142254000,
    "incomeBeforeTaxRatio": -0.53982855,
    "incomeTaxExpense": -107320000,
    "netIncome": 192583000,
    "netIncomeRatio": 0.7308181256,
    "eps": -0.0217,
    "epsdiluted": -0.0217,
    "weightedAverageShsOut": 1613392000,
    "weightedAverageShsOutDil": 1613392000,
    "link": "https://www.sec.gov/Archives/edgar/data/882095/000110465904007080/0001104659-04-007080-index.htm",
    "finalLink": "https://www.sec.gov/Archives/edgar/data/882095/000110465904007080/a04-3258_110k.htm"
  },
  {
    "date": "2003-09-30",
    "symbol": "GILD",
    "reportedCurrency": "USD",
    "cik": "0000882095",
    "fillingDate": "2003-11-12",
    "acceptedDate": "2003-11-12 15:49:56",
    "calendarYear": "2003",
    "period": "Q3",
    "revenue": 200372000,
    "costOfRevenue": 25936000,
    "grossProfit": 174436000,
    "grossProfitRatio": 0.870560757,
    "researchAndDevelopmentExpenses": 35980000,
    "generalAndAdministrativeExpenses": 0,
    "sellingAndMarketingExpenses": 0,
    "sellingGeneralAndAdministrativeExpenses": 59283000,
    "otherExpenses": 0,
    "operatingExpenses": 95263000,
    "costAndExpenses": 121199000,
    "interestIncome": 0,
    "interestExpense": 0,
    "depreciationAndAmortization": 5152000,
    "ebitda": 84325000,
    "ebitdaratio": 0.4208422334,
    "operatingIncome": 79173000,
    "operatingIncomeRatio": 0.3951300581,
    "totalOtherIncomeExpensesNet": -2222000,
    "incomeBeforeTax": 76951000,
    "incomeBeforeTaxRatio": 0.3840406843,
    "incomeTaxExpense": 3855000,
    "netIncome": 73096000,
    "netIncomeRatio": 0.3648014693,
    "eps": 0.045,
    "epsdiluted": 0.0425,
    "weightedAverageShsOut": 1613392000,
    "weightedAverageShsOutDil": 1867456000,
    "link": "https://www.sec.gov/Archives/edgar/data/882095/000110465903025790/0001104659-03-025790-index.htm",
    "finalLink": "https://www.sec.gov/Archives/edgar/data/882095/000110465903025790/a03-5035_110q.htm"
  },
  {
    "date": "2003-06-30",
    "symbol": "GILD",
    "reportedCurrency": "USD",
    "cik": "0000882095",
    "fillingDate": "2003-08-14",
    "acceptedDate": "2003-08-13 20:35:31",
    "calendarYear": "2003",
    "period": "Q2",
    "revenue": 238870000,
    "costOfRevenue": 32106000,
    "grossProfit": 206764000,
    "grossProfitRatio": 0.8655921631,
    "researchAndDevelopmentExpenses": 43318000,
    "generalAndAdministrativeExpenses": 0,
    "sellingAndMarketingExpenses": 0,
    "sellingGeneralAndAdministrativeExpenses": 55674000,
    "otherExpenses": 0,
    "operatingExpenses": 98992000,
    "costAndExpenses": 131098000,
    "interestIncome": 0,
    "interestExpense": 0,
    "depreciationAndAmortization": 4951000,
    "ebitda": 112723000,
    "ebitdaratio": 0.471901034,
    "operatingIncome": 107772000,
    "operatingIncomeRatio": 0.4511742789,
    "totalOtherIncomeExpensesNet": -2125000,
    "incomeBeforeTax": 105647000,
    "incomeBeforeTaxRatio": 0.4422782267,
    "incomeTaxExpense": 5275000,
    "netIncome": 100372000,
    "netIncomeRatio": 0.4201950852,
    "eps": 0.0625,
    "epsdiluted": 0.0575,
    "weightedAverageShsOut": 1601888000,
    "weightedAverageShsOutDil": 1842720000,
    "link": "https://www.sec.gov/Archives/edgar/data/882095/000110465903018298/0001104659-03-018298-index.htm",
    "finalLink": "https://www.sec.gov/Archives/edgar/data/882095/000110465903018298/a03-2433_110q.htm"
  },
  {
    "date": "2003-03-31",
    "symbol": "GILD",
    "reportedCurrency": "USD",
    "cik": "0000882095",
    "fillingDate": "2003-05-15",
    "acceptedDate": "2003-05-15 15:32:41",
    "calendarYear": "2003",
    "period": "Q1",
    "revenue": 165105000,
    "costOfRevenue": 21372000,
    "grossProfit": 143733000,
    "grossProfitRatio": 0.8705551013,
    "researchAndDevelopmentExpenses": 41140000,
    "generalAndAdministrativeExpenses": 0,
    "sellingAndMarketingExpenses": 0,
    "sellingGeneralAndAdministrativeExpenses": 47591000,
    "otherExpenses": 488599000,
    "operatingExpenses": 577330000,
    "costAndExpenses": 598702000,
    "interestIncome": 0,
    "interestExpense": 0,
    "depreciationAndAmortization": 4599000,
    "ebitda": 59601000,
    "ebitdaratio": 0.3609884619,
    "operatingIncome": -433597000,
    "operatingIncomeRatio": -2.6261893946,
    "totalOtherIncomeExpensesNet": -1797000,
    "incomeBeforeTax": -435394000,
    "incomeBeforeTaxRatio": -2.6370733775,
    "incomeTaxExpense": 2660000,
    "netIncome": -438054000,
    "netIncomeRatio": -2.6531843372,
    "eps": -0.28,
    "epsdiluted": -0.28,
    "weightedAverageShsOut": 1586624000,
    "weightedAverageShsOutDil": 1586624000,
    "link": "https://www.sec.gov/Archives/edgar/data/882095/000110465903010341/0001104659-03-010341-index.htm",
    "finalLink": "https://www.sec.gov/Archives/edgar/data/882095/000110465903010341/j0618_10q.htm"
  },
  {
    "date": "2002-12-31",
    "symbol": "GILD",
    "reportedCurrency": "USD",
    "cik": "0000882095",
    "fillingDate": "2003-05-08",
    "acceptedDate": "2003-05-08 16:50:46",
    "calendarYear": "2002",
    "period": "Q4",
    "revenue": 145027000,
    "costOfRevenue": 19552000,
    "grossProfit": 125475000,
    "grossProfitRatio": 0.8651837244,
    "researchAndDevelopmentExpenses": 35015000,
    "generalAndAdministrativeExpenses": 0,
    "sellingAndMarketingExpenses": 0,
    "sellingGeneralAndAdministrativeExpenses": 57621000,
    "otherExpenses": 0,
    "operatingExpenses": 92636000,
    "costAndExpenses": 112188000,
    "interestIncome": 0,
    "interestExpense": 0,
    "depreciationAndAmortization": 3889000,
    "ebitda": 36728000,
    "ebitdaratio": 0.2532493949,
    "operatingIncome": 32839000,
    "operatingIncomeRatio": 0.2264336986,
    "totalOtherIncomeExpensesNet": 3716000,
    "incomeBeforeTax": 36555000,
    "incomeBeforeTaxRatio": 0.2520565136,
    "incomeTaxExpense": 1076000,
    "netIncome": 35479000,
    "netIncomeRatio": 0.2446372055,
    "eps": 0.0226,
    "epsdiluted": 0.0226,
    "weightedAverageShsOut": 1569120000,
    "weightedAverageShsOutDil": 1569120000,
    "link": "https://www.sec.gov/Archives/edgar/data/882095/000104746903017561/0001047469-03-017561-index.htm",
    "finalLink": "https://www.sec.gov/Archives/edgar/data/882095/000104746903017561/a2110423z10-ka.htm"
  },
  {
    "date": "2002-09-30",
    "symbol": "GILD",
    "reportedCurrency": "USD",
    "cik": "0000882095",
    "fillingDate": "2002-11-14",
    "acceptedDate": "2002-11-14 17:22:30",
    "calendarYear": "2002",
    "period": "Q3",
    "revenue": 133984000,
    "costOfRevenue": 20412000,
    "grossProfit": 113572000,
    "grossProfitRatio": 0.8476534512,
    "researchAndDevelopmentExpenses": 35338000,
    "generalAndAdministrativeExpenses": 0,
    "sellingAndMarketingExpenses": 0,
    "sellingGeneralAndAdministrativeExpenses": 42317000,
    "otherExpenses": 0,
    "operatingExpenses": 77655000,
    "costAndExpenses": 98067000,
    "interestIncome": 0,
    "interestExpense": 0,
    "depreciationAndAmortization": 3748000,
    "ebitda": 39665000,
    "ebitdaratio": 0.2960428111,
    "operatingIncome": 35917000,
    "operatingIncomeRatio": 0.2680693217,
    "totalOtherIncomeExpensesNet": -14610000,
    "incomeBeforeTax": 21307000,
    "incomeBeforeTaxRatio": 0.1590264509,
    "incomeTaxExpense": 550000,
    "netIncome": 20757000,
    "netIncomeRatio": 0.1549214832,
    "eps": 0.0138,
    "epsdiluted": 0.0125,
    "weightedAverageShsOut": 1569120000,
    "weightedAverageShsOutDil": 1649280000,
    "link": "https://www.sec.gov/Archives/edgar/data/882095/000104746902003128/0001047469-02-003128-index.htm",
    "finalLink": "https://www.sec.gov/Archives/edgar/data/882095/000104746902003128/a2093687z10-q.htm"
  },
  {
    "date": "2002-06-30",
    "symbol": "GILD",
    "reportedCurrency": "USD",
    "cik": "0000882095",
    "fillingDate": "2002-08-13",
    "acceptedDate": "2002-08-13 16:27:25",
    "calendarYear": "2002",
    "period": "Q2",
    "revenue": 109363000,
    "costOfRevenue": 17718000,
    "grossProfit": 91645000,
    "grossProfitRatio": 0.8379890822,
    "researchAndDevelopmentExpenses": 30851000,
    "generalAndAdministrativeExpenses": 0,
    "sellingAndMarketingExpenses": 0,
    "sellingGeneralAndAdministrativeExpenses": 41600000,
    "otherExpenses": 0,
    "operatingExpenses": 72451000,
    "costAndExpenses": 90169000,
    "interestIncome": 0,
    "interestExpense": 0,
    "depreciationAndAmortization": 3433000,
    "ebitda": 22627000,
    "ebitdaratio": 0.2068981283,
    "operatingIncome": 19194000,
    "operatingIncomeRatio": 0.1755072557,
    "totalOtherIncomeExpensesNet": 1155000,
    "incomeBeforeTax": 20349000,
    "incomeBeforeTaxRatio": 0.1860684144,
    "incomeTaxExpense": 638000,
    "netIncome": 19711000,
    "netIncomeRatio": 0.1802346315,
    "eps": 0.0125,
    "epsdiluted": 0.0119,
    "weightedAverageShsOut": 1561336000,
    "weightedAverageShsOutDil": 1651080000,
    "link": "https://www.sec.gov/Archives/edgar/data/882095/000091205702031571/0000912057-02-031571-index.htm",
    "finalLink": "https://www.sec.gov/Archives/edgar/data/882095/000091205702031571/a2086245z10-q.htm"
  },
  {
    "date": "2002-03-31",
    "symbol": "GILD",
    "reportedCurrency": "USD",
    "cik": "0000882095",
    "fillingDate": "2002-05-15",
    "acceptedDate": "2002-05-15 13:48:25",
    "calendarYear": "2002",
    "period": "Q1",
    "revenue": 78416000,
    "costOfRevenue": 12042000,
    "grossProfit": 66374000,
    "grossProfitRatio": 0.8464344011,
    "researchAndDevelopmentExpenses": 33554000,
    "generalAndAdministrativeExpenses": 0,
    "sellingAndMarketingExpenses": 0,
    "sellingGeneralAndAdministrativeExpenses": 39763000,
    "otherExpenses": 0,
    "operatingExpenses": 73317000,
    "costAndExpenses": 85359000,
    "interestIncome": 0,
    "interestExpense": 0,
    "depreciationAndAmortization": 3358000,
    "ebitda": -3585000,
    "ebitdaratio": -0.0457177107,
    "operatingIncome": -6943000,
    "operatingIncomeRatio": -0.088540604,
    "totalOtherIncomeExpensesNet": 2129000,
    "incomeBeforeTax": -4814000,
    "incomeBeforeTaxRatio": -0.0613905325,
    "incomeTaxExpense": -964000,
    "netIncome": -3850000,
    "netIncomeRatio": -0.049097123,
    "eps": -0.0025,
    "epsdiluted": -0.0025,
    "weightedAverageShsOut": 1550400000,
    "weightedAverageShsOutDil": 1550400000,
    "link": "https://www.sec.gov/Archives/edgar/data/882095/000091205702020642/0000912057-02-020642-index.htm",
    "finalLink": "https://www.sec.gov/Archives/edgar/data/882095/000091205702020642/a2079649z10-q.htm"
  },
  {
    "date": "2001-12-31",
    "symbol": "GILD",
    "reportedCurrency": "USD",
    "cik": "0000882095",
    "fillingDate": "2002-03-27",
    "acceptedDate": "2002-03-27 00:00:00",
    "calendarYear": "2001",
    "period": "Q4",
    "revenue": 74331000,
    "costOfRevenue": 13178000,
    "grossProfit": 61153000,
    "grossProfitRatio": 0.8227119237,
    "researchAndDevelopmentExpenses": 44601000,
    "generalAndAdministrativeExpenses": 0,
    "sellingAndMarketingExpenses": 0,
    "sellingGeneralAndAdministrativeExpenses": 41476000,
    "otherExpenses": 0,
    "operatingExpenses": 86077000,
    "costAndExpenses": 99255000,
    "interestIncome": 0,
    "interestExpense": 0,
    "depreciationAndAmortization": 3845000,
    "ebitda": -21079000,
    "ebitdaratio": -0.2835828927,
    "operatingIncome": -24924000,
    "operatingIncomeRatio": -0.3353109739,
    "totalOtherIncomeExpensesNet": 159669000,
    "incomeBeforeTax": 134745000,
    "incomeBeforeTaxRatio": 1.8127699076,
    "incomeTaxExpense": 3168000,
    "netIncome": 131577000,
    "netIncomeRatio": 1.7701497356,
    "eps": 0.0863,
    "epsdiluted": 0.0863,
    "weightedAverageShsOut": 1524896000,
    "weightedAverageShsOutDil": 1524896000,
    "link": "https://www.sec.gov/Archives/edgar/data/882095/000091205702011690/0000912057-02-011690-index.htm",
    "finalLink": "https://www.sec.gov/Archives/edgar/data/882095/000091205702011690/a2073842z10-k.htm"
  },
  {
    "date": "2001-09-30",
    "symbol": "GILD",
    "reportedCurrency": "USD",
    "cik": "0000882095",
    "fillingDate": "2001-11-13",
    "acceptedDate": "2001-11-13 00:00:00",
    "calendarYear": "2001",
    "period": "Q3",
    "revenue": 50915000,
    "costOfRevenue": 9208000,
    "grossProfit": 41707000,
    "grossProfitRatio": 0.819149563,
    "researchAndDevelopmentExpenses": 45728000,
    "generalAndAdministrativeExpenses": 0,
    "sellingAndMarketingExpenses": 0,
    "sellingGeneralAndAdministrativeExpenses": 32047000,
    "otherExpenses": 0,
    "operatingExpenses": 77775000,
    "costAndExpenses": 86983000,
    "interestIncome": 0,
    "interestExpense": 0,
    "depreciationAndAmortization": 3793000,
    "ebitda": -32275000,
    "ebitdaratio": -0.6338996366,
    "operatingIncome": -36068000,
    "operatingIncomeRatio": -0.7083963469,
    "totalOtherIncomeExpensesNet": 11546000,
    "incomeBeforeTax": -24522000,
    "incomeBeforeTaxRatio": -0.4816262398,
    "incomeTaxExpense": 174000,
    "netIncome": -25196000,
    "netIncomeRatio": -0.494863989,
    "eps": -0.0165,
    "epsdiluted": -0.0165,
    "weightedAverageShsOut": 1524896000,
    "weightedAverageShsOutDil": 1524896000,
    "link": "https://www.sec.gov/Archives/edgar/data/882095/000091205701538726/0000912057-01-538726-index.htm",
    "finalLink": "https://www.sec.gov/Archives/edgar/data/882095/000091205701538726/a2062903z10-q.htm"
  },
  {
    "date": "2001-06-30",
    "symbol": "GILD",
    "reportedCurrency": "USD",
    "cik": "0000882095",
    "fillingDate": "2001-08-14",
    "acceptedDate": "2001-08-14 00:00:00",
    "calendarYear": "2001",
    "period": "Q2",
    "revenue": 50687000,
    "costOfRevenue": 10797000,
    "grossProfit": 39890000,
    "grossProfitRatio": 0.7869868013,
    "researchAndDevelopmentExpenses": 44078000,
    "generalAndAdministrativeExpenses": 0,
    "sellingAndMarketingExpenses": 0,
    "sellingGeneralAndAdministrativeExpenses": 29707000,
    "otherExpenses": 0,
    "operatingExpenses": 73785000,
    "costAndExpenses": 84582000,
    "interestIncome": 0,
    "interestExpense": 0,
    "depreciationAndAmortization": 3608000,
    "ebitda": -30287000,
    "ebitdaratio": -0.5975299386,
    "operatingIncome": -33895000,
    "operatingIncomeRatio": -0.6687118985,
    "totalOtherIncomeExpensesNet": 1831000,
    "incomeBeforeTax": -32064000,
    "incomeBeforeTaxRatio": -0.6325882376,
    "incomeTaxExpense": 323000,
    "netIncome": -32387000,
    "netIncomeRatio": -0.6389606803,
    "eps": -0.0214,
    "epsdiluted": -0.0214,
    "weightedAverageShsOut": 1516464000,
    "weightedAverageShsOutDil": 1516464000,
    "link": "https://www.sec.gov/Archives/edgar/data/882095/000091205701528463/0000912057-01-528463-index.htm",
    "finalLink": "https://www.sec.gov/Archives/edgar/data/882095/000091205701528463/a2056683z10-q.htm"
  },
  {
    "date": "2001-03-31",
    "symbol": "GILD",
    "reportedCurrency": "USD",
    "cik": "0000882095",
    "fillingDate": "2001-05-14",
    "acceptedDate": "2001-05-14 00:00:00",
    "calendarYear": "2001",
    "period": "Q1",
    "revenue": 57836000,
    "costOfRevenue": 10581000,
    "grossProfit": 47255000,
    "grossProfitRatio": 0.8170516633,
    "researchAndDevelopmentExpenses": 51146000,
    "generalAndAdministrativeExpenses": 0,
    "sellingAndMarketingExpenses": 0,
    "sellingGeneralAndAdministrativeExpenses": 21911000,
    "otherExpenses": 0,
    "operatingExpenses": 73057000,
    "costAndExpenses": 83638000,
    "interestIncome": 0,
    "interestExpense": 0,
    "depreciationAndAmortization": 3445000,
    "ebitda": -22357000,
    "ebitdaratio": -0.3865585449,
    "operatingIncome": -25802000,
    "operatingIncomeRatio": -0.4461235217,
    "totalOtherIncomeExpensesNet": 3460000,
    "incomeBeforeTax": -22342000,
    "incomeBeforeTaxRatio": -0.3862991908,
    "incomeTaxExpense": 470000,
    "netIncome": -21723000,
    "netIncomeRatio": -0.3755965143,
    "eps": -0.0144,
    "epsdiluted": -0.0144,
    "weightedAverageShsOut": 1509584000,
    "weightedAverageShsOutDil": 1509584000,
    "link": "https://www.sec.gov/Archives/edgar/data/882095/000091205701515423/0000912057-01-515423-index.htm",
    "finalLink": "https://www.sec.gov/Archives/edgar/data/882095/000091205701515423/a2048297z10-q.htm"
  },
  {
    "date": "2000-12-31",
    "symbol": "GILD",
    "reportedCurrency": "USD",
    "cik": "0000882095",
    "fillingDate": "2001-03-20",
    "acceptedDate": "2001-03-20 00:00:00",
    "calendarYear": "2000",
    "period": "Q4",
    "revenue": 55265000,
    "costOfRevenue": 4177000,
    "grossProfit": 51088000,
    "grossProfitRatio": 0.9244187099,
    "researchAndDevelopmentExpenses": 43128000,
    "generalAndAdministrativeExpenses": 0,
    "sellingAndMarketingExpenses": 0,
    "sellingGeneralAndAdministrativeExpenses": 23290000,
    "otherExpenses": 3321000,
    "operatingExpenses": 69739000,
    "costAndExpenses": 73916000,
    "interestIncome": 0,
    "interestExpense": 0,
    "depreciationAndAmortization": 3321000,
    "ebitda": -15330000,
    "ebitdaratio": -0.2773907536,
    "operatingIncome": -18651000,
    "operatingIncomeRatio": -0.3374830363,
    "totalOtherIncomeExpensesNet": 3209000,
    "incomeBeforeTax": -15442000,
    "incomeBeforeTaxRatio": -0.2794173528,
    "incomeTaxExpense": 153000,
    "netIncome": -29265000,
    "netIncomeRatio": -0.5295394915,
    "eps": -0.0198,
    "epsdiluted": -0.0198,
    "weightedAverageShsOut": 1474848000,
    "weightedAverageShsOutDil": 1474848000,
    "link": "https://www.sec.gov/Archives/edgar/data/882095/000091205701007841/0000912057-01-007841-index.htm",
    "finalLink": "https://www.sec.gov/Archives/edgar/data/882095/000091205701007841/a2041233z10-k.txt"
  },
  {
    "date": "2000-09-30",
    "symbol": "GILD",
    "reportedCurrency": "USD",
    "cik": "0000882095",
    "fillingDate": "2000-11-09",
    "acceptedDate": "2000-11-09 00:00:00",
    "calendarYear": "2000",
    "period": "Q3",
    "revenue": 45089000,
    "costOfRevenue": 6673000,
    "grossProfit": 38416000,
    "grossProfitRatio": 0.8520038147,
    "researchAndDevelopmentExpenses": 35132000,
    "generalAndAdministrativeExpenses": 0,
    "sellingAndMarketingExpenses": 0,
    "sellingGeneralAndAdministrativeExpenses": 21515000,
    "otherExpenses": 2710000,
    "operatingExpenses": 59357000,
    "costAndExpenses": 66030000,
    "interestIncome": 0,
    "interestExpense": 0,
    "depreciationAndAmortization": 2710000,
    "ebitda": -18231000,
    "ebitdaratio": -0.4043336512,
    "operatingIncome": -20941000,
    "operatingIncomeRatio": -0.4644370024,
    "totalOtherIncomeExpensesNet": 3591000,
    "incomeBeforeTax": -17350000,
    "incomeBeforeTaxRatio": -0.3847945175,
    "incomeTaxExpense": 214000,
    "netIncome": -17564000,
    "netIncomeRatio": -0.3895406862,
    "eps": -0.0119,
    "epsdiluted": -0.0119,
    "weightedAverageShsOut": 1474848000,
    "weightedAverageShsOutDil": 1474848000,
    "link": "https://www.sec.gov/Archives/edgar/data/882095/000091205700048200/0000912057-00-048200-index.htm",
    "finalLink": "https://www.sec.gov/Archives/edgar/data/882095/000091205700048200/a2029536z10-q.txt"
  },
  {
    "date": "2000-06-30",
    "symbol": "GILD",
    "reportedCurrency": "USD",
    "cik": "0000882095",
    "fillingDate": "2000-08-14",
    "acceptedDate": "2000-08-14 00:00:00",
    "calendarYear": "2000",
    "period": "Q2",
    "revenue": 50129000,
    "costOfRevenue": 8684000,
    "grossProfit": 41445000,
    "grossProfitRatio": 0.8267669413,
    "researchAndDevelopmentExpenses": 27460000,
    "generalAndAdministrativeExpenses": 0,
    "sellingAndMarketingExpenses": 0,
    "sellingGeneralAndAdministrativeExpenses": 19620000,
    "otherExpenses": 0,
    "operatingExpenses": 47080000,
    "costAndExpenses": 55764000,
    "interestIncome": 0,
    "interestExpense": 0,
    "depreciationAndAmortization": 3084000,
    "ebitda": -2551000,
    "ebitdaratio": -0.0508887071,
    "operatingIncome": -5635000,
    "operatingIncomeRatio": -0.1124099822,
    "totalOtherIncomeExpensesNet": 2124000,
    "incomeBeforeTax": -3511000,
    "incomeBeforeTaxRatio": -0.0700392986,
    "incomeTaxExpense": 525000,
    "netIncome": -4036000,
    "netIncomeRatio": -0.0805122783,
    "eps": -0.0029,
    "epsdiluted": -0.0029,
    "weightedAverageShsOut": 1426912000,
    "weightedAverageShsOutDil": 1426912000,
    "link": "https://www.sec.gov/Archives/edgar/data/882095/000091205700037341/0000912057-00-037341-index.htm",
    "finalLink": "https://www.sec.gov/Archives/edgar/data/882095/000091205700037341/a10-q.txt"
  },
  {
    "date": "2000-03-31",
    "symbol": "GILD",
    "reportedCurrency": "USD",
    "cik": "0000882095",
    "fillingDate": "2000-05-15",
    "acceptedDate": "2000-05-15 00:00:00",
    "calendarYear": "2000",
    "period": "Q1",
    "revenue": 47712000,
    "costOfRevenue": 5054000,
    "grossProfit": 42658000,
    "grossProfitRatio": 0.89407277,
    "researchAndDevelopmentExpenses": 26246000,
    "generalAndAdministrativeExpenses": 0,
    "sellingAndMarketingExpenses": 0,
    "sellingGeneralAndAdministrativeExpenses": 17970000,
    "otherExpenses": 2893000,
    "operatingExpenses": 47109000,
    "costAndExpenses": 52163000,
    "interestIncome": 0,
    "interestExpense": 0,
    "depreciationAndAmortization": 2893000,
    "ebitda": -1558000,
    "ebitdaratio": -0.0326542589,
    "operatingIncome": -4451000,
    "operatingIncomeRatio": -0.0932889001,
    "totalOtherIncomeExpensesNet": 1487000,
    "incomeBeforeTax": -2964000,
    "incomeBeforeTaxRatio": -0.0621227364,
    "incomeTaxExpense": 307000,
    "netIncome": -20212000,
    "netIncomeRatio": -0.4236250838,
    "eps": -0.0041,
    "epsdiluted": -0.0041,
    "weightedAverageShsOut": 1418880000,
    "weightedAverageShsOutDil": 1418880000,
    "link": "https://www.sec.gov/Archives/edgar/data/882095/000091205700024345/0000912057-00-024345-index.html",
    "finalLink": "https://www.sec.gov/Archives/edgar/data/882095/000091205700024345/"
  },
  {
    "date": "1999-12-31",
    "symbol": "GILD",
    "reportedCurrency": "USD",
    "cik": "0000882095",
    "fillingDate": "2000-03-30",
    "acceptedDate": "2000-03-30 00:00:00",
    "calendarYear": "1999",
    "period": "Q4",
    "revenue": 48800000,
    "costOfRevenue": 4700000,
    "grossProfit": 44100000,
    "grossProfitRatio": 0.9036885246,
    "researchAndDevelopmentExpenses": 31200000,
    "generalAndAdministrativeExpenses": 0,
    "sellingAndMarketingExpenses": 0,
    "sellingGeneralAndAdministrativeExpenses": 19600000,
    "otherExpenses": 3100000,
    "operatingExpenses": 53900000,
    "costAndExpenses": 58600000,
    "interestIncome": 0,
    "interestExpense": 0,
    "depreciationAndAmortization": 3100000,
    "ebitda": -6700000,
    "ebitdaratio": -0.137295082,
    "operatingIncome": -9800000,
    "operatingIncomeRatio": -0.2008196721,
    "totalOtherIncomeExpensesNet": 1000000,
    "incomeBeforeTax": -8800000,
    "incomeBeforeTaxRatio": -0.1803278689,
    "incomeTaxExpense": 200000,
    "netIncome": -9000000,
    "netIncomeRatio": -0.1844262295,
    "eps": -0.0065,
    "epsdiluted": -0.0065,
    "weightedAverageShsOut": 1389714286,
    "weightedAverageShsOutDil": 1389714286,
    "link": "https://www.sec.gov/Archives/edgar/data/882095/000091205700015150/0000912057-00-015150-index.html",
    "finalLink": "https://www.sec.gov/Archives/edgar/data/882095/000091205700015150/"
  },
  {
    "date": "1999-09-30",
    "symbol": "GILD",
    "reportedCurrency": "USD",
    "cik": "0000882095",
    "fillingDate": "1999-11-12",
    "acceptedDate": "1999-11-12 00:00:00",
    "calendarYear": "1999",
    "period": "Q3",
    "revenue": 38400000,
    "costOfRevenue": -500000,
    "grossProfit": 38900000,
    "grossProfitRatio": 1.0130208333,
    "researchAndDevelopmentExpenses": 27700000,
    "generalAndAdministrativeExpenses": 0,
    "sellingAndMarketingExpenses": 0,
    "sellingGeneralAndAdministrativeExpenses": 34600000,
    "otherExpenses": 7800000,
    "operatingExpenses": 70100000,
    "costAndExpenses": 69600000,
    "interestIncome": 0,
    "interestExpense": 0,
    "depreciationAndAmortization": 3453000,
    "ebitda": -23400000,
    "ebitdaratio": -0.609375,
    "operatingIncome": -31200000,
    "operatingIncomeRatio": -0.8125,
    "totalOtherIncomeExpensesNet": 1000000,
    "incomeBeforeTax": -30200000,
    "incomeBeforeTaxRatio": -0.7864583333,
    "incomeTaxExpense": 200000,
    "netIncome": -30400000,
    "netIncomeRatio": -0.7916666667,
    "eps": -0.0219,
    "epsdiluted": -0.0219,
    "weightedAverageShsOut": 1390944000,
    "weightedAverageShsOutDil": 1390944000,
    "link": "https://www.sec.gov/Archives/edgar/data/882095/000091205799005448/0000912057-99-005448-index.html",
    "finalLink": "https://www.sec.gov/Archives/edgar/data/882095/000091205799005448/"
  },
  {
    "date": "1999-06-30",
    "symbol": "GILD",
    "reportedCurrency": "USD",
    "cik": "0000882095",
    "fillingDate": "1999-08-13",
    "acceptedDate": "1999-08-13 00:00:00",
    "calendarYear": "1999",
    "period": "Q2",
    "revenue": 43537000,
    "costOfRevenue": 4033000,
    "grossProfit": 39504000,
    "grossProfitRatio": 0.9073661483,
    "researchAndDevelopmentExpenses": 27253000,
    "generalAndAdministrativeExpenses": 0,
    "sellingAndMarketingExpenses": 0,
    "sellingGeneralAndAdministrativeExpenses": 21559000,
    "otherExpenses": 3055000,
    "operatingExpenses": 51867000,
    "costAndExpenses": 55900000,
    "interestIncome": 0,
    "interestExpense": 0,
    "depreciationAndAmortization": 3055000,
    "ebitda": -9308000,
    "ebitdaratio": -0.2137951627,
    "operatingIncome": -12363000,
    "operatingIncomeRatio": -0.2839653628,
    "totalOtherIncomeExpensesNet": 1096000,
    "incomeBeforeTax": -11267000,
    "incomeBeforeTaxRatio": -0.2587913729,
    "incomeTaxExpense": 424000,
    "netIncome": -11691000,
    "netIncomeRatio": -0.2685302157,
    "eps": -0.0111,
    "epsdiluted": -0.0111,
    "weightedAverageShsOut": 1347680000,
    "weightedAverageShsOutDil": 1347680000,
    "link": "https://www.sec.gov/Archives/edgar/data/882095/000104746999032010/0001047469-99-032010-index.html",
    "finalLink": "https://www.sec.gov/Archives/edgar/data/882095/000104746999032010/"
  },
  {
    "date": "1999-03-31",
    "symbol": "GILD",
    "reportedCurrency": "USD",
    "cik": "0000882095",
    "fillingDate": "1999-05-14",
    "acceptedDate": "1999-05-14 00:00:00",
    "calendarYear": "1999",
    "period": "Q1",
    "revenue": 38276000,
    "costOfRevenue": 4407000,
    "grossProfit": 33869000,
    "grossProfitRatio": 0.8848625771,
    "researchAndDevelopmentExpenses": 25598000,
    "generalAndAdministrativeExpenses": 0,
    "sellingAndMarketingExpenses": 0,
    "sellingGeneralAndAdministrativeExpenses": 21831000,
    "otherExpenses": 2992000,
    "operatingExpenses": 50421000,
    "costAndExpenses": 54828000,
    "interestIncome": 0,
    "interestExpense": 0,
    "depreciationAndAmortization": 2992000,
    "ebitda": -13560000,
    "ebitdaratio": -0.3542689936,
    "operatingIncome": -16552000,
    "operatingIncomeRatio": -0.4324380813,
    "totalOtherIncomeExpensesNet": 1158000,
    "incomeBeforeTax": -15394000,
    "incomeBeforeTaxRatio": -0.4021841363,
    "incomeTaxExpense": 82000,
    "netIncome": -15476000,
    "netIncomeRatio": -0.4043264709,
    "eps": -0.0159,
    "epsdiluted": -0.0159,
    "weightedAverageShsOut": 993120000,
    "weightedAverageShsOutDil": 993120000,
    "link": "https://www.sec.gov/Archives/edgar/data/882095/000104746999020600/0001047469-99-020600-index.html",
    "finalLink": "https://www.sec.gov/Archives/edgar/data/882095/"
  },
  {
    "date": "1998-12-31",
    "symbol": "GILD",
    "reportedCurrency": "USD",
    "cik": "0000882095",
    "fillingDate": "1999-03-22",
    "acceptedDate": "1999-03-22 00:00:00",
    "calendarYear": "1998",
    "period": "Q4",
    "revenue": 9000000,
    "costOfRevenue": -600000,
    "grossProfit": 9600000,
    "grossProfitRatio": 1.0666666667,
    "researchAndDevelopmentExpenses": 21300000,
    "generalAndAdministrativeExpenses": 0,
    "sellingAndMarketingExpenses": 0,
    "sellingGeneralAndAdministrativeExpenses": 7900000,
    "otherExpenses": 700000,
    "operatingExpenses": 29900000,
    "costAndExpenses": 29300000,
    "interestIncome": 0,
    "interestExpense": 0,
    "depreciationAndAmortization": 700000,
    "ebitda": -19600000,
    "ebitdaratio": -2.1777777778,
    "operatingIncome": -20300000,
    "operatingIncomeRatio": -2.2555555556,
    "totalOtherIncomeExpensesNet": 20300000,
    "incomeBeforeTax": 0,
    "incomeBeforeTaxRatio": 0,
    "incomeTaxExpense": 0,
    "netIncome": -16300000,
    "netIncomeRatio": -1.8111111111,
    "eps": -0.0168,
    "epsdiluted": -0.0168,
    "weightedAverageShsOut": 971034483,
    "weightedAverageShsOutDil": 971034483,
    "link": "https://www.sec.gov/Archives/edgar/data/882095/000104746999010722/0001047469-99-010722-index.html",
    "finalLink": "https://www.sec.gov/Archives/edgar/data/882095/"
  },
  {
    "date": "1998-09-30",
    "symbol": "GILD",
    "reportedCurrency": "USD",
    "cik": "0000882095",
    "fillingDate": "1998-11-13",
    "acceptedDate": "1998-11-13 00:00:00",
    "calendarYear": "1998",
    "period": "Q3",
    "revenue": 31900000,
    "costOfRevenue": 5100000,
    "grossProfit": 26800000,
    "grossProfitRatio": 0.8401253918,
    "researchAndDevelopmentExpenses": 28600000,
    "generalAndAdministrativeExpenses": 0,
    "sellingAndMarketingExpenses": 0,
    "sellingGeneralAndAdministrativeExpenses": 19100000,
    "otherExpenses": 700000,
    "operatingExpenses": 48400000,
    "costAndExpenses": 53500000,
    "interestIncome": 0,
    "interestExpense": 0,
    "depreciationAndAmortization": 8600000,
    "ebitda": -13000000,
    "ebitdaratio": -0.407523511,
    "operatingIncome": -21600000,
    "operatingIncomeRatio": -0.6771159875,
    "totalOtherIncomeExpensesNet": 24100000,
    "incomeBeforeTax": 2500000,
    "incomeBeforeTaxRatio": 0.078369906,
    "incomeTaxExpense": 300000,
    "netIncome": 2200000,
    "netIncomeRatio": 0.0689655172,
    "eps": -0.015,
    "epsdiluted": -0.015,
    "weightedAverageShsOut": 1173333333,
    "weightedAverageShsOutDil": 1173333333,
    "link": "https://www.sec.gov/Archives/edgar/data/882095/000104746998040514/0001047469-98-040514-index.html",
    "finalLink": "https://www.sec.gov/Archives/edgar/data/882095/"
  },
  {
    "date": "1998-06-30",
    "symbol": "GILD",
    "reportedCurrency": "USD",
    "cik": "0000882095",
    "fillingDate": "1998-08-12",
    "acceptedDate": "1998-08-12 00:00:00",
    "calendarYear": "1998",
    "period": "Q2",
    "revenue": 7000000,
    "costOfRevenue": -600000,
    "grossProfit": 7600000,
    "grossProfitRatio": 1.0857142857,
    "researchAndDevelopmentExpenses": 18300000,
    "generalAndAdministrativeExpenses": 0,
    "sellingAndMarketingExpenses": 0,
    "sellingGeneralAndAdministrativeExpenses": 8400000,
    "otherExpenses": 700000,
    "operatingExpenses": 27400000,
    "costAndExpenses": 26800000,
    "interestIncome": 0,
    "interestExpense": 0,
    "depreciationAndAmortization": 700000,
    "ebitda": -19100000,
    "ebitdaratio": -2.7285714286,
    "operatingIncome": -19800000,
    "operatingIncomeRatio": -2.8285714286,
    "totalOtherIncomeExpensesNet": 19800000,
    "incomeBeforeTax": 0,
    "incomeBeforeTaxRatio": 0,
    "incomeTaxExpense": 0,
    "netIncome": -14800000,
    "netIncomeRatio": -2.1142857143,
    "eps": -0.0156,
    "epsdiluted": -0.0156,
    "weightedAverageShsOut": 947200000,
    "weightedAverageShsOutDil": 947200000,
    "link": "https://www.sec.gov/Archives/edgar/data/882095/000104746998030716/0001047469-98-030716-index.html",
    "finalLink": "https://www.sec.gov/Archives/edgar/data/882095/"
  },
  {
    "date": "1998-03-31",
    "symbol": "GILD",
    "reportedCurrency": "USD",
    "cik": "0000882095",
    "fillingDate": "1998-05-15",
    "acceptedDate": "1998-05-15 00:00:00",
    "calendarYear": "1998",
    "period": "Q1",
    "revenue": 13600000,
    "costOfRevenue": -500000,
    "grossProfit": 14100000,
    "grossProfitRatio": 1.0367647059,
    "researchAndDevelopmentExpenses": 18900000,
    "generalAndAdministrativeExpenses": 0,
    "sellingAndMarketingExpenses": 0,
    "sellingGeneralAndAdministrativeExpenses": 6700000,
    "otherExpenses": 700000,
    "operatingExpenses": 26300000,
    "costAndExpenses": 25800000,
    "interestIncome": 0,
    "interestExpense": 0,
    "depreciationAndAmortization": 700000,
    "ebitda": -11500000,
    "ebitdaratio": -0.8455882353,
    "operatingIncome": -12200000,
    "operatingIncomeRatio": -0.8970588235,
    "totalOtherIncomeExpensesNet": 12200000,
    "incomeBeforeTax": 0,
    "incomeBeforeTaxRatio": 0,
    "incomeTaxExpense": 0,
    "netIncome": -7400000,
    "netIncomeRatio": -0.5441176471,
    "eps": -0.0081,
    "epsdiluted": -0.0081,
    "weightedAverageShsOut": 910769231,
    "weightedAverageShsOutDil": 910769231,
    "link": "https://www.sec.gov/Archives/edgar/data/882095/000104746998020385/0001047469-98-020385-index.html",
    "finalLink": "https://www.sec.gov/Archives/edgar/data/882095/"
  },
  {
    "date": "1997-12-31",
    "symbol": "GILD",
    "reportedCurrency": "USD",
    "cik": "0000882095",
    "fillingDate": "1998-03-31",
    "acceptedDate": "1998-03-31 00:00:00",
    "calendarYear": "1997",
    "period": "Q4",
    "revenue": 9900000,
    "costOfRevenue": -500000,
    "grossProfit": 10400000,
    "grossProfitRatio": 1.0505050505,
    "researchAndDevelopmentExpenses": 20100000,
    "generalAndAdministrativeExpenses": 0,
    "sellingAndMarketingExpenses": 0,
    "sellingGeneralAndAdministrativeExpenses": 7000000,
    "otherExpenses": 700000,
    "operatingExpenses": 27800000,
    "costAndExpenses": 27300000,
    "interestIncome": 0,
    "interestExpense": 0,
    "depreciationAndAmortization": 700000,
    "ebitda": -16700000,
    "ebitdaratio": -1.6868686869,
    "operatingIncome": -17400000,
    "operatingIncomeRatio": -1.7575757576,
    "totalOtherIncomeExpensesNet": 17400000,
    "incomeBeforeTax": 0,
    "incomeBeforeTaxRatio": 0,
    "incomeTaxExpense": 0,
    "netIncome": -12400000,
    "netIncomeRatio": -1.2525252525,
    "eps": -0.0135,
    "epsdiluted": -0.0135,
    "weightedAverageShsOut": 915555556,
    "weightedAverageShsOutDil": 915555556,
    "link": "https://www.sec.gov/Archives/edgar/data/882095/000104746998012796/0001047469-98-012796-index.html",
    "finalLink": "https://www.sec.gov/Archives/edgar/data/882095/"
  },
  {
    "date": "1997-09-30",
    "symbol": "GILD",
    "reportedCurrency": "USD",
    "cik": "0000882095",
    "fillingDate": "1997-10-31",
    "acceptedDate": "1997-10-31 00:00:00",
    "calendarYear": "1997",
    "period": "Q3",
    "revenue": 4900000,
    "costOfRevenue": -600000,
    "grossProfit": 5500000,
    "grossProfitRatio": 1.1224489796,
    "researchAndDevelopmentExpenses": 13600000,
    "generalAndAdministrativeExpenses": 0,
    "sellingAndMarketingExpenses": 0,
    "sellingGeneralAndAdministrativeExpenses": 6200000,
    "otherExpenses": 800000,
    "operatingExpenses": 20600000,
    "costAndExpenses": 20000000,
    "interestIncome": 0,
    "interestExpense": 0,
    "depreciationAndAmortization": 800000,
    "ebitda": -14300000,
    "ebitdaratio": -2.9183673469,
    "operatingIncome": -15100000,
    "operatingIncomeRatio": -3.0816326531,
    "totalOtherIncomeExpensesNet": 15100000,
    "incomeBeforeTax": 0,
    "incomeBeforeTaxRatio": 0,
    "incomeTaxExpense": 0,
    "netIncome": -10300000,
    "netIncomeRatio": -2.1020408163,
    "eps": -0.0112,
    "epsdiluted": -0.0112,
    "weightedAverageShsOut": 915555556,
    "weightedAverageShsOutDil": 915555556,
    "link": "https://www.sec.gov/Archives/edgar/data/882095/000104746997002191/0001047469-97-002191-index.html",
    "finalLink": "https://www.sec.gov/Archives/edgar/data/882095/"
  },
  {
    "date": "1997-06-30",
    "symbol": "GILD",
    "reportedCurrency": "USD",
    "cik": "0000882095",
    "fillingDate": "1997-07-25",
    "acceptedDate": "1997-07-25 00:00:00",
    "calendarYear": "1997",
    "period": "Q2",
    "revenue": 19700000,
    "costOfRevenue": -400000,
    "grossProfit": 20100000,
    "grossProfitRatio": 1.0203045685,
    "researchAndDevelopmentExpenses": 14700000,
    "generalAndAdministrativeExpenses": 0,
    "sellingAndMarketingExpenses": 0,
    "sellingGeneralAndAdministrativeExpenses": 6100000,
    "otherExpenses": 700000,
    "operatingExpenses": 21500000,
    "costAndExpenses": 21100000,
    "interestIncome": 0,
    "interestExpense": 0,
    "depreciationAndAmortization": 700000,
    "ebitda": -700000,
    "ebitdaratio": -0.0355329949,
    "operatingIncome": -1400000,
    "operatingIncomeRatio": -0.0710659898,
    "totalOtherIncomeExpensesNet": 1400000,
    "incomeBeforeTax": 0,
    "incomeBeforeTaxRatio": 0,
    "incomeTaxExpense": 0,
    "netIncome": 2700000,
    "netIncomeRatio": 0.1370558376,
    "eps": 0.0044,
    "epsdiluted": 0.0031,
    "weightedAverageShsOut": 902857143,
    "weightedAverageShsOutDil": 902857143,
    "link": "https://www.sec.gov/Archives/edgar/data/882095/000091205797025008/0000912057-97-025008-index.html",
    "finalLink": "https://www.sec.gov/Archives/edgar/data/882095/"
  },
  {
    "date": "1997-03-31",
    "symbol": "GILD",
    "reportedCurrency": "USD",
    "cik": "0000882095",
    "fillingDate": "1997-04-25",
    "acceptedDate": "1997-04-25 00:00:00",
    "calendarYear": "1997",
    "period": "Q1",
    "revenue": 5500000,
    "costOfRevenue": -300000,
    "grossProfit": 5800000,
    "grossProfitRatio": 1.0545454545,
    "researchAndDevelopmentExpenses": 10800000,
    "generalAndAdministrativeExpenses": 0,
    "sellingAndMarketingExpenses": 0,
    "sellingGeneralAndAdministrativeExpenses": 6100000,
    "otherExpenses": 800000,
    "operatingExpenses": 17700000,
    "costAndExpenses": 17400000,
    "interestIncome": 0,
    "interestExpense": 0,
    "depreciationAndAmortization": 800000,
    "ebitda": -11100000,
    "ebitdaratio": -2.0181818182,
    "operatingIncome": -11900000,
    "operatingIncomeRatio": -2.1636363636,
    "totalOtherIncomeExpensesNet": 11900000,
    "incomeBeforeTax": 0,
    "incomeBeforeTaxRatio": 0,
    "incomeTaxExpense": 0,
    "netIncome": -7900000,
    "netIncomeRatio": -1.4363636364,
    "eps": -0.0087,
    "epsdiluted": -0.0087,
    "weightedAverageShsOut": 902857143,
    "weightedAverageShsOutDil": 902857143,
    "link": "https://www.sec.gov/Archives/edgar/data/882095/000091205797014105/0000912057-97-014105-index.html",
    "finalLink": "https://www.sec.gov/Archives/edgar/data/882095/"
  },
  {
    "date": "1996-12-31",
    "symbol": "GILD",
    "reportedCurrency": "USD",
    "cik": "0000882095",
    "fillingDate": "1997-03-21",
    "acceptedDate": "1997-03-21 00:00:00",
    "calendarYear": "1996",
    "period": "Q4",
    "revenue": 5800000,
    "costOfRevenue": -400000,
    "grossProfit": 6200000,
    "grossProfitRatio": 1.0689655172,
    "researchAndDevelopmentExpenses": 10900000,
    "generalAndAdministrativeExpenses": 0,
    "sellingAndMarketingExpenses": 0,
    "sellingGeneralAndAdministrativeExpenses": 6800000,
    "otherExpenses": 800000,
    "operatingExpenses": 18500000,
    "costAndExpenses": 18100000,
    "interestIncome": 0,
    "interestExpense": 0,
    "depreciationAndAmortization": 800000,
    "ebitda": -11500000,
    "ebitdaratio": -1.9827586207,
    "operatingIncome": -12300000,
    "operatingIncomeRatio": -2.1206896552,
    "totalOtherIncomeExpensesNet": 12300000,
    "incomeBeforeTax": 0,
    "incomeBeforeTaxRatio": 0,
    "incomeTaxExpense": 0,
    "netIncome": -8000000,
    "netIncomeRatio": -1.3793103448,
    "eps": -0.0091,
    "epsdiluted": -0.0091,
    "weightedAverageShsOut": 875294118,
    "weightedAverageShsOutDil": 875294118,
    "link": "https://www.sec.gov/Archives/edgar/data/882095/000091205797009728/0000912057-97-009728-index.html",
    "finalLink": "https://www.sec.gov/Archives/edgar/data/882095/"
  },
  {
    "date": "1996-09-30",
    "symbol": "GILD",
    "reportedCurrency": "USD",
    "cik": "0000882095",
    "fillingDate": "1997-02-25",
    "acceptedDate": "1997-02-25 00:00:00",
    "calendarYear": "1996",
    "period": "Q3",
    "revenue": 24700000,
    "costOfRevenue": -400000,
    "grossProfit": 25100000,
    "grossProfitRatio": 1.016194332,
    "researchAndDevelopmentExpenses": 11200000,
    "generalAndAdministrativeExpenses": 0,
    "sellingAndMarketingExpenses": 0,
    "sellingGeneralAndAdministrativeExpenses": 7600000,
    "otherExpenses": 800000,
    "operatingExpenses": 19600000,
    "costAndExpenses": 19200000,
    "interestIncome": 0,
    "interestExpense": 0,
    "depreciationAndAmortization": 800000,
    "ebitda": 6300000,
    "ebitdaratio": 0.2550607287,
    "operatingIncome": 5500000,
    "operatingIncomeRatio": 0.2226720648,
    "totalOtherIncomeExpensesNet": -5500000,
    "incomeBeforeTax": 0,
    "incomeBeforeTaxRatio": 0,
    "incomeTaxExpense": 0,
    "netIncome": 9300000,
    "netIncomeRatio": 0.3765182186,
    "eps": 0.0106,
    "epsdiluted": 0.0094,
    "weightedAverageShsOut": 875294118,
    "weightedAverageShsOutDil": 992000000,
    "link": "https://www.sec.gov/Archives/edgar/data/882095/000091205797006727/0000912057-97-006727-index.html",
    "finalLink": "https://www.sec.gov/Archives/edgar/data/882095/"
  },
  {
    "date": "1996-05-31",
    "symbol": "GILD",
    "reportedCurrency": "USD",
    "cik": "0000882095",
    "fillingDate": "1996-07-26",
    "acceptedDate": "1996-07-26 00:00:00",
    "calendarYear": "1996",
    "period": "Q2",
    "revenue": 2200000,
    "costOfRevenue": -1700000,
    "grossProfit": 3900000,
    "grossProfitRatio": 1.7727272727,
    "researchAndDevelopmentExpenses": 10600000,
    "generalAndAdministrativeExpenses": 0,
    "sellingAndMarketingExpenses": 0,
    "sellingGeneralAndAdministrativeExpenses": 7400000,
    "otherExpenses": 1800000,
    "operatingExpenses": 19800000,
    "costAndExpenses": 18100000,
    "interestIncome": 0,
    "interestExpense": 0,
    "depreciationAndAmortization": 1800000,
    "ebitda": -14100000,
    "ebitdaratio": -6.4090909091,
    "operatingIncome": -15900000,
    "operatingIncomeRatio": -7.2272727273,
    "totalOtherIncomeExpensesNet": 15900000,
    "incomeBeforeTax": 0,
    "incomeBeforeTaxRatio": 0,
    "incomeTaxExpense": 0,
    "netIncome": -12200000,
    "netIncomeRatio": -5.5454545455,
    "eps": -0.0138,
    "epsdiluted": -0.0138,
    "weightedAverageShsOut": 887272727,
    "weightedAverageShsOutDil": 887272727,
    "link": "https://www.sec.gov/Archives/edgar/data/882095/000091205796015464/0000912057-96-015464-index.html",
    "finalLink": "https://www.sec.gov/Archives/edgar/data/882095/"
  },
  {
    "date": "1996-03-31",
    "symbol": "GILD",
    "reportedCurrency": "USD",
    "cik": "0000882095",
    "fillingDate": "1996-04-26",
    "acceptedDate": "1996-04-26 00:00:00",
    "calendarYear": "1996",
    "period": "Q1",
    "revenue": 800000,
    "costOfRevenue": -1100000,
    "grossProfit": 1900000,
    "grossProfitRatio": 2.375,
    "researchAndDevelopmentExpenses": 9300000,
    "generalAndAdministrativeExpenses": 0,
    "sellingAndMarketingExpenses": 0,
    "sellingGeneralAndAdministrativeExpenses": 4800000,
    "otherExpenses": 1100000,
    "operatingExpenses": 15200000,
    "costAndExpenses": 14100000,
    "interestIncome": 0,
    "interestExpense": 0,
    "depreciationAndAmortization": 1100000,
    "ebitda": -12200000,
    "ebitdaratio": -15.25,
    "operatingIncome": -13300000,
    "operatingIncomeRatio": -16.625,
    "totalOtherIncomeExpensesNet": 13300000,
    "incomeBeforeTax": 0,
    "incomeBeforeTaxRatio": 0,
    "incomeTaxExpense": 0,
    "netIncome": -10800000,
    "netIncomeRatio": -13.5,
    "eps": -0.0131,
    "epsdiluted": -0.0131,
    "weightedAverageShsOut": 822857143,
    "weightedAverageShsOutDil": 822857143,
    "link": "https://www.sec.gov/Archives/edgar/data/882095/000091205796007124/0000912057-96-007124-index.html",
    "finalLink": "https://www.sec.gov/Archives/edgar/data/882095/"
  },
  {
    "date": "1995-09-30",
    "symbol": "GILD",
    "reportedCurrency": "USD",
    "cik": "0000882095",
    "fillingDate": "1995-09-30",
    "acceptedDate": "1995-09-30 00:00:00",
    "calendarYear": "1995",
    "period": "Q3",
    "revenue": 1100000,
    "costOfRevenue": -1100000,
    "grossProfit": 2200000,
    "grossProfitRatio": 2,
    "researchAndDevelopmentExpenses": 8200000,
    "generalAndAdministrativeExpenses": 0,
    "sellingAndMarketingExpenses": 0,
    "sellingGeneralAndAdministrativeExpenses": 2800000,
    "otherExpenses": 1100000,
    "operatingExpenses": 12100000,
    "costAndExpenses": 11000000,
    "interestIncome": 0,
    "interestExpense": 0,
    "depreciationAndAmortization": 1100000,
    "ebitda": -8800000,
    "ebitdaratio": -8,
    "operatingIncome": -9900000,
    "operatingIncomeRatio": -9,
    "totalOtherIncomeExpensesNet": 9900000,
    "incomeBeforeTax": 0,
    "incomeBeforeTaxRatio": 0,
    "incomeTaxExpense": 0,
    "netIncome": -8400000,
    "netIncomeRatio": -7.6363636364,
    "eps": -0.0125,
    "epsdiluted": -0.0125,
    "weightedAverageShsOut": 672000000,
    "weightedAverageShsOutDil": 672000000,
    "link": null,
    "finalLink": null
  },
  {
    "date": "1995-06-30",
    "symbol": "GILD",
    "reportedCurrency": "USD",
    "cik": "0000882095",
    "fillingDate": "1995-06-30",
    "acceptedDate": "1995-06-30 00:00:00",
    "calendarYear": "1995",
    "period": "Q2",
    "revenue": 900000,
    "costOfRevenue": -1100000,
    "grossProfit": 2000000,
    "grossProfitRatio": 2.2222222222,
    "researchAndDevelopmentExpenses": 7500000,
    "generalAndAdministrativeExpenses": 0,
    "sellingAndMarketingExpenses": 0,
    "sellingGeneralAndAdministrativeExpenses": 2400000,
    "otherExpenses": 1100000,
    "operatingExpenses": 11000000,
    "costAndExpenses": 9900000,
    "interestIncome": 0,
    "interestExpense": 0,
    "depreciationAndAmortization": 1100000,
    "ebitda": -7900000,
    "ebitdaratio": -8.7777777778,
    "operatingIncome": -9000000,
    "operatingIncomeRatio": -10,
    "totalOtherIncomeExpensesNet": 9000000,
    "incomeBeforeTax": 0,
    "incomeBeforeTaxRatio": 0,
    "incomeTaxExpense": 0,
    "netIncome": -7900000,
    "netIncomeRatio": -8.7777777778,
    "eps": -0.0131,
    "epsdiluted": -0.0131,
    "weightedAverageShsOut": 601904762,
    "weightedAverageShsOutDil": 601904762,
    "link": null,
    "finalLink": null
  }
]