[
  {
    "date": "2025-08-24",
    "symbol": "GIS",
    "reportedCurrency": "USD",
    "cik": "0000040704",
    "fillingDate": "2025-09-17",
    "acceptedDate": "2025-09-17 16:55:05",
    "calendarYear": "2026",
    "period": "Q1",
    "revenue": 4517500000,
    "costOfRevenue": 2984700000,
    "grossProfit": 1532800000,
    "grossProfitRatio": 0.3393027117,
    "researchAndDevelopmentExpenses": 0,
    "generalAndAdministrativeExpenses": 0,
    "sellingAndMarketingExpenses": 0,
    "sellingGeneralAndAdministrativeExpenses": 845100000,
    "otherExpenses": -1038100000,
    "operatingExpenses": -193000000,
    "costAndExpenses": 2791700000,
    "interestIncome": 0,
    "interestExpense": 0,
    "depreciationAndAmortization": 138700000,
    "ebitda": 826400000,
    "ebitdaratio": 0.1829330382,
    "operatingIncome": 1725800000,
    "operatingIncomeRatio": 0.3820254566,
    "totalOtherIncomeExpensesNet": -117700000,
    "incomeBeforeTax": 1608100000,
    "incomeBeforeTaxRatio": 0.355971223,
    "incomeTaxExpense": 403900000,
    "netIncome": 1204200000,
    "netIncomeRatio": 0.2665633647,
    "eps": 2.22,
    "epsdiluted": 2.22,
    "weightedAverageShsOut": 541300000,
    "weightedAverageShsOutDil": 542500000,
    "link": "https://www.sec.gov/Archives/edgar/data/40704/000119312525206304/0001193125-25-206304-index.htm",
    "finalLink": "https://www.sec.gov/Archives/edgar/data/40704/000119312525206304/d60216d10q.htm"
  },
  {
    "date": "2025-05-25",
    "symbol": "GIS",
    "reportedCurrency": "USD",
    "cik": "0000040704",
    "fillingDate": "2025-06-26",
    "acceptedDate": "2025-06-25 18:05:55",
    "calendarYear": "2025",
    "period": "Q4",
    "revenue": 4556200000,
    "costOfRevenue": 3082200000,
    "grossProfit": 1459500000,
    "grossProfitRatio": 0.3203327334,
    "researchAndDevelopmentExpenses": 0,
    "generalAndAdministrativeExpenses": 20100000,
    "sellingAndMarketingExpenses": 874200000,
    "sellingGeneralAndAdministrativeExpenses": 894300000,
    "otherExpenses": 0,
    "operatingExpenses": 894300000,
    "costAndExpenses": 3991000000,
    "interestIncome": 0,
    "interestExpense": 139700000,
    "depreciationAndAmortization": 135600000,
    "ebitda": 652400000,
    "ebitdaratio": 0.1431895,
    "operatingIncome": 565200000,
    "operatingIncomeRatio": 0.124050744,
    "totalOtherIncomeExpensesNet": -194100000,
    "incomeBeforeTax": 371100000,
    "incomeBeforeTaxRatio": 0.0814494535,
    "incomeTaxExpense": 69100000,
    "netIncome": 283500000,
    "netIncomeRatio": 0.0622229051,
    "eps": 0.52,
    "epsdiluted": 0.52,
    "weightedAverageShsOut": 548200000,
    "weightedAverageShsOutDil": 550400000,
    "link": "https://www.sec.gov/Archives/edgar/data/40704/000119312525147079/0001193125-25-147079-index.htm",
    "finalLink": "https://www.sec.gov/Archives/edgar/data/40704/000119312525147079/d938443d10k.htm"
  },
  {
    "date": "2025-02-23",
    "symbol": "GIS",
    "reportedCurrency": "USD",
    "cik": "0000040704",
    "fillingDate": "2025-03-19",
    "acceptedDate": "2025-03-19 16:26:49",
    "calendarYear": "2025",
    "period": "Q3",
    "revenue": 4842200000,
    "costOfRevenue": 3203100000,
    "grossProfit": 1639100000,
    "grossProfitRatio": 0.3385031597,
    "researchAndDevelopmentExpenses": 0,
    "generalAndAdministrativeExpenses": 0,
    "sellingAndMarketingExpenses": 0,
    "sellingGeneralAndAdministrativeExpenses": 844400000,
    "otherExpenses": -96700000,
    "operatingExpenses": 747700000,
    "costAndExpenses": 3950800000,
    "interestIncome": 0,
    "interestExpense": 140000000,
    "depreciationAndAmortization": 134300000,
    "ebitda": 929000000,
    "ebitdaratio": 0.191854942,
    "operatingIncome": 891400000,
    "operatingIncomeRatio": 0.1840898765,
    "totalOtherIncomeExpensesNet": -108000000,
    "incomeBeforeTax": 783400000,
    "incomeBeforeTaxRatio": 0.1617859651,
    "incomeTaxExpense": 152400000,
    "netIncome": 625600000,
    "netIncomeRatio": 0.1291974722,
    "eps": 1.14,
    "epsdiluted": 1.12,
    "weightedAverageShsOut": 552600000,
    "weightedAverageShsOutDil": 555000000,
    "link": "https://www.sec.gov/Archives/edgar/data/40704/000119312525057880/0001193125-25-057880-index.htm",
    "finalLink": "https://www.sec.gov/Archives/edgar/data/40704/000119312525057880/d899819d10q.htm"
  },
  {
    "date": "2024-11-24",
    "symbol": "GIS",
    "reportedCurrency": "USD",
    "cik": "0000040704",
    "fillingDate": "2024-12-18",
    "acceptedDate": "2024-12-18 16:09:15",
    "calendarYear": "2025",
    "period": "Q2",
    "revenue": 5240100000,
    "costOfRevenue": 3309000000,
    "grossProfit": 1931100000,
    "grossProfitRatio": 0.3685235015,
    "researchAndDevelopmentExpenses": 0,
    "generalAndAdministrativeExpenses": 0,
    "sellingAndMarketingExpenses": 0,
    "sellingGeneralAndAdministrativeExpenses": 852000000,
    "otherExpenses": 1200000,
    "operatingExpenses": 853200000,
    "costAndExpenses": 4162200000,
    "interestIncome": 0,
    "interestExpense": 123400000,
    "depreciationAndAmortization": 129500000,
    "ebitda": 1208600000,
    "ebitdaratio": 0.2306444534,
    "operatingIncome": 1077900000,
    "operatingIncomeRatio": 0.2057021813,
    "totalOtherIncomeExpensesNet": -80800000,
    "incomeBeforeTax": 997100000,
    "incomeBeforeTaxRatio": 0.1902826282,
    "incomeTaxExpense": 194800000,
    "netIncome": 795700000,
    "netIncomeRatio": 0.1518482472,
    "eps": 1.43,
    "epsdiluted": 1.42,
    "weightedAverageShsOut": 556900000,
    "weightedAverageShsOutDil": 560400000,
    "link": "https://www.sec.gov/Archives/edgar/data/40704/000119312524281288/0001193125-24-281288-index.htm",
    "finalLink": "https://www.sec.gov/Archives/edgar/data/40704/000119312524281288/d901001d10q.htm"
  },
  {
    "date": "2024-08-25",
    "symbol": "GIS",
    "reportedCurrency": "USD",
    "cik": "0000040704",
    "fillingDate": "2024-09-18",
    "acceptedDate": "2024-09-18 15:35:07",
    "calendarYear": "2025",
    "period": "Q1",
    "revenue": 4848100000,
    "costOfRevenue": 3159300000,
    "grossProfit": 1688800000,
    "grossProfitRatio": 0.3483426497,
    "researchAndDevelopmentExpenses": 0,
    "generalAndAdministrativeExpenses": 0,
    "sellingAndMarketingExpenses": 0,
    "sellingGeneralAndAdministrativeExpenses": 855100000,
    "otherExpenses": 2200000,
    "operatingExpenses": 857300000,
    "costAndExpenses": 4016600000,
    "interestIncome": 0,
    "interestExpense": 124000000,
    "depreciationAndAmortization": 139600000,
    "ebitda": 973300000,
    "ebitdaratio": 0.2007590603,
    "operatingIncome": 831500000,
    "operatingIncomeRatio": 0.1715104886,
    "totalOtherIncomeExpensesNet": -90500000,
    "incomeBeforeTax": 741000000,
    "incomeBeforeTaxRatio": 0.1528433819,
    "incomeTaxExpense": 157400000,
    "netIncome": 579900000,
    "netIncomeRatio": 0.1196138694,
    "eps": 1.03,
    "epsdiluted": 1.03,
    "weightedAverageShsOut": 560500000,
    "weightedAverageShsOutDil": 563800000,
    "link": "https://www.sec.gov/Archives/edgar/data/40704/000119312524221344/0001193125-24-221344-index.htm",
    "finalLink": "https://www.sec.gov/Archives/edgar/data/40704/000119312524221344/d874379d10q.htm"
  },
  {
    "date": "2024-05-26",
    "symbol": "GIS",
    "reportedCurrency": "USD",
    "cik": "0000040704",
    "fillingDate": "2024-06-26",
    "acceptedDate": "2024-06-26 14:50:47",
    "calendarYear": "2024",
    "period": "Q4",
    "revenue": 4713900000,
    "costOfRevenue": 3025600000,
    "grossProfit": 1688300000,
    "grossProfitRatio": 0.3581535459,
    "researchAndDevelopmentExpenses": 0,
    "generalAndAdministrativeExpenses": 0,
    "sellingAndMarketingExpenses": 0,
    "sellingGeneralAndAdministrativeExpenses": 798300000,
    "otherExpenses": 110800000,
    "operatingExpenses": 909100000,
    "costAndExpenses": 3934700000,
    "interestIncome": 0,
    "interestExpense": 121800000,
    "depreciationAndAmortization": 140500000,
    "ebitda": 883700000,
    "ebitdaratio": 0.1874668533,
    "operatingIncome": 779200000,
    "operatingIncomeRatio": 0.1652983729,
    "totalOtherIncomeExpensesNet": -83500000,
    "incomeBeforeTax": 695700000,
    "incomeBeforeTaxRatio": 0.1475848024,
    "incomeTaxExpense": 136000000,
    "netIncome": 557500000,
    "netIncomeRatio": 0.1182672522,
    "eps": 0.98,
    "epsdiluted": 0.98,
    "weightedAverageShsOut": 566200000,
    "weightedAverageShsOutDil": 570400000,
    "link": "https://www.sec.gov/Archives/edgar/data/40704/000119312524168943/0001193125-24-168943-index.htm",
    "finalLink": "https://www.sec.gov/Archives/edgar/data/40704/000119312524168943/d764890d10k.htm"
  },
  {
    "date": "2024-02-25",
    "symbol": "GIS",
    "reportedCurrency": "USD",
    "cik": "0000040704",
    "fillingDate": "2024-03-20",
    "acceptedDate": "2024-03-20 16:07:29",
    "calendarYear": "2024",
    "period": "Q3",
    "revenue": 5099200000,
    "costOfRevenue": 3391800000,
    "grossProfit": 1707400000,
    "grossProfitRatio": 0.3348368372,
    "researchAndDevelopmentExpenses": 0,
    "generalAndAdministrativeExpenses": 0,
    "sellingAndMarketingExpenses": 0,
    "sellingGeneralAndAdministrativeExpenses": 790900000,
    "otherExpenses": 5800000,
    "operatingExpenses": 796700000,
    "costAndExpenses": 4188500000,
    "interestIncome": 0,
    "interestExpense": 122000000,
    "depreciationAndAmortization": 146400000,
    "ebitda": 1062900000,
    "ebitdaratio": 0.2084444619,
    "operatingIncome": 910700000,
    "operatingIncomeRatio": 0.1785966426,
    "totalOtherIncomeExpensesNet": -85100000,
    "incomeBeforeTax": 825600000,
    "incomeBeforeTaxRatio": 0.1619077502,
    "incomeTaxExpense": 149300000,
    "netIncome": 670100000,
    "netIncomeRatio": 0.1314127706,
    "eps": 1.18,
    "epsdiluted": 1.17,
    "weightedAverageShsOut": 569500000,
    "weightedAverageShsOutDil": 572800000,
    "link": "https://www.sec.gov/Archives/edgar/data/40704/000119312524072690/0001193125-24-072690-index.htm",
    "finalLink": "https://www.sec.gov/Archives/edgar/data/40704/000119312524072690/d584889d10q.htm"
  },
  {
    "date": "2023-11-26",
    "symbol": "GIS",
    "reportedCurrency": "USD",
    "cik": "0000040704",
    "fillingDate": "2023-12-20",
    "acceptedDate": "2023-12-20 16:09:22",
    "calendarYear": "2024",
    "period": "Q2",
    "revenue": 5139400000,
    "costOfRevenue": 3373500000,
    "grossProfit": 1765900000,
    "grossProfitRatio": 0.3436004203,
    "researchAndDevelopmentExpenses": 0,
    "generalAndAdministrativeExpenses": 0,
    "sellingAndMarketingExpenses": 0,
    "sellingGeneralAndAdministrativeExpenses": 830500000,
    "otherExpenses": 123600000,
    "operatingExpenses": 954100000,
    "costAndExpenses": 4327600000,
    "interestIncome": 0,
    "interestExpense": 121200000,
    "depreciationAndAmortization": 128600000,
    "ebitda": 1064000000,
    "ebitdaratio": 0.2070280577,
    "operatingIncome": 811800000,
    "operatingIncomeRatio": 0.1579561817,
    "totalOtherIncomeExpensesNet": -73500000,
    "incomeBeforeTax": 738300000,
    "incomeBeforeTaxRatio": 0.1436549014,
    "incomeTaxExpense": 136000000,
    "netIncome": 595500000,
    "netIncomeRatio": 0.1158695568,
    "eps": 1.03,
    "epsdiluted": 1.02,
    "weightedAverageShsOut": 580100000,
    "weightedAverageShsOutDil": 583400000,
    "link": "https://www.sec.gov/Archives/edgar/data/40704/000119312523299930/0001193125-23-299930-index.htm",
    "finalLink": "https://www.sec.gov/Archives/edgar/data/40704/000119312523299930/d660295d10q.htm"
  },
  {
    "date": "2023-08-27",
    "symbol": "GIS",
    "reportedCurrency": "USD",
    "cik": "0000040704",
    "fillingDate": "2023-09-20",
    "acceptedDate": "2023-09-20 16:08:22",
    "calendarYear": "2024",
    "period": "Q1",
    "revenue": 4904700000,
    "costOfRevenue": 3134200000,
    "grossProfit": 1770500000,
    "grossProfitRatio": 0.3609802842,
    "researchAndDevelopmentExpenses": 0,
    "generalAndAdministrativeExpenses": 0,
    "sellingAndMarketingExpenses": 0,
    "sellingGeneralAndAdministrativeExpenses": 839300000,
    "otherExpenses": 1200000,
    "operatingExpenses": 840500000,
    "costAndExpenses": 3974700000,
    "interestIncome": 0,
    "interestExpense": 118300000,
    "depreciationAndAmortization": 137200000,
    "ebitda": 1068400000,
    "ebitdaratio": 0.2178318755,
    "operatingIncome": 930000000,
    "operatingIncomeRatio": 0.1896140437,
    "totalOtherIncomeExpensesNet": -76500000,
    "incomeBeforeTax": 853500000,
    "incomeBeforeTaxRatio": 0.1740167594,
    "incomeTaxExpense": 173200000,
    "netIncome": 673500000,
    "netIncomeRatio": 0.1373172671,
    "eps": 1.15,
    "epsdiluted": 1.14,
    "weightedAverageShsOut": 586300000,
    "weightedAverageShsOutDil": 591400000,
    "link": "https://www.sec.gov/Archives/edgar/data/40704/000119312523238563/0001193125-23-238563-index.htm",
    "finalLink": "https://www.sec.gov/Archives/edgar/data/40704/000119312523238563/d509747d10q.htm"
  },
  {
    "date": "2023-05-28",
    "symbol": "GIS",
    "reportedCurrency": "USD",
    "cik": "0000040704",
    "fillingDate": "2023-06-28",
    "acceptedDate": "2023-06-28 16:09:00",
    "calendarYear": "2023",
    "period": "Q4",
    "revenue": 5030000000,
    "costOfRevenue": 3301800000,
    "grossProfit": 1728200000,
    "grossProfitRatio": 0.3435785288,
    "researchAndDevelopmentExpenses": 0,
    "generalAndAdministrativeExpenses": 57900000,
    "sellingAndMarketingExpenses": 810000000,
    "sellingGeneralAndAdministrativeExpenses": 867900000,
    "otherExpenses": 42100000,
    "operatingExpenses": 910000000,
    "costAndExpenses": 4211800000,
    "interestIncome": 0,
    "interestExpense": 104600000,
    "depreciationAndAmortization": 135600000,
    "ebitda": 1487100000,
    "ebitdaratio": 0.2956461233,
    "operatingIncome": 818200000,
    "operatingIncomeRatio": 0.1626640159,
    "totalOtherIncomeExpensesNet": -57400000,
    "incomeBeforeTax": 760800000,
    "incomeBeforeTaxRatio": 0.1512524851,
    "incomeTaxExpense": 140700000,
    "netIncome": 614900000,
    "netIncomeRatio": 0.1222465209,
    "eps": 1.04,
    "epsdiluted": 1.03,
    "weightedAverageShsOut": 590800000,
    "weightedAverageShsOutDil": 597700000,
    "link": "https://www.sec.gov/Archives/edgar/data/40704/000119312523177500/0001193125-23-177500-index.htm",
    "finalLink": "https://www.sec.gov/Archives/edgar/data/40704/000119312523177500/d523469d10k.htm"
  },
  {
    "date": "2023-02-26",
    "symbol": "GIS",
    "reportedCurrency": "USD",
    "cik": "0000040704",
    "fillingDate": "2023-03-23",
    "acceptedDate": "2023-03-23 16:09:01",
    "calendarYear": "2023",
    "period": "Q3",
    "revenue": 5125900000,
    "costOfRevenue": 3461100000,
    "grossProfit": 1664800000,
    "grossProfitRatio": 0.3247819895,
    "researchAndDevelopmentExpenses": 0,
    "generalAndAdministrativeExpenses": 0,
    "sellingAndMarketingExpenses": 0,
    "sellingGeneralAndAdministrativeExpenses": 946900000,
    "otherExpenses": -12300000,
    "operatingExpenses": 934600000,
    "costAndExpenses": 4395700000,
    "interestIncome": 0,
    "interestExpense": 75200000,
    "depreciationAndAmortization": 137100000,
    "ebitda": 855000000,
    "ebitdaratio": 0.1667999766,
    "operatingIncome": 730200000,
    "operatingIncomeRatio": 0.1424530326,
    "totalOtherIncomeExpensesNet": -64000000,
    "incomeBeforeTax": 666200000,
    "incomeBeforeTaxRatio": 0.1299674204,
    "incomeTaxExpense": 108300000,
    "netIncome": 553100000,
    "netIncomeRatio": 0.1079030024,
    "eps": 0.94,
    "epsdiluted": 0.92,
    "weightedAverageShsOut": 592500000,
    "weightedAverageShsOutDil": 599000000,
    "link": "https://www.sec.gov/Archives/edgar/data/40704/000119312523077864/0001193125-23-077864-index.htm",
    "finalLink": "https://www.sec.gov/Archives/edgar/data/40704/000119312523077864/d481948d10q.htm"
  },
  {
    "date": "2022-11-27",
    "symbol": "GIS",
    "reportedCurrency": "USD",
    "cik": "0000040704",
    "fillingDate": "2022-12-20",
    "acceptedDate": "2022-12-20 16:10:38",
    "calendarYear": "2023",
    "period": "Q2",
    "revenue": 5220700000,
    "costOfRevenue": 3515600000,
    "grossProfit": 1705100000,
    "grossProfitRatio": 0.3266037121,
    "researchAndDevelopmentExpenses": 0,
    "generalAndAdministrativeExpenses": 0,
    "sellingAndMarketingExpenses": 0,
    "sellingGeneralAndAdministrativeExpenses": 894200000,
    "otherExpenses": 11100000,
    "operatingExpenses": 905300000,
    "costAndExpenses": 4420900000,
    "interestIncome": 0,
    "interestExpense": 89700000,
    "depreciationAndAmortization": 139600000,
    "ebitda": 950500000,
    "ebitdaratio": 0.1820637079,
    "operatingIncome": 799800000,
    "operatingIncomeRatio": 0.153197847,
    "totalOtherIncomeExpensesNet": -44400000,
    "incomeBeforeTax": 755400000,
    "incomeBeforeTaxRatio": 0.1446932404,
    "incomeTaxExpense": 147100000,
    "netIncome": 605900000,
    "netIncomeRatio": 0.1160572337,
    "eps": 1.01,
    "epsdiluted": 1.01,
    "weightedAverageShsOut": 595900000,
    "weightedAverageShsOutDil": 602000000,
    "link": "https://www.sec.gov/Archives/edgar/data/40704/000119312522309146/0001193125-22-309146-index.htm",
    "finalLink": "https://www.sec.gov/Archives/edgar/data/40704/000119312522309146/d392633d10q.htm"
  },
  {
    "date": "2022-08-28",
    "symbol": "GIS",
    "reportedCurrency": "USD",
    "cik": "0000040704",
    "fillingDate": "2022-09-21",
    "acceptedDate": "2022-09-21 16:02:55",
    "calendarYear": "2023",
    "period": "Q1",
    "revenue": 4717600000,
    "costOfRevenue": 3269900000,
    "grossProfit": 1447700000,
    "grossProfitRatio": 0.3068721384,
    "researchAndDevelopmentExpenses": 0,
    "generalAndAdministrativeExpenses": 0,
    "sellingAndMarketingExpenses": 0,
    "sellingGeneralAndAdministrativeExpenses": 791400000,
    "otherExpenses": -429300000,
    "operatingExpenses": 362100000,
    "costAndExpenses": 3632000000,
    "interestIncome": 0,
    "interestExpense": 89600000,
    "depreciationAndAmortization": 134300000,
    "ebitda": 790600000,
    "ebitdaratio": 0.1675852128,
    "operatingIncome": 1085600000,
    "operatingIncomeRatio": 0.2301170086,
    "totalOtherIncomeExpensesNet": -46200000,
    "incomeBeforeTax": 1039400000,
    "incomeBeforeTaxRatio": 0.2203238935,
    "incomeTaxExpense": 216100000,
    "netIncome": 820000000,
    "netIncomeRatio": 0.1738171952,
    "eps": 1.37,
    "epsdiluted": 1.35,
    "weightedAverageShsOut": 600200000,
    "weightedAverageShsOutDil": 606000000,
    "link": "https://www.sec.gov/Archives/edgar/data/40704/000119312522248384/0001193125-22-248384-index.htm",
    "finalLink": "https://www.sec.gov/Archives/edgar/data/40704/000119312522248384/d366574d10q.htm"
  },
  {
    "date": "2022-05-29",
    "symbol": "GIS",
    "reportedCurrency": "USD",
    "cik": "0000040704",
    "fillingDate": "2022-06-30",
    "acceptedDate": "2022-06-29 18:55:52",
    "calendarYear": "2022",
    "period": "Q4",
    "revenue": 4891200000,
    "costOfRevenue": 3121300000,
    "grossProfit": 1769900000,
    "grossProfitRatio": 0.3618539418,
    "researchAndDevelopmentExpenses": 0,
    "generalAndAdministrativeExpenses": 67900000,
    "sellingAndMarketingExpenses": 690100000,
    "sellingGeneralAndAdministrativeExpenses": 758000000,
    "otherExpenses": -4200000,
    "operatingExpenses": 753800000,
    "costAndExpenses": 3875100000,
    "interestIncome": 0,
    "interestExpense": 104500000,
    "depreciationAndAmortization": 139700000,
    "ebitda": 1438000000,
    "ebitdaratio": 0.2939973831,
    "operatingIncome": 1016100000,
    "operatingIncomeRatio": 0.2077404318,
    "totalOtherIncomeExpensesNet": -55800000,
    "incomeBeforeTax": 960300000,
    "incomeBeforeTaxRatio": 0.1963321884,
    "incomeTaxExpense": 134500000,
    "netIncome": 822800000,
    "netIncomeRatio": 0.1682204776,
    "eps": 1.36,
    "epsdiluted": 1.35,
    "weightedAverageShsOut": 604900000,
    "weightedAverageShsOutDil": 610600000,
    "link": "https://www.sec.gov/Archives/edgar/data/40704/000119312522185257/0001193125-22-185257-index.htm",
    "finalLink": "https://www.sec.gov/Archives/edgar/data/40704/000119312522185257/d313744d10k.htm"
  },
  {
    "date": "2022-02-27",
    "symbol": "GIS",
    "reportedCurrency": "USD",
    "cik": "0000040704",
    "fillingDate": "2022-03-23",
    "acceptedDate": "2022-03-23 16:07:10",
    "calendarYear": "2022",
    "period": "Q3",
    "revenue": 4537700000,
    "costOfRevenue": 3134000000,
    "grossProfit": 1403700000,
    "grossProfitRatio": 0.309341737,
    "researchAndDevelopmentExpenses": 0,
    "generalAndAdministrativeExpenses": 0,
    "sellingAndMarketingExpenses": 0,
    "sellingGeneralAndAdministrativeExpenses": 751400000,
    "otherExpenses": -163000000,
    "operatingExpenses": 588400000,
    "costAndExpenses": 3722400000,
    "interestIncome": 0,
    "interestExpense": 109600000,
    "depreciationAndAmortization": 143700000,
    "ebitda": 796000000,
    "ebitdaratio": 0.1754192653,
    "operatingIncome": 815300000,
    "operatingIncomeRatio": 0.1796725213,
    "totalOtherIncomeExpensesNet": -29500000,
    "incomeBeforeTax": 785800000,
    "incomeBeforeTaxRatio": 0.1731714305,
    "incomeTaxExpense": 123200000,
    "netIncome": 660300000,
    "netIncomeRatio": 0.1455142473,
    "eps": 1.09,
    "epsdiluted": 1.08,
    "weightedAverageShsOut": 606800000,
    "weightedAverageShsOutDil": 612400000,
    "link": "https://www.sec.gov/Archives/edgar/data/40704/000119312522082733/0001193125-22-082733-index.htm",
    "finalLink": "https://www.sec.gov/Archives/edgar/data/40704/000119312522082733/d312496d10q.htm"
  },
  {
    "date": "2021-11-28",
    "symbol": "GIS",
    "reportedCurrency": "USD",
    "cik": "0000040704",
    "fillingDate": "2021-12-21",
    "acceptedDate": "2021-12-21 16:24:28",
    "calendarYear": "2022",
    "period": "Q2",
    "revenue": 5024000000,
    "costOfRevenue": 3392800000,
    "grossProfit": 1631200000,
    "grossProfitRatio": 0.3246815287,
    "researchAndDevelopmentExpenses": 0,
    "generalAndAdministrativeExpenses": 0,
    "sellingAndMarketingExpenses": 0,
    "sellingGeneralAndAdministrativeExpenses": 828800000,
    "otherExpenses": 2300000,
    "operatingExpenses": 831100000,
    "costAndExpenses": 4223900000,
    "interestIncome": 0,
    "interestExpense": 80600000,
    "depreciationAndAmortization": 141100000,
    "ebitda": 943500000,
    "ebitdaratio": 0.1877985669,
    "operatingIncome": 800100000,
    "operatingIncomeRatio": 0.1592555732,
    "totalOtherIncomeExpensesNet": -32000000,
    "incomeBeforeTax": 768100000,
    "incomeBeforeTaxRatio": 0.1528861465,
    "incomeTaxExpense": 159700000,
    "netIncome": 597200000,
    "netIncomeRatio": 0.1188694268,
    "eps": 0.98,
    "epsdiluted": 0.97,
    "weightedAverageShsOut": 608600000,
    "weightedAverageShsOutDil": 613000000,
    "link": "https://www.sec.gov/Archives/edgar/data/40704/000119312521363624/0001193125-21-363624-index.htm",
    "finalLink": "https://www.sec.gov/Archives/edgar/data/40704/000119312521363624/d266048d10q.htm"
  },
  {
    "date": "2021-08-29",
    "symbol": "GIS",
    "reportedCurrency": "USD",
    "cik": "0000040704",
    "fillingDate": "2021-09-22",
    "acceptedDate": "2021-09-22 16:06:25",
    "calendarYear": "2022",
    "period": "Q1",
    "revenue": 4539900000,
    "costOfRevenue": 2942500000,
    "grossProfit": 1597400000,
    "grossProfitRatio": 0.3518579704,
    "researchAndDevelopmentExpenses": 0,
    "generalAndAdministrativeExpenses": 0,
    "sellingAndMarketingExpenses": 0,
    "sellingGeneralAndAdministrativeExpenses": 757400000,
    "otherExpenses": -4300000,
    "operatingExpenses": 753100000,
    "costAndExpenses": 3695600000,
    "interestIncome": 0,
    "interestExpense": 107900000,
    "depreciationAndAmortization": 145800000,
    "ebitda": 985800000,
    "ebitdaratio": 0.2171413467,
    "operatingIncome": 844300000,
    "operatingIncomeRatio": 0.1859732593,
    "totalOtherIncomeExpensesNet": -37200000,
    "incomeBeforeTax": 807100000,
    "incomeBeforeTaxRatio": 0.1777792462,
    "incomeTaxExpense": 168900000,
    "netIncome": 627000000,
    "netIncomeRatio": 0.1381087689,
    "eps": 1.03,
    "epsdiluted": 1.02,
    "weightedAverageShsOut": 610400000,
    "weightedAverageShsOutDil": 614800000,
    "link": "https://www.sec.gov/Archives/edgar/data/40704/000119312521279392/0001193125-21-279392-index.htm",
    "finalLink": "https://www.sec.gov/Archives/edgar/data/40704/000119312521279392/d174441d10q.htm"
  },
  {
    "date": "2021-05-30",
    "symbol": "GIS",
    "reportedCurrency": "USD",
    "cik": "0000040704",
    "fillingDate": "2021-06-30",
    "acceptedDate": "2021-06-30 16:57:07",
    "calendarYear": "2021",
    "period": "Q4",
    "revenue": 4523600000,
    "costOfRevenue": 2940700000,
    "grossProfit": 1582900000,
    "grossProfitRatio": 0.3499204174,
    "researchAndDevelopmentExpenses": 0,
    "generalAndAdministrativeExpenses": 53400000,
    "sellingAndMarketingExpenses": 736300000,
    "sellingGeneralAndAdministrativeExpenses": 789700000,
    "otherExpenses": 245300000,
    "operatingExpenses": 1035000000,
    "costAndExpenses": 3975700000,
    "interestIncome": 0,
    "interestExpense": 102600000,
    "depreciationAndAmortization": 146800000,
    "ebitda": 823100000,
    "ebitdaratio": 0.1819568485,
    "operatingIncome": 547900000,
    "operatingIncomeRatio": 0.1211203466,
    "totalOtherIncomeExpensesNet": -41100000,
    "incomeBeforeTax": 506800000,
    "incomeBeforeTaxRatio": 0.1120346627,
    "incomeTaxExpense": 106900000,
    "netIncome": 416800000,
    "netIncomeRatio": 0.0921390043,
    "eps": 0.68,
    "epsdiluted": 0.67,
    "weightedAverageShsOut": 612400000,
    "weightedAverageShsOutDil": 617500000,
    "link": "https://www.sec.gov/Archives/edgar/data/40704/000119312521204830/0001193125-21-204830-index.htm",
    "finalLink": "https://www.sec.gov/Archives/edgar/data/40704/000119312521204830/d184854d10k.htm"
  },
  {
    "date": "2021-02-28",
    "symbol": "GIS",
    "reportedCurrency": "USD",
    "cik": "0000040704",
    "fillingDate": "2021-03-24",
    "acceptedDate": "2021-03-24 15:59:34",
    "calendarYear": "2021",
    "period": "Q3",
    "revenue": 4520000000,
    "costOfRevenue": 2966100000,
    "grossProfit": 1553900000,
    "grossProfitRatio": 0.3437831858,
    "researchAndDevelopmentExpenses": 0,
    "generalAndAdministrativeExpenses": 0,
    "sellingAndMarketingExpenses": 0,
    "sellingGeneralAndAdministrativeExpenses": 716300000,
    "otherExpenses": 11000000,
    "operatingExpenses": 727300000,
    "costAndExpenses": 3693400000,
    "interestIncome": 0,
    "interestExpense": 112800000,
    "depreciationAndAmortization": 159400000,
    "ebitda": 997000000,
    "ebitdaratio": 0.2205752212,
    "operatingIncome": 826600000,
    "operatingIncomeRatio": 0.1828761062,
    "totalOtherIncomeExpensesNet": -60800000,
    "incomeBeforeTax": 765800000,
    "incomeBeforeTaxRatio": 0.1694247788,
    "incomeTaxExpense": 162000000,
    "netIncome": 595700000,
    "netIncomeRatio": 0.1317920354,
    "eps": 0.97,
    "epsdiluted": 0.96,
    "weightedAverageShsOut": 615000000,
    "weightedAverageShsOutDil": 619400000,
    "link": "https://www.sec.gov/Archives/edgar/data/40704/000119312521092576/0001193125-21-092576-index.htm",
    "finalLink": "https://www.sec.gov/Archives/edgar/data/40704/000119312521092576/d133391d10q.htm"
  },
  {
    "date": "2020-11-29",
    "symbol": "GIS",
    "reportedCurrency": "USD",
    "cik": "0000040704",
    "fillingDate": "2020-12-17",
    "acceptedDate": "2020-12-17 17:07:56",
    "calendarYear": "2021",
    "period": "Q2",
    "revenue": 4719400000,
    "costOfRevenue": 2998300000,
    "grossProfit": 1721100000,
    "grossProfitRatio": 0.3646861889,
    "researchAndDevelopmentExpenses": 0,
    "generalAndAdministrativeExpenses": 0,
    "sellingAndMarketingExpenses": 0,
    "sellingGeneralAndAdministrativeExpenses": 804100000,
    "otherExpenses": 400000,
    "operatingExpenses": 804500000,
    "costAndExpenses": 3802800000,
    "interestIncome": 0,
    "interestExpense": 102600000,
    "depreciationAndAmortization": 149000000,
    "ebitda": 1066000000,
    "ebitdaratio": 0.2258761707,
    "operatingIncome": 916600000,
    "operatingIncomeRatio": 0.1942196042,
    "totalOtherIncomeExpensesNet": -31300000,
    "incomeBeforeTax": 885300000,
    "incomeBeforeTaxRatio": 0.1875874052,
    "incomeTaxExpense": 189400000,
    "netIncome": 688400000,
    "netIncomeRatio": 0.1458659999,
    "eps": 1.12,
    "epsdiluted": 1.11,
    "weightedAverageShsOut": 614800000,
    "weightedAverageShsOutDil": 619600000,
    "link": "https://www.sec.gov/Archives/edgar/data/40704/000119312520320164/0001193125-20-320164-index.htm",
    "finalLink": "https://www.sec.gov/Archives/edgar/data/40704/000119312520320164/d206637d10q.htm"
  },
  {
    "date": "2020-08-30",
    "symbol": "GIS",
    "reportedCurrency": "USD",
    "cik": "0000040704",
    "fillingDate": "2020-09-23",
    "acceptedDate": "2020-09-23 16:48:24",
    "calendarYear": "2021",
    "period": "Q1",
    "revenue": 4364000000,
    "costOfRevenue": 2773600000,
    "grossProfit": 1590400000,
    "grossProfitRatio": 0.364436297,
    "researchAndDevelopmentExpenses": 0,
    "generalAndAdministrativeExpenses": 0,
    "sellingAndMarketingExpenses": 0,
    "sellingGeneralAndAdministrativeExpenses": 736200000,
    "otherExpenses": 500000,
    "operatingExpenses": 736700000,
    "costAndExpenses": 3510300000,
    "interestIncome": 0,
    "interestExpense": 109000000,
    "depreciationAndAmortization": 146100000,
    "ebitda": 1000300000,
    "ebitdaratio": 0.2292163153,
    "operatingIncome": 853700000,
    "operatingIncomeRatio": 0.1956232814,
    "totalOtherIncomeExpensesNet": -36500000,
    "incomeBeforeTax": 817200000,
    "incomeBeforeTaxRatio": 0.1872593951,
    "incomeTaxExpense": 170800000,
    "netIncome": 638900000,
    "netIncomeRatio": 0.1464023831,
    "eps": 1.04,
    "epsdiluted": 1.03,
    "weightedAverageShsOut": 614100000,
    "weightedAverageShsOutDil": 619800000,
    "link": "https://www.sec.gov/Archives/edgar/data/40704/000119312520252378/0001193125-20-252378-index.htm",
    "finalLink": "https://www.sec.gov/Archives/edgar/data/40704/000119312520252378/d34111d10q.htm"
  },
  {
    "date": "2020-05-31",
    "symbol": "GIS",
    "reportedCurrency": "USD",
    "cik": "0000040704",
    "fillingDate": "2020-07-02",
    "acceptedDate": "2020-07-02 13:50:10",
    "calendarYear": "2020",
    "period": "Q4",
    "revenue": 5023000000,
    "costOfRevenue": 3254900000,
    "grossProfit": 1768100000,
    "grossProfitRatio": 0.3520007963,
    "researchAndDevelopmentExpenses": 0,
    "generalAndAdministrativeExpenses": 0,
    "sellingAndMarketingExpenses": 0,
    "sellingGeneralAndAdministrativeExpenses": 927100000,
    "otherExpenses": 11500000,
    "operatingExpenses": 938600000,
    "costAndExpenses": 4193500000,
    "interestIncome": 0,
    "interestExpense": 118400000,
    "depreciationAndAmortization": 138300000,
    "ebitda": 1073700000,
    "ebitdaratio": 0.2137567191,
    "operatingIncome": 829500000,
    "operatingIncomeRatio": 0.1651403544,
    "totalOtherIncomeExpensesNet": -62900000,
    "incomeBeforeTax": 766600000,
    "incomeBeforeTaxRatio": 0.1526179574,
    "incomeTaxExpense": 139600000,
    "netIncome": 625700000,
    "netIncomeRatio": 0.1245669918,
    "eps": 1.03,
    "epsdiluted": 1.02,
    "weightedAverageShsOut": 610900000,
    "weightedAverageShsOutDil": 616100000,
    "link": "https://www.sec.gov/Archives/edgar/data/40704/000119312520186469/0001193125-20-186469-index.htm",
    "finalLink": "https://www.sec.gov/Archives/edgar/data/40704/000119312520186469/d89717d10k.htm"
  },
  {
    "date": "2020-02-23",
    "symbol": "GIS",
    "reportedCurrency": "USD",
    "cik": "0000040704",
    "fillingDate": "2020-03-18",
    "acceptedDate": "2020-03-18 16:21:51",
    "calendarYear": "2020",
    "period": "Q3",
    "revenue": 4180300000,
    "costOfRevenue": 2777100000,
    "grossProfit": 1403200000,
    "grossProfitRatio": 0.3356696888,
    "researchAndDevelopmentExpenses": 0,
    "generalAndAdministrativeExpenses": 0,
    "sellingAndMarketingExpenses": 0,
    "sellingGeneralAndAdministrativeExpenses": 746600000,
    "otherExpenses": 5800000,
    "operatingExpenses": 752400000,
    "costAndExpenses": 3529500000,
    "interestIncome": 0,
    "interestExpense": 114500000,
    "depreciationAndAmortization": 148700000,
    "ebitda": 805300000,
    "ebitdaratio": 0.1926416764,
    "operatingIncome": 650800000,
    "operatingIncomeRatio": 0.1556826065,
    "totalOtherIncomeExpensesNet": -68700000,
    "incomeBeforeTax": 582100000,
    "incomeBeforeTaxRatio": 0.1392483793,
    "incomeTaxExpense": 118200000,
    "netIncome": 454100000,
    "netIncomeRatio": 0.1086285673,
    "eps": 0.75,
    "epsdiluted": 0.74,
    "weightedAverageShsOut": 607900000,
    "weightedAverageShsOutDil": 612800000,
    "link": "https://www.sec.gov/Archives/edgar/data/40704/000119312520077160/0001193125-20-077160-index.htm",
    "finalLink": "https://www.sec.gov/Archives/edgar/data/40704/000119312520077160/d802885d10q.htm"
  },
  {
    "date": "2019-11-24",
    "symbol": "GIS",
    "reportedCurrency": "USD",
    "cik": "0000040704",
    "fillingDate": "2019-12-18",
    "acceptedDate": "2019-12-18 16:31:08",
    "calendarYear": "2020",
    "period": "Q2",
    "revenue": 4420800000,
    "costOfRevenue": 2851700000,
    "grossProfit": 1569100000,
    "grossProfitRatio": 0.3549357582,
    "researchAndDevelopmentExpenses": 0,
    "generalAndAdministrativeExpenses": 0,
    "sellingAndMarketingExpenses": 0,
    "sellingGeneralAndAdministrativeExpenses": 759000000,
    "otherExpenses": -1100000,
    "operatingExpenses": 757900000,
    "costAndExpenses": 3609600000,
    "interestIncome": 0,
    "interestExpense": 119800000,
    "depreciationAndAmortization": 153600000,
    "ebitda": 963700000,
    "ebitdaratio": 0.2179922186,
    "operatingIncome": 811200000,
    "operatingIncomeRatio": 0.1834961998,
    "totalOtherIncomeExpensesNet": -64300000,
    "incomeBeforeTax": 746900000,
    "incomeBeforeTaxRatio": 0.168951321,
    "incomeTaxExpense": 155500000,
    "netIncome": 580800000,
    "netIncomeRatio": 0.1313789359,
    "eps": 0.96,
    "epsdiluted": 0.95,
    "weightedAverageShsOut": 607400000,
    "weightedAverageShsOutDil": 612300000,
    "link": "https://www.sec.gov/Archives/edgar/data/40704/000119312519317557/0001193125-19-317557-index.htm",
    "finalLink": "https://www.sec.gov/Archives/edgar/data/40704/000119312519317557/d852246d10q.htm"
  },
  {
    "date": "2019-08-25",
    "symbol": "GIS",
    "reportedCurrency": "USD",
    "cik": "0000040704",
    "fillingDate": "2019-09-18",
    "acceptedDate": "2019-09-18 16:09:18",
    "calendarYear": "2020",
    "period": "Q1",
    "revenue": 4002500000,
    "costOfRevenue": 2613000000,
    "grossProfit": 1389500000,
    "grossProfitRatio": 0.3471580262,
    "researchAndDevelopmentExpenses": 0,
    "generalAndAdministrativeExpenses": 0,
    "sellingAndMarketingExpenses": 0,
    "sellingGeneralAndAdministrativeExpenses": 718900000,
    "otherExpenses": 8200000,
    "operatingExpenses": 727100000,
    "costAndExpenses": 3340100000,
    "interestIncome": 0,
    "interestExpense": 118100000,
    "depreciationAndAmortization": 154100000,
    "ebitda": 824700000,
    "ebitdaratio": 0.2060462211,
    "operatingIncome": 662400000,
    "operatingIncomeRatio": 0.1654965646,
    "totalOtherIncomeExpensesNet": -66700000,
    "incomeBeforeTax": 595700000,
    "incomeBeforeTaxRatio": 0.14883198,
    "incomeTaxExpense": 67200000,
    "netIncome": 520600000,
    "netIncomeRatio": 0.1300687071,
    "eps": 0.86,
    "epsdiluted": 0.85,
    "weightedAverageShsOut": 606000000,
    "weightedAverageShsOutDil": 611500000,
    "link": "https://www.sec.gov/Archives/edgar/data/40704/000119312519248132/0001193125-19-248132-index.htm",
    "finalLink": "https://www.sec.gov/Archives/edgar/data/40704/000119312519248132/d798877d10q.htm"
  },
  {
    "date": "2019-05-26",
    "symbol": "GIS",
    "reportedCurrency": "USD",
    "cik": "0000040704",
    "fillingDate": "2019-06-28",
    "acceptedDate": "2019-06-27 20:12:37",
    "calendarYear": "2019",
    "period": "Q4",
    "revenue": 4161700000,
    "costOfRevenue": 2700400000,
    "grossProfit": 1461300000,
    "grossProfitRatio": 0.3511305476,
    "researchAndDevelopmentExpenses": 0,
    "generalAndAdministrativeExpenses": 117000000,
    "sellingAndMarketingExpenses": 601600000,
    "sellingGeneralAndAdministrativeExpenses": 718600000,
    "otherExpenses": 26600000,
    "operatingExpenses": 745200000,
    "costAndExpenses": 3445600000,
    "interestIncome": 0,
    "interestExpense": 124800000,
    "depreciationAndAmortization": 155500000,
    "ebitda": 662000000,
    "ebitdaratio": 0.159069611,
    "operatingIncome": 716100000,
    "operatingIncomeRatio": 0.1720691064,
    "totalOtherIncomeExpensesNet": -80200000,
    "incomeBeforeTax": 635900000,
    "incomeBeforeTaxRatio": 0.1527981354,
    "incomeTaxExpense": 54700000,
    "netIncome": 570200000,
    "netIncomeRatio": 0.1370113175,
    "eps": 0.95,
    "epsdiluted": 0.94,
    "weightedAverageShsOut": 603700000,
    "weightedAverageShsOutDil": 609300000,
    "link": "https://www.sec.gov/Archives/edgar/data/40704/000119312519184675/0001193125-19-184675-index.htm",
    "finalLink": "https://www.sec.gov/Archives/edgar/data/40704/000119312519184675/d725716d10k.htm"
  },
  {
    "date": "2019-02-24",
    "symbol": "GIS",
    "reportedCurrency": "USD",
    "cik": "0000040704",
    "fillingDate": "2019-03-20",
    "acceptedDate": "2019-03-20 17:19:25",
    "calendarYear": "2019",
    "period": "Q3",
    "revenue": 4198300000,
    "costOfRevenue": 2755300000,
    "grossProfit": 1443000000,
    "grossProfitRatio": 0.3437105495,
    "researchAndDevelopmentExpenses": 0,
    "generalAndAdministrativeExpenses": 0,
    "sellingAndMarketingExpenses": 0,
    "sellingGeneralAndAdministrativeExpenses": 696600000,
    "otherExpenses": 95100000,
    "operatingExpenses": 791700000,
    "costAndExpenses": 3547000000,
    "interestIncome": 0,
    "interestExpense": 130800000,
    "depreciationAndAmortization": 154500000,
    "ebitda": 900900000,
    "ebitdaratio": 0.2145868566,
    "operatingIncome": 651300000,
    "operatingIncomeRatio": 0.155134221,
    "totalOtherIncomeExpensesNet": -97600000,
    "incomeBeforeTax": 553700000,
    "incomeBeforeTaxRatio": 0.1318867161,
    "incomeTaxExpense": 95800000,
    "netIncome": 446800000,
    "netIncomeRatio": 0.1064240288,
    "eps": 0.74,
    "epsdiluted": 0.74,
    "weightedAverageShsOut": 600400000,
    "weightedAverageShsOutDil": 604500000,
    "link": "https://www.sec.gov/Archives/edgar/data/40704/000119312519080962/0001193125-19-080962-index.htm",
    "finalLink": "https://www.sec.gov/Archives/edgar/data/40704/000119312519080962/d725914d10q.htm"
  },
  {
    "date": "2018-11-25",
    "symbol": "GIS",
    "reportedCurrency": "USD",
    "cik": "0000040704",
    "fillingDate": "2018-12-19",
    "acceptedDate": "2018-12-19 16:21:23",
    "calendarYear": "2019",
    "period": "Q2",
    "revenue": 4411200000,
    "costOfRevenue": 2901500000,
    "grossProfit": 1509700000,
    "grossProfitRatio": 0.3422424737,
    "researchAndDevelopmentExpenses": 0,
    "generalAndAdministrativeExpenses": 0,
    "sellingAndMarketingExpenses": 0,
    "sellingGeneralAndAdministrativeExpenses": 753300000,
    "otherExpenses": 209400000,
    "operatingExpenses": 962700000,
    "costAndExpenses": 3864200000,
    "interestIncome": 0,
    "interestExpense": 132699999,
    "depreciationAndAmortization": 154900000,
    "ebitda": 911300000,
    "ebitdaratio": 0.2065877766,
    "operatingIncome": 547000000,
    "operatingIncomeRatio": 0.124002539,
    "totalOtherIncomeExpensesNet": -89200000,
    "incomeBeforeTax": 457800000,
    "incomeBeforeTaxRatio": 0.103781284,
    "incomeTaxExpense": 106600000,
    "netIncome": 343400000,
    "netIncomeRatio": 0.0778472978,
    "eps": 0.57,
    "epsdiluted": 0.57,
    "weightedAverageShsOut": 599400000,
    "weightedAverageShsOutDil": 604500000,
    "link": "https://www.sec.gov/Archives/edgar/data/40704/000119312518353281/0001193125-18-353281-index.htm",
    "finalLink": "https://www.sec.gov/Archives/edgar/data/40704/000119312518353281/d676726d10q.htm"
  },
  {
    "date": "2018-08-26",
    "symbol": "GIS",
    "reportedCurrency": "USD",
    "cik": "0000040704",
    "fillingDate": "2018-09-18",
    "acceptedDate": "2018-09-18 16:47:27",
    "calendarYear": "2019",
    "period": "Q1",
    "revenue": 4094000000,
    "costOfRevenue": 2751200000,
    "grossProfit": 1342800000,
    "grossProfitRatio": 0.3279921837,
    "researchAndDevelopmentExpenses": 0,
    "generalAndAdministrativeExpenses": 0,
    "sellingAndMarketingExpenses": 0,
    "sellingGeneralAndAdministrativeExpenses": 742700000,
    "otherExpenses": -1400000,
    "operatingExpenses": 741300000,
    "costAndExpenses": 3492500000,
    "interestIncome": 0,
    "interestExpense": 130900000,
    "depreciationAndAmortization": 155200000,
    "ebitda": 755300000,
    "ebitdaratio": 0.1844894968,
    "operatingIncome": 601500000,
    "operatingIncomeRatio": 0.1469223254,
    "totalOtherIncomeExpensesNet": -94900000,
    "incomeBeforeTax": 506600000,
    "incomeBeforeTaxRatio": 0.1237420616,
    "incomeTaxExpense": 110700000,
    "netIncome": 392300000,
    "netIncomeRatio": 0.0958231558,
    "eps": 0.66,
    "epsdiluted": 0.65,
    "weightedAverageShsOut": 598000000,
    "weightedAverageShsOutDil": 603300000,
    "link": "https://www.sec.gov/Archives/edgar/data/40704/000119312518276507/0001193125-18-276507-index.htm",
    "finalLink": "https://www.sec.gov/Archives/edgar/data/40704/000119312518276507/d626825d10q.htm"
  },
  {
    "date": "2018-05-27",
    "symbol": "GIS",
    "reportedCurrency": "USD",
    "cik": "0000040704",
    "fillingDate": "2018-06-29",
    "acceptedDate": "2018-06-29 14:27:14",
    "calendarYear": "2018",
    "period": "Q4",
    "revenue": 3890200000,
    "costOfRevenue": 2471100000,
    "grossProfit": 1419100000,
    "grossProfitRatio": 0.3647884428,
    "researchAndDevelopmentExpenses": 0,
    "generalAndAdministrativeExpenses": 0,
    "sellingAndMarketingExpenses": 0,
    "sellingGeneralAndAdministrativeExpenses": 706800000,
    "otherExpenses": 151300000,
    "operatingExpenses": 858100000,
    "costAndExpenses": 3329200000,
    "interestIncome": 0,
    "interestExpense": 137100000,
    "depreciationAndAmortization": 184100000,
    "ebitda": 742500000,
    "ebitdaratio": 0.1908642229,
    "operatingIncome": 561000000,
    "operatingIncomeRatio": 0.144208524,
    "totalOtherIncomeExpensesNet": -137100000,
    "incomeBeforeTax": 444500000,
    "incomeBeforeTaxRatio": 0.1142614776,
    "incomeTaxExpense": 86400000,
    "netIncome": 354400000,
    "netIncomeRatio": 0.0911007146,
    "eps": 0.59,
    "epsdiluted": 0.59,
    "weightedAverageShsOut": 587100000,
    "weightedAverageShsOutDil": 593500000,
    "link": "https://www.sec.gov/Archives/edgar/data/40704/000119312518209377/0001193125-18-209377-index.htm",
    "finalLink": "https://www.sec.gov/Archives/edgar/data/40704/000119312518209377/d564680d10k.htm"
  },
  {
    "date": "2018-02-25",
    "symbol": "GIS",
    "reportedCurrency": "USD",
    "cik": "0000040704",
    "fillingDate": "2018-03-21",
    "acceptedDate": "2018-03-21 17:17:17",
    "calendarYear": "2018",
    "period": "Q3",
    "revenue": 3882300000,
    "costOfRevenue": 2625800000,
    "grossProfit": 1256500000,
    "grossProfitRatio": 0.3236483528,
    "researchAndDevelopmentExpenses": 0,
    "generalAndAdministrativeExpenses": 0,
    "sellingAndMarketingExpenses": 0,
    "sellingGeneralAndAdministrativeExpenses": 679500000,
    "otherExpenses": 7500000,
    "operatingExpenses": 687000000,
    "costAndExpenses": 3312800000,
    "interestIncome": 0,
    "interestExpense": 89300000,
    "depreciationAndAmortization": 143900000,
    "ebitda": 720900000,
    "ebitdaratio": 0.1856888958,
    "operatingIncome": 569500000,
    "operatingIncomeRatio": 0.1466913943,
    "totalOtherIncomeExpensesNet": -49500000,
    "incomeBeforeTax": 520000000,
    "incomeBeforeTaxRatio": 0.1339412204,
    "incomeTaxExpense": -432500000,
    "netIncome": 941400000,
    "netIncomeRatio": 0.2424851248,
    "eps": 1.64,
    "epsdiluted": 1.62,
    "weightedAverageShsOut": 572500000,
    "weightedAverageShsOutDil": 582700000,
    "link": "https://www.sec.gov/Archives/edgar/data/40704/000119312518090832/0001193125-18-090832-index.htm",
    "finalLink": "https://www.sec.gov/Archives/edgar/data/40704/000119312518090832/d428439d10q.htm"
  },
  {
    "date": "2017-11-26",
    "symbol": "GIS",
    "reportedCurrency": "USD",
    "cik": "0000040704",
    "fillingDate": "2017-12-20",
    "acceptedDate": "2017-12-20 14:41:05",
    "calendarYear": "2018",
    "period": "Q2",
    "revenue": 4198700000,
    "costOfRevenue": 2752500000,
    "grossProfit": 1446200000,
    "grossProfitRatio": 0.3444399457,
    "researchAndDevelopmentExpenses": 0,
    "generalAndAdministrativeExpenses": 0,
    "sellingAndMarketingExpenses": 0,
    "sellingGeneralAndAdministrativeExpenses": 735600000,
    "otherExpenses": 1600000,
    "operatingExpenses": 737200000,
    "costAndExpenses": 3489700000,
    "interestIncome": 0,
    "interestExpense": 74900000,
    "depreciationAndAmortization": 145700000,
    "ebitda": 856300000,
    "ebitdaratio": 0.2039440779,
    "operatingIncome": 709000000,
    "operatingIncomeRatio": 0.1688617906,
    "totalOtherIncomeExpensesNet": -30300000,
    "incomeBeforeTax": 678700000,
    "incomeBeforeTaxRatio": 0.1616452712,
    "incomeTaxExpense": 234900000,
    "netIncome": 430500000,
    "netIncomeRatio": 0.102531736,
    "eps": 0.75,
    "epsdiluted": 0.74,
    "weightedAverageShsOut": 571300000,
    "weightedAverageShsOutDil": 580300000,
    "link": "https://www.sec.gov/Archives/edgar/data/40704/000119312517374688/0001193125-17-374688-index.htm",
    "finalLink": "https://www.sec.gov/Archives/edgar/data/40704/000119312517374688/d466309d10q.htm"
  },
  {
    "date": "2017-08-27",
    "symbol": "GIS",
    "reportedCurrency": "USD",
    "cik": "0000040704",
    "fillingDate": "2017-09-20",
    "acceptedDate": "2017-09-20 16:15:23",
    "calendarYear": "2018",
    "period": "Q1",
    "revenue": 3769200000,
    "costOfRevenue": 2455900000,
    "grossProfit": 1313300000,
    "grossProfitRatio": 0.3484293749,
    "researchAndDevelopmentExpenses": 0,
    "generalAndAdministrativeExpenses": 0,
    "sellingAndMarketingExpenses": 0,
    "sellingGeneralAndAdministrativeExpenses": 702800000,
    "otherExpenses": 5200000,
    "operatingExpenses": 708000000,
    "costAndExpenses": 3163900000,
    "interestIncome": 0,
    "interestExpense": 72400000,
    "depreciationAndAmortization": 145100000,
    "ebitda": 755600000,
    "ebitdaratio": 0.2004669426,
    "operatingIncome": 605300000,
    "operatingIncomeRatio": 0.1605911069,
    "totalOtherIncomeExpensesNet": -28200000,
    "incomeBeforeTax": 577100000,
    "incomeBeforeTaxRatio": 0.1531094131,
    "incomeTaxExpense": 168500000,
    "netIncome": 404700000,
    "netIncomeRatio": 0.1073702642,
    "eps": 0.7,
    "epsdiluted": 0.69,
    "weightedAverageShsOut": 576500000,
    "weightedAverageShsOutDil": 586900000,
    "link": "https://www.sec.gov/Archives/edgar/data/40704/000119312517289410/0001193125-17-289410-index.htm",
    "finalLink": "https://www.sec.gov/Archives/edgar/data/40704/000119312517289410/d450967d10q.htm"
  },
  {
    "date": "2017-05-28",
    "symbol": "GIS",
    "reportedCurrency": "USD",
    "cik": "0000040704",
    "fillingDate": "2017-06-29",
    "acceptedDate": "2017-06-29 07:18:57",
    "calendarYear": "2017",
    "period": "Q4",
    "revenue": 3806600000,
    "costOfRevenue": 2486900000,
    "grossProfit": 1319700000,
    "grossProfitRatio": 0.3466873325,
    "researchAndDevelopmentExpenses": 0,
    "generalAndAdministrativeExpenses": 0,
    "sellingAndMarketingExpenses": 0,
    "sellingGeneralAndAdministrativeExpenses": 693400000,
    "otherExpenses": 17100000,
    "operatingExpenses": 710500000,
    "costAndExpenses": 3197400000,
    "interestIncome": 0,
    "interestExpense": 69300000,
    "depreciationAndAmortization": 155300000,
    "ebitda": 592500000,
    "ebitdaratio": 0.1556507119,
    "operatingIncome": 609200000,
    "operatingIncomeRatio": 0.160037829,
    "totalOtherIncomeExpensesNet": -49400000,
    "incomeBeforeTax": 559800000,
    "incomeBeforeTaxRatio": 0.1470603688,
    "incomeTaxExpense": 144200000,
    "netIncome": 408900000,
    "netIncomeRatio": 0.1074186938,
    "eps": 0.7,
    "epsdiluted": 0.69,
    "weightedAverageShsOut": 579000000,
    "weightedAverageShsOutDil": 588900000,
    "link": "https://www.sec.gov/Archives/edgar/data/40704/000119312517217396/0001193125-17-217396-index.htm",
    "finalLink": "https://www.sec.gov/Archives/edgar/data/40704/000119312517217396/d363051d10k.htm"
  },
  {
    "date": "2017-02-26",
    "symbol": "GIS",
    "reportedCurrency": "USD",
    "cik": "0000040704",
    "fillingDate": "2017-03-21",
    "acceptedDate": "2017-03-21 17:11:21",
    "calendarYear": "2017",
    "period": "Q3",
    "revenue": 3793200000,
    "costOfRevenue": 2485500000,
    "grossProfit": 1307700000,
    "grossProfitRatio": 0.3447484973,
    "researchAndDevelopmentExpenses": 0,
    "generalAndAdministrativeExpenses": 0,
    "sellingAndMarketingExpenses": 0,
    "sellingGeneralAndAdministrativeExpenses": 687600000,
    "otherExpenses": 77600000,
    "operatingExpenses": 765200000,
    "costAndExpenses": 3250700000,
    "interestIncome": 0,
    "interestExpense": 76400000,
    "depreciationAndAmortization": 147200000,
    "ebitda": 767300000,
    "ebitdaratio": 0.2022830328,
    "operatingIncome": 542500000,
    "operatingIncomeRatio": 0.1430190868,
    "totalOtherIncomeExpensesNet": -65300000,
    "incomeBeforeTax": 477200000,
    "incomeBeforeTaxRatio": 0.1258040704,
    "incomeTaxExpense": 107000000,
    "netIncome": 357800000,
    "netIncomeRatio": 0.0943266899,
    "eps": 0.62,
    "epsdiluted": 0.61,
    "weightedAverageShsOut": 580700000,
    "weightedAverageShsOutDil": 591400000,
    "link": "https://www.sec.gov/Archives/edgar/data/40704/000119312517090879/0001193125-17-090879-index.htm",
    "finalLink": "https://www.sec.gov/Archives/edgar/data/40704/000119312517090879/d334728d10q.htm"
  },
  {
    "date": "2016-11-27",
    "symbol": "GIS",
    "reportedCurrency": "USD",
    "cik": "0000040704",
    "fillingDate": "2016-12-20",
    "acceptedDate": "2016-12-20 16:39:55",
    "calendarYear": "2017",
    "period": "Q2",
    "revenue": 4112100000,
    "costOfRevenue": 2592600000,
    "grossProfit": 1519500000,
    "grossProfitRatio": 0.3695192238,
    "researchAndDevelopmentExpenses": 0,
    "generalAndAdministrativeExpenses": 0,
    "sellingAndMarketingExpenses": 0,
    "sellingGeneralAndAdministrativeExpenses": 708100000,
    "otherExpenses": 42500000,
    "operatingExpenses": 750600000,
    "costAndExpenses": 3343200000,
    "interestIncome": 0,
    "interestExpense": 75500000,
    "depreciationAndAmortization": 148600000,
    "ebitda": 960000000,
    "ebitdaratio": 0.2334573576,
    "operatingIncome": 768900000,
    "operatingIncomeRatio": 0.1869847523,
    "totalOtherIncomeExpensesNet": -45700000,
    "incomeBeforeTax": 723200000,
    "incomeBeforeTaxRatio": 0.1758712094,
    "incomeTaxExpense": 227400000,
    "netIncome": 481800000,
    "netIncomeRatio": 0.1171664113,
    "eps": 0.82,
    "epsdiluted": 0.8,
    "weightedAverageShsOut": 588800000,
    "weightedAverageShsOutDil": 599700000,
    "link": "https://www.sec.gov/Archives/edgar/data/40704/000119312516798939/0001193125-16-798939-index.htm",
    "finalLink": "https://www.sec.gov/Archives/edgar/data/40704/000119312516798939/d310172d10q.htm"
  },
  {
    "date": "2016-08-28",
    "symbol": "GIS",
    "reportedCurrency": "USD",
    "cik": "0000040704",
    "fillingDate": "2016-09-21",
    "acceptedDate": "2016-09-21 16:37:14",
    "calendarYear": "2017",
    "period": "Q1",
    "revenue": 3907900000,
    "costOfRevenue": 2491000000,
    "grossProfit": 1416900000,
    "grossProfitRatio": 0.3625732491,
    "researchAndDevelopmentExpenses": 0,
    "generalAndAdministrativeExpenses": 0,
    "sellingAndMarketingExpenses": 0,
    "sellingGeneralAndAdministrativeExpenses": 712200000,
    "otherExpenses": 58900000,
    "operatingExpenses": 771100000,
    "costAndExpenses": 3262100000,
    "interestIncome": 0,
    "interestExpense": 73900000,
    "depreciationAndAmortization": 152500000,
    "ebitda": 857200000,
    "ebitdaratio": 0.2193505463,
    "operatingIncome": 645800000,
    "operatingIncomeRatio": 0.1652549963,
    "totalOtherIncomeExpensesNet": -49700000,
    "incomeBeforeTax": 596100000,
    "incomeBeforeTaxRatio": 0.1525371683,
    "incomeTaxExpense": 176600000,
    "netIncome": 409000000,
    "netIncomeRatio": 0.1046597917,
    "eps": 0.68,
    "epsdiluted": 0.67,
    "weightedAverageShsOut": 600000000,
    "weightedAverageShsOutDil": 612400000,
    "link": "https://www.sec.gov/Archives/edgar/data/40704/000119312516716004/0001193125-16-716004-index.htm",
    "finalLink": "https://www.sec.gov/Archives/edgar/data/40704/000119312516716004/d260815d10q.htm"
  },
  {
    "date": "2016-05-29",
    "symbol": "GIS",
    "reportedCurrency": "USD",
    "cik": "0000040704",
    "fillingDate": "2016-06-30",
    "acceptedDate": "2016-06-30 17:01:08",
    "calendarYear": "2016",
    "period": "Q4",
    "revenue": 3927900000,
    "costOfRevenue": 2551100000,
    "grossProfit": 1376800000,
    "grossProfitRatio": 0.3505180885,
    "researchAndDevelopmentExpenses": 0,
    "generalAndAdministrativeExpenses": 0,
    "sellingAndMarketingExpenses": 0,
    "sellingGeneralAndAdministrativeExpenses": 779200000,
    "otherExpenses": 65500000,
    "operatingExpenses": 844700000,
    "costAndExpenses": 3395800000,
    "interestIncome": 0,
    "interestExpense": 0,
    "depreciationAndAmortization": 166900000,
    "ebitda": 769400000,
    "ebitdaratio": 0.1958807505,
    "operatingIncome": 532100000,
    "operatingIncomeRatio": 0.1354667889,
    "totalOtherIncomeExpensesNet": -54200000,
    "incomeBeforeTax": 477900000,
    "incomeBeforeTaxRatio": 0.1216680669,
    "incomeTaxExpense": 87500000,
    "netIncome": 379600000,
    "netIncomeRatio": 0.0966419715,
    "eps": 0.63,
    "epsdiluted": 0.62,
    "weightedAverageShsOut": 598900000,
    "weightedAverageShsOutDil": 611900000,
    "link": "https://www.sec.gov/Archives/edgar/data/40704/000119312516638404/0001193125-16-638404-index.htm",
    "finalLink": "https://www.sec.gov/Archives/edgar/data/40704/000119312516638404/d221637d10k.htm"
  },
  {
    "date": "2016-02-28",
    "symbol": "GIS",
    "reportedCurrency": "USD",
    "cik": "0000040704",
    "fillingDate": "2016-03-23",
    "acceptedDate": "2016-03-23 16:39:14",
    "calendarYear": "2016",
    "period": "Q3",
    "revenue": 4002400000,
    "costOfRevenue": 2644900000,
    "grossProfit": 1357500000,
    "grossProfitRatio": 0.3391714971,
    "researchAndDevelopmentExpenses": 0,
    "generalAndAdministrativeExpenses": 0,
    "sellingAndMarketingExpenses": 0,
    "sellingGeneralAndAdministrativeExpenses": 755800000,
    "otherExpenses": 15400000,
    "operatingExpenses": 771200000,
    "costAndExpenses": 3416100000,
    "interestIncome": 0,
    "interestExpense": 0,
    "depreciationAndAmortization": 148700000,
    "ebitda": 750400000,
    "ebitdaratio": 0.1874875075,
    "operatingIncome": 586300000,
    "operatingIncomeRatio": 0.1464871077,
    "totalOtherIncomeExpensesNet": -61000000,
    "incomeBeforeTax": 525299999,
    "incomeBeforeTaxRatio": 0.131246252,
    "incomeTaxExpense": 157600000,
    "netIncome": 361700000,
    "netIncomeRatio": 0.0903707775,
    "eps": 0.61,
    "epsdiluted": 0.59,
    "weightedAverageShsOut": 595600000,
    "weightedAverageShsOutDil": 608500000,
    "link": "https://www.sec.gov/Archives/edgar/data/40704/000119312516515116/0001193125-16-515116-index.htm",
    "finalLink": "https://www.sec.gov/Archives/edgar/data/40704/000119312516515116/d149181d10q.htm"
  },
  {
    "date": "2015-11-29",
    "symbol": "GIS",
    "reportedCurrency": "USD",
    "cik": "0000040704",
    "fillingDate": "2015-12-17",
    "acceptedDate": "2015-12-17 16:59:49",
    "calendarYear": "2016",
    "period": "Q2",
    "revenue": 4424900000,
    "costOfRevenue": 2884300000,
    "grossProfit": 1540600000,
    "grossProfitRatio": 0.3481660602,
    "researchAndDevelopmentExpenses": 0,
    "generalAndAdministrativeExpenses": 0,
    "sellingAndMarketingExpenses": 0,
    "sellingGeneralAndAdministrativeExpenses": 772700000,
    "otherExpenses": -137800000,
    "operatingExpenses": 634900000,
    "costAndExpenses": 3519200000,
    "interestIncome": 0,
    "interestExpense": 0,
    "depreciationAndAmortization": 148600000,
    "ebitda": 916500000,
    "ebitdaratio": 0.2071233248,
    "operatingIncome": 905700000,
    "operatingIncomeRatio": 0.2046825917,
    "totalOtherIncomeExpensesNet": -50600000,
    "incomeBeforeTax": 855100000,
    "incomeBeforeTaxRatio": 0.193247305,
    "incomeTaxExpense": 311500000,
    "netIncome": 529500000,
    "netIncomeRatio": 0.1196637212,
    "eps": 0.88,
    "epsdiluted": 0.87,
    "weightedAverageShsOut": 599400000,
    "weightedAverageShsOutDil": 612400000,
    "link": "https://www.sec.gov/Archives/edgar/data/40704/000119312515406352/0001193125-15-406352-index.htm",
    "finalLink": "https://www.sec.gov/Archives/edgar/data/40704/000119312515406352/d107084d10q.htm"
  },
  {
    "date": "2015-08-30",
    "symbol": "GIS",
    "reportedCurrency": "USD",
    "cik": "0000040704",
    "fillingDate": "2015-09-23",
    "acceptedDate": "2015-09-23 12:38:22",
    "calendarYear": "2016",
    "period": "Q1",
    "revenue": 4207900000,
    "costOfRevenue": 2653300000,
    "grossProfit": 1554600000,
    "grossProfitRatio": 0.3694479432,
    "researchAndDevelopmentExpenses": 0,
    "generalAndAdministrativeExpenses": 0,
    "sellingAndMarketingExpenses": 0,
    "sellingGeneralAndAdministrativeExpenses": 811200000,
    "otherExpenses": 60100000,
    "operatingExpenses": 871300000,
    "costAndExpenses": 3524600000,
    "interestIncome": 0,
    "interestExpense": 0,
    "depreciationAndAmortization": 143900000,
    "ebitda": 887300000,
    "ebitdaratio": 0.2108652772,
    "operatingIncome": 683300000,
    "operatingIncomeRatio": 0.1623850377,
    "totalOtherIncomeExpensesNet": -49600000,
    "incomeBeforeTax": 633700000,
    "incomeBeforeTaxRatio": 0.1505976853,
    "incomeTaxExpense": 198600000,
    "netIncome": 426600000,
    "netIncomeRatio": 0.1013807362,
    "eps": 0.71,
    "epsdiluted": 0.69,
    "weightedAverageShsOut": 601700000,
    "weightedAverageShsOutDil": 615500000,
    "link": "https://www.sec.gov/Archives/edgar/data/40704/000119312515326176/0001193125-15-326176-index.htm",
    "finalLink": "https://www.sec.gov/Archives/edgar/data/40704/000119312515326176/d60830d10q.htm"
  },
  {
    "date": "2015-05-31",
    "symbol": "GIS",
    "reportedCurrency": "USD",
    "cik": "0000040704",
    "fillingDate": "2015-07-06",
    "acceptedDate": "2015-07-06 15:25:51",
    "calendarYear": "2015",
    "period": "Q4",
    "revenue": 4298800000,
    "costOfRevenue": 2783300000,
    "grossProfit": 1515500000,
    "grossProfitRatio": 0.3525402438,
    "researchAndDevelopmentExpenses": 0,
    "generalAndAdministrativeExpenses": 0,
    "sellingAndMarketingExpenses": 0,
    "sellingGeneralAndAdministrativeExpenses": 825900000,
    "otherExpenses": 266000000,
    "operatingExpenses": 1091900000,
    "costAndExpenses": 3875200000,
    "interestIncome": 0,
    "interestExpense": 0,
    "depreciationAndAmortization": 144600000,
    "ebitda": 303500000,
    "ebitdaratio": 0.070601098,
    "operatingIncome": 423600000,
    "operatingIncomeRatio": 0.0985391272,
    "totalOtherIncomeExpensesNet": -61500000,
    "incomeBeforeTax": 362100000,
    "incomeBeforeTaxRatio": 0.0842328092,
    "incomeTaxExpense": 164300000,
    "netIncome": 186800000,
    "netIncomeRatio": 0.0434539872,
    "eps": 0.31,
    "epsdiluted": 0.3,
    "weightedAverageShsOut": 628600000,
    "weightedAverageShsOutDil": 645700000,
    "link": "https://www.sec.gov/Archives/edgar/data/40704/000119312515245476/0001193125-15-245476-index.htm",
    "finalLink": "https://www.sec.gov/Archives/edgar/data/40704/000119312515245476/d947722d10k.htm"
  },
  {
    "date": "2015-02-22",
    "symbol": "GIS",
    "reportedCurrency": "USD",
    "cik": "0000040704",
    "fillingDate": "2015-03-18",
    "acceptedDate": "2015-03-18 16:19:28",
    "calendarYear": "2015",
    "period": "Q3",
    "revenue": 4350900000,
    "costOfRevenue": 2975000000,
    "grossProfit": 1375900000,
    "grossProfitRatio": 0.316233423,
    "researchAndDevelopmentExpenses": 0,
    "generalAndAdministrativeExpenses": 0,
    "sellingAndMarketingExpenses": 0,
    "sellingGeneralAndAdministrativeExpenses": 789400000,
    "otherExpenses": 49300000,
    "operatingExpenses": 838700000,
    "costAndExpenses": 3813700000,
    "interestIncome": 0,
    "interestExpense": 0,
    "depreciationAndAmortization": 153300000,
    "ebitda": 739800000,
    "ebitdaratio": 0.1700337861,
    "operatingIncome": 537200000,
    "operatingIncomeRatio": 0.1234687076,
    "totalOtherIncomeExpensesNet": -66900000,
    "incomeBeforeTax": 470300000,
    "incomeBeforeTaxRatio": 0.1080925785,
    "incomeTaxExpense": 116500000,
    "netIncome": 343200000,
    "netIncomeRatio": 0.0788802317,
    "eps": 0.57,
    "epsdiluted": 0.56,
    "weightedAverageShsOut": 598200000,
    "weightedAverageShsOutDil": 613800000,
    "link": "https://www.sec.gov/Archives/edgar/data/40704/000119312515096983/0001193125-15-096983-index.htm",
    "finalLink": "https://www.sec.gov/Archives/edgar/data/40704/000119312515096983/d892377d10q.htm"
  },
  {
    "date": "2014-11-23",
    "symbol": "GIS",
    "reportedCurrency": "USD",
    "cik": "0000040704",
    "fillingDate": "2014-12-17",
    "acceptedDate": "2014-12-17 16:25:38",
    "calendarYear": "2015",
    "period": "Q2",
    "revenue": 4712200000,
    "costOfRevenue": 3093100000,
    "grossProfit": 1619100000,
    "grossProfitRatio": 0.3435974704,
    "researchAndDevelopmentExpenses": 0,
    "generalAndAdministrativeExpenses": 0,
    "sellingAndMarketingExpenses": 0,
    "sellingGeneralAndAdministrativeExpenses": 845500000,
    "otherExpenses": 214600000,
    "operatingExpenses": 1060100000,
    "costAndExpenses": 4153200000,
    "interestIncome": 0,
    "interestExpense": 0,
    "depreciationAndAmortization": 140100000,
    "ebitda": 913700000,
    "ebitdaratio": 0.193900938,
    "operatingIncome": 559000000,
    "operatingIncomeRatio": 0.1186282416,
    "totalOtherIncomeExpensesNet": -50200000,
    "incomeBeforeTax": 508800000,
    "incomeBeforeTaxRatio": 0.1079750435,
    "incomeTaxExpense": 153400000,
    "netIncome": 346100000,
    "netIncomeRatio": 0.0734476465,
    "eps": 0.58,
    "epsdiluted": 0.56,
    "weightedAverageShsOut": 602600000,
    "weightedAverageShsOutDil": 618400000,
    "link": "https://www.sec.gov/Archives/edgar/data/40704/000119312514445397/0001193125-14-445397-index.htm",
    "finalLink": "https://www.sec.gov/Archives/edgar/data/40704/000119312514445397/d838973d10q.htm"
  },
  {
    "date": "2014-08-24",
    "symbol": "GIS",
    "reportedCurrency": "USD",
    "cik": "0000040704",
    "fillingDate": "2014-09-18",
    "acceptedDate": "2014-09-18 17:27:07",
    "calendarYear": "2015",
    "period": "Q1",
    "revenue": 4268400000,
    "costOfRevenue": 2829700000,
    "grossProfit": 1438700000,
    "grossProfitRatio": 0.3370583825,
    "researchAndDevelopmentExpenses": 0,
    "generalAndAdministrativeExpenses": 0,
    "sellingAndMarketingExpenses": 0,
    "sellingGeneralAndAdministrativeExpenses": 867200000,
    "otherExpenses": 14000000,
    "operatingExpenses": 881200000,
    "costAndExpenses": 3710900000,
    "interestIncome": 0,
    "interestExpense": 0,
    "depreciationAndAmortization": 150300000,
    "ebitda": 721800000,
    "ebitdaratio": 0.1691031768,
    "operatingIncome": 557500000,
    "operatingIncomeRatio": 0.1306110018,
    "totalOtherIncomeExpensesNet": -52500000,
    "incomeBeforeTax": 505000000,
    "incomeBeforeTaxRatio": 0.118311311,
    "incomeTaxExpense": 152600000,
    "netIncome": 345200000,
    "netIncomeRatio": 0.0808733952,
    "eps": 0.56,
    "epsdiluted": 0.55,
    "weightedAverageShsOut": 612600000,
    "weightedAverageShsOutDil": 629100000,
    "link": "https://www.sec.gov/Archives/edgar/data/40704/000119312514345796/0001193125-14-345796-index.htm",
    "finalLink": "https://www.sec.gov/Archives/edgar/data/40704/000119312514345796/d791256d10q.htm"
  },
  {
    "date": "2014-05-25",
    "symbol": "GIS",
    "reportedCurrency": "USD",
    "cik": "0000040704",
    "fillingDate": "2014-07-03",
    "acceptedDate": "2014-07-03 15:00:07",
    "calendarYear": "2014",
    "period": "Q4",
    "revenue": 4283800000,
    "costOfRevenue": 2801400000,
    "grossProfit": 1482400000,
    "grossProfitRatio": 0.3460479014,
    "researchAndDevelopmentExpenses": 0,
    "generalAndAdministrativeExpenses": 0,
    "sellingAndMarketingExpenses": 0,
    "sellingGeneralAndAdministrativeExpenses": 865900000,
    "otherExpenses": -65400000,
    "operatingExpenses": 800500000,
    "costAndExpenses": 3601900000,
    "interestIncome": 0,
    "interestExpense": 0,
    "depreciationAndAmortization": 143300000,
    "ebitda": 837800000,
    "ebitdaratio": 0.1955740231,
    "operatingIncome": 681900000,
    "operatingIncomeRatio": 0.1591811009,
    "totalOtherIncomeExpensesNet": -62800000,
    "incomeBeforeTax": 619100000,
    "incomeBeforeTaxRatio": 0.1445212195,
    "incomeTaxExpense": 203700000,
    "netIncome": 404600000,
    "netIncomeRatio": 0.0944488538,
    "eps": 0.66,
    "epsdiluted": 0.65,
    "weightedAverageShsOut": 614800000,
    "weightedAverageShsOutDil": 632200000,
    "link": "https://www.sec.gov/Archives/edgar/data/40704/000119312514260716/0001193125-14-260716-index.htm",
    "finalLink": "https://www.sec.gov/Archives/edgar/data/40704/000119312514260716/d749341d10k.htm"
  },
  {
    "date": "2014-02-23",
    "symbol": "GIS",
    "reportedCurrency": "USD",
    "cik": "0000040704",
    "fillingDate": "2014-03-19",
    "acceptedDate": "2014-03-19 11:34:38",
    "calendarYear": "2014",
    "period": "Q3",
    "revenue": 4377400000,
    "costOfRevenue": 2864700000,
    "grossProfit": 1512700000,
    "grossProfitRatio": 0.3455704299,
    "researchAndDevelopmentExpenses": 0,
    "generalAndAdministrativeExpenses": 0,
    "sellingAndMarketingExpenses": 0,
    "sellingGeneralAndAdministrativeExpenses": 842100000,
    "otherExpenses": 0,
    "operatingExpenses": 842100000,
    "costAndExpenses": 3706800000,
    "interestIncome": 0,
    "interestExpense": 0,
    "depreciationAndAmortization": 144500000,
    "ebitda": 815100000,
    "ebitdaratio": 0.1862064239,
    "operatingIncome": 670600000,
    "operatingIncomeRatio": 0.1531959611,
    "totalOtherIncomeExpensesNet": -52700000,
    "incomeBeforeTax": 617900000,
    "incomeBeforeTaxRatio": 0.1411568511,
    "incomeTaxExpense": 200900000,
    "netIncome": 410600000,
    "netIncomeRatio": 0.0937999726,
    "eps": 0.66,
    "epsdiluted": 0.64,
    "weightedAverageShsOut": 623500000,
    "weightedAverageShsOutDil": 640200000,
    "link": "https://www.sec.gov/Archives/edgar/data/40704/000119312514105810/0001193125-14-105810-index.htm",
    "finalLink": "https://www.sec.gov/Archives/edgar/data/40704/000119312514105810/d694104d10q.htm"
  },
  {
    "date": "2013-11-24",
    "symbol": "GIS",
    "reportedCurrency": "USD",
    "cik": "0000040704",
    "fillingDate": "2013-12-18",
    "acceptedDate": "2013-12-18 16:49:54",
    "calendarYear": "2014",
    "period": "Q2",
    "revenue": 4875700000,
    "costOfRevenue": 3114000000,
    "grossProfit": 1761700000,
    "grossProfitRatio": 0.3613224768,
    "researchAndDevelopmentExpenses": 0,
    "generalAndAdministrativeExpenses": 0,
    "sellingAndMarketingExpenses": 0,
    "sellingGeneralAndAdministrativeExpenses": 890900000,
    "otherExpenses": 700000,
    "operatingExpenses": 891600000,
    "costAndExpenses": 4005600000,
    "interestIncome": 0,
    "interestExpense": 0,
    "depreciationAndAmortization": 146600000,
    "ebitda": 1017400000,
    "ebitdaratio": 0.2086674734,
    "operatingIncome": 870100000,
    "operatingIncomeRatio": 0.1784564268,
    "totalOtherIncomeExpensesNet": -43300000,
    "incomeBeforeTax": 827500000,
    "incomeBeforeTaxRatio": 0.1697192198,
    "incomeTaxExpense": 266700000,
    "netIncome": 549900000,
    "netIncomeRatio": 0.1127838054,
    "eps": 0.87,
    "epsdiluted": 0.84,
    "weightedAverageShsOut": 633200000,
    "weightedAverageShsOutDil": 650000000,
    "link": "https://www.sec.gov/Archives/edgar/data/40704/000119312513477790/0001193125-13-477790-index.htm",
    "finalLink": "https://www.sec.gov/Archives/edgar/data/40704/000119312513477790/d643230d10q.htm"
  },
  {
    "date": "2013-08-25",
    "symbol": "GIS",
    "reportedCurrency": "USD",
    "cik": "0000040704",
    "fillingDate": "2013-09-18",
    "acceptedDate": "2013-09-18 16:15:03",
    "calendarYear": "2014",
    "period": "Q1",
    "revenue": 4372700000,
    "costOfRevenue": 2759700000,
    "grossProfit": 1613000000,
    "grossProfitRatio": 0.3688796396,
    "researchAndDevelopmentExpenses": 0,
    "generalAndAdministrativeExpenses": 0,
    "sellingAndMarketingExpenses": 0,
    "sellingGeneralAndAdministrativeExpenses": 875400000,
    "otherExpenses": 2800000,
    "operatingExpenses": 878200000,
    "costAndExpenses": 3637900000,
    "interestIncome": 0,
    "interestExpense": 0,
    "depreciationAndAmortization": 151000000,
    "ebitda": 888600000,
    "ebitdaratio": 0.2032154047,
    "operatingIncome": 734800000,
    "operatingIncomeRatio": 0.1680426281,
    "totalOtherIncomeExpensesNet": -57500000,
    "incomeBeforeTax": 680100000,
    "incomeBeforeTaxRatio": 0.1555331946,
    "incomeTaxExpense": 212000000,
    "netIncome": 459300000,
    "netIncomeRatio": 0.1050380772,
    "eps": 0.71,
    "epsdiluted": 0.7,
    "weightedAverageShsOut": 643000000,
    "weightedAverageShsOutDil": 660300000,
    "link": "https://www.sec.gov/Archives/edgar/data/40704/000119312513370415/0001193125-13-370415-index.htm",
    "finalLink": "https://www.sec.gov/Archives/edgar/data/40704/000119312513370415/d598366d10q.htm"
  },
  {
    "date": "2013-05-26",
    "symbol": "GIS",
    "reportedCurrency": "USD",
    "cik": "0000040704",
    "fillingDate": "2013-07-03",
    "acceptedDate": "2013-07-03 13:18:48",
    "calendarYear": "2013",
    "period": "Q4",
    "revenue": 4410700000,
    "costOfRevenue": 2880100000,
    "grossProfit": 1530600000,
    "grossProfitRatio": 0.3470197474,
    "researchAndDevelopmentExpenses": 0,
    "generalAndAdministrativeExpenses": 0,
    "sellingAndMarketingExpenses": 0,
    "sellingGeneralAndAdministrativeExpenses": 928200000,
    "otherExpenses": 1800000,
    "operatingExpenses": 930000000,
    "costAndExpenses": 3810100000,
    "interestIncome": 0,
    "interestExpense": 0,
    "depreciationAndAmortization": 155700000,
    "ebitda": 787100000,
    "ebitdaratio": 0.1784523998,
    "operatingIncome": 631400000,
    "operatingIncomeRatio": 0.1431518807,
    "totalOtherIncomeExpensesNet": -91100000,
    "incomeBeforeTax": 540300000,
    "incomeBeforeTaxRatio": 0.1224975627,
    "incomeTaxExpense": 163500000,
    "netIncome": 366300000,
    "netIncomeRatio": 0.0830480423,
    "eps": 0.55,
    "epsdiluted": 0.55,
    "weightedAverageShsOut": 647400000,
    "weightedAverageShsOutDil": 665300000,
    "link": "https://www.sec.gov/Archives/edgar/data/40704/000119312513282371/0001193125-13-282371-index.htm",
    "finalLink": "https://www.sec.gov/Archives/edgar/data/40704/000119312513282371/d562041d10k.htm"
  },
  {
    "date": "2013-02-24",
    "symbol": "GIS",
    "reportedCurrency": "USD",
    "cik": "0000040704",
    "fillingDate": "2013-03-20",
    "acceptedDate": "2013-03-20 16:25:07",
    "calendarYear": "2013",
    "period": "Q3",
    "revenue": 4430600000,
    "costOfRevenue": 2907900000,
    "grossProfit": 1522700000,
    "grossProfitRatio": 0.3436780571,
    "researchAndDevelopmentExpenses": 0,
    "generalAndAdministrativeExpenses": 0,
    "sellingAndMarketingExpenses": 0,
    "sellingGeneralAndAdministrativeExpenses": 874500000,
    "otherExpenses": 6100000,
    "operatingExpenses": 880600000,
    "costAndExpenses": 3788500000,
    "interestIncome": 0,
    "interestExpense": 0,
    "depreciationAndAmortization": 146200000,
    "ebitda": 794400000,
    "ebitdaratio": 0.1792985149,
    "operatingIncome": 648200000,
    "operatingIncomeRatio": 0.1463007268,
    "totalOtherIncomeExpensesNet": -61400000,
    "incomeBeforeTax": 586800000,
    "incomeBeforeTaxRatio": 0.1324425586,
    "incomeTaxExpense": 174200000,
    "netIncome": 398400000,
    "netIncomeRatio": 0.0899201011,
    "eps": 0.61,
    "epsdiluted": 0.6,
    "weightedAverageShsOut": 648500000,
    "weightedAverageShsOutDil": 665100000,
    "link": "https://www.sec.gov/Archives/edgar/data/40704/000119312513117256/0001193125-13-117256-index.htm",
    "finalLink": "https://www.sec.gov/Archives/edgar/data/40704/000119312513117256/d504087d10q.htm"
  },
  {
    "date": "2012-11-25",
    "symbol": "GIS",
    "reportedCurrency": "USD",
    "cik": "0000040704",
    "fillingDate": "2012-12-19",
    "acceptedDate": "2012-12-19 16:25:17",
    "calendarYear": "2013",
    "period": "Q2",
    "revenue": 4881800000,
    "costOfRevenue": 3139500000,
    "grossProfit": 1742300000,
    "grossProfitRatio": 0.3568970462,
    "researchAndDevelopmentExpenses": 0,
    "generalAndAdministrativeExpenses": 0,
    "sellingAndMarketingExpenses": 0,
    "sellingGeneralAndAdministrativeExpenses": 910600000,
    "otherExpenses": 2700000,
    "operatingExpenses": 913300000,
    "costAndExpenses": 4052800000,
    "interestIncome": 0,
    "interestExpense": 0,
    "depreciationAndAmortization": 146900000,
    "ebitda": 978600000,
    "ebitdaratio": 0.2004588471,
    "operatingIncome": 829000000,
    "operatingIncomeRatio": 0.1698144127,
    "totalOtherIncomeExpensesNet": -45300000,
    "incomeBeforeTax": 786400000,
    "incomeBeforeTaxRatio": 0.1610881232,
    "incomeTaxExpense": 245400000,
    "netIncome": 541600000,
    "netIncomeRatio": 0.1109426851,
    "eps": 0.84,
    "epsdiluted": 0.82,
    "weightedAverageShsOut": 648100000,
    "weightedAverageShsOutDil": 664500000,
    "link": "https://www.sec.gov/Archives/edgar/data/40704/000119312512508388/0001193125-12-508388-index.htm",
    "finalLink": "https://www.sec.gov/Archives/edgar/data/40704/000119312512508388/d456393d10q.htm"
  },
  {
    "date": "2012-08-26",
    "symbol": "GIS",
    "reportedCurrency": "USD",
    "cik": "0000040704",
    "fillingDate": "2012-09-19",
    "acceptedDate": "2012-09-19 16:55:14",
    "calendarYear": "2013",
    "period": "Q1",
    "revenue": 4051000000,
    "costOfRevenue": 2422700000,
    "grossProfit": 1628300000,
    "grossProfitRatio": 0.4019501358,
    "researchAndDevelopmentExpenses": 0,
    "generalAndAdministrativeExpenses": 0,
    "sellingAndMarketingExpenses": 0,
    "sellingGeneralAndAdministrativeExpenses": 839000000,
    "otherExpenses": 9200000,
    "operatingExpenses": 848200000,
    "costAndExpenses": 3270900000,
    "interestIncome": 0,
    "interestExpense": 0,
    "depreciationAndAmortization": 139200000,
    "ebitda": 928500000,
    "ebitdaratio": 0.229202666,
    "operatingIncome": 780100000,
    "operatingIncomeRatio": 0.1925697359,
    "totalOtherIncomeExpensesNet": -83000000,
    "incomeBeforeTax": 697100000,
    "incomeBeforeTaxRatio": 0.1720809677,
    "incomeTaxExpense": 158100000,
    "netIncome": 548900000,
    "netIncomeRatio": 0.135497408,
    "eps": 0.84,
    "epsdiluted": 0.82,
    "weightedAverageShsOut": 650400000,
    "weightedAverageShsOutDil": 667400000,
    "link": "https://www.sec.gov/Archives/edgar/data/40704/000119312512396943/0001193125-12-396943-index.htm",
    "finalLink": "https://www.sec.gov/Archives/edgar/data/40704/000119312512396943/d410800d10q.htm"
  },
  {
    "date": "2012-05-27",
    "symbol": "GIS",
    "reportedCurrency": "USD",
    "cik": "0000040704",
    "fillingDate": "2012-07-03",
    "acceptedDate": "2012-07-03 15:26:19",
    "calendarYear": "2012",
    "period": "Q4",
    "revenue": 4066400000,
    "costOfRevenue": 2570300000,
    "grossProfit": 1496100000,
    "grossProfitRatio": 0.3679175684,
    "researchAndDevelopmentExpenses": 0,
    "generalAndAdministrativeExpenses": 0,
    "sellingAndMarketingExpenses": 0,
    "sellingGeneralAndAdministrativeExpenses": 857400000,
    "otherExpenses": 100700000,
    "operatingExpenses": 958100000,
    "costAndExpenses": 3528400000,
    "interestIncome": 0,
    "interestExpense": 0,
    "depreciationAndAmortization": 142700000,
    "ebitda": 689700000,
    "ebitdaratio": 0.1696094826,
    "operatingIncome": 538000000,
    "operatingIncomeRatio": 0.1323037576,
    "totalOtherIncomeExpensesNet": -83300000,
    "incomeBeforeTax": 454700000,
    "incomeBeforeTaxRatio": 0.1118188078,
    "incomeTaxExpense": 135400000,
    "netIncome": 325400000,
    "netIncomeRatio": 0.0800216408,
    "eps": 0.49,
    "epsdiluted": 0.49,
    "weightedAverageShsOut": 650200000,
    "weightedAverageShsOutDil": 668300000,
    "link": "https://www.sec.gov/Archives/edgar/data/40704/000119312512293636/0001193125-12-293636-index.htm",
    "finalLink": "https://www.sec.gov/Archives/edgar/data/40704/000119312512293636/d356836d10k.htm"
  },
  {
    "date": "2012-02-26",
    "symbol": "GIS",
    "reportedCurrency": "USD",
    "cik": "0000040704",
    "fillingDate": "2012-03-21",
    "acceptedDate": "2012-03-21 16:14:06",
    "calendarYear": "2012",
    "period": "Q3",
    "revenue": 4120100000,
    "costOfRevenue": 2612700000,
    "grossProfit": 1507400000,
    "grossProfitRatio": 0.3658649062,
    "researchAndDevelopmentExpenses": 0,
    "generalAndAdministrativeExpenses": 0,
    "sellingAndMarketingExpenses": 0,
    "sellingGeneralAndAdministrativeExpenses": 838700000,
    "otherExpenses": 100000,
    "operatingExpenses": 838800000,
    "costAndExpenses": 3451500000,
    "interestIncome": 0,
    "interestExpense": 0,
    "depreciationAndAmortization": 135500000,
    "ebitda": 804200000,
    "ebitdaratio": 0.1951894371,
    "operatingIncome": 668600000,
    "operatingIncomeRatio": 0.1622776146,
    "totalOtherIncomeExpensesNet": -96000000,
    "incomeBeforeTax": 572600000,
    "incomeBeforeTaxRatio": 0.1389772093,
    "incomeTaxExpense": 187300000,
    "netIncome": 391500000,
    "netIncomeRatio": 0.0950219655,
    "eps": 0.61,
    "epsdiluted": 0.58,
    "weightedAverageShsOut": 647900000,
    "weightedAverageShsOutDil": 667300000,
    "link": "https://www.sec.gov/Archives/edgar/data/40704/000119312512125489/0001193125-12-125489-index.htm",
    "finalLink": "https://www.sec.gov/Archives/edgar/data/40704/000119312512125489/d319039d10q.htm"
  },
  {
    "date": "2011-11-27",
    "symbol": "GIS",
    "reportedCurrency": "USD",
    "cik": "0000040704",
    "fillingDate": "2011-12-20",
    "acceptedDate": "2011-12-20 15:37:40",
    "calendarYear": "2012",
    "period": "Q2",
    "revenue": 4623800000,
    "costOfRevenue": 3029100000,
    "grossProfit": 1594700000,
    "grossProfitRatio": 0.3448894848,
    "researchAndDevelopmentExpenses": 0,
    "generalAndAdministrativeExpenses": 0,
    "sellingAndMarketingExpenses": 0,
    "sellingGeneralAndAdministrativeExpenses": 877100000,
    "otherExpenses": 700000,
    "operatingExpenses": 877800000,
    "costAndExpenses": 3906900000,
    "interestIncome": 0,
    "interestExpense": 0,
    "depreciationAndAmortization": 137800000,
    "ebitda": 855400000,
    "ebitdaratio": 0.1849993512,
    "operatingIncome": 716900000,
    "operatingIncomeRatio": 0.1550456335,
    "totalOtherIncomeExpensesNet": -87200000,
    "incomeBeforeTax": 629700000,
    "incomeBeforeTaxRatio": 0.1361866863,
    "incomeTaxExpense": 209400000,
    "netIncome": 444800000,
    "netIncomeRatio": 0.0961979324,
    "eps": 0.69,
    "epsdiluted": 0.67,
    "weightedAverageShsOut": 646300000,
    "weightedAverageShsOutDil": 665800000,
    "link": "https://www.sec.gov/Archives/edgar/data/40704/000119312511347162/0001193125-11-347162-index.htm",
    "finalLink": "https://www.sec.gov/Archives/edgar/data/40704/000119312511347162/d270596d10q.htm"
  },
  {
    "date": "2011-08-28",
    "symbol": "GIS",
    "reportedCurrency": "USD",
    "cik": "0000040704",
    "fillingDate": "2011-09-21",
    "acceptedDate": "2011-09-21 17:00:22",
    "calendarYear": "2012",
    "period": "Q1",
    "revenue": 3847600000,
    "costOfRevenue": 2401100000,
    "grossProfit": 1446500000,
    "grossProfitRatio": 0.3759486433,
    "researchAndDevelopmentExpenses": 0,
    "generalAndAdministrativeExpenses": 0,
    "sellingAndMarketingExpenses": 0,
    "sellingGeneralAndAdministrativeExpenses": 807500000,
    "otherExpenses": 100000,
    "operatingExpenses": 807600000,
    "costAndExpenses": 3208700000,
    "interestIncome": 1800000,
    "interestExpense": 87200000,
    "depreciationAndAmortization": 125500000,
    "ebitda": 764500000,
    "ebitdaratio": 0.1986952906,
    "operatingIncome": 638900000,
    "operatingIncomeRatio": 0.1660515646,
    "totalOtherIncomeExpensesNet": -85400000,
    "incomeBeforeTax": 553500000,
    "incomeBeforeTaxRatio": 0.1438559102,
    "incomeTaxExpense": 177500000,
    "netIncome": 405600000,
    "netIncomeRatio": 0.1054163634,
    "eps": 0.63,
    "epsdiluted": 0.61,
    "weightedAverageShsOut": 647900000,
    "weightedAverageShsOutDil": 667000000,
    "link": "https://www.sec.gov/Archives/edgar/data/40704/000119312511253354/0001193125-11-253354-index.htm",
    "finalLink": "https://www.sec.gov/Archives/edgar/data/40704/000119312511253354/d234236d10q.htm"
  },
  {
    "date": "2011-05-29",
    "symbol": "GIS",
    "reportedCurrency": "USD",
    "cik": "0000040704",
    "fillingDate": "2011-07-08",
    "acceptedDate": "2011-07-08 14:40:01",
    "calendarYear": "2011",
    "period": "Q4",
    "revenue": 3634300000,
    "costOfRevenue": 2269900000,
    "grossProfit": 1364400000,
    "grossProfitRatio": 0.3754230526,
    "researchAndDevelopmentExpenses": 0,
    "generalAndAdministrativeExpenses": 0,
    "sellingAndMarketingExpenses": 0,
    "sellingGeneralAndAdministrativeExpenses": 828800000,
    "otherExpenses": -800000,
    "operatingExpenses": 828000000,
    "costAndExpenses": 3097900000,
    "interestIncome": 2400000,
    "interestExpense": 91800000,
    "depreciationAndAmortization": 118100000,
    "ebitda": 656900000,
    "ebitdaratio": 0.1807500757,
    "operatingIncome": 536400000,
    "operatingIncomeRatio": 0.1475937595,
    "totalOtherIncomeExpensesNet": -89400000,
    "incomeBeforeTax": 447000000,
    "incomeBeforeTaxRatio": 0.1229947995,
    "incomeTaxExpense": 155700000,
    "netIncome": 320200000,
    "netIncomeRatio": 0.0881049996,
    "eps": 0.48,
    "epsdiluted": 0.48,
    "weightedAverageShsOut": 642400000,
    "weightedAverageShsOutDil": 664400000,
    "link": "https://www.sec.gov/Archives/edgar/data/40704/000095012311064606/0000950123-11-064606-index.htm",
    "finalLink": "https://www.sec.gov/Archives/edgar/data/40704/000095012311064606/c65397e10vk.htm"
  },
  {
    "date": "2011-02-27",
    "symbol": "GIS",
    "reportedCurrency": "USD",
    "cik": "0000040704",
    "fillingDate": "2011-03-23",
    "acceptedDate": "2011-03-23 15:22:34",
    "calendarYear": "2011",
    "period": "Q3",
    "revenue": 3646200000,
    "costOfRevenue": 2215400000,
    "grossProfit": 1430800000,
    "grossProfitRatio": 0.3924085349,
    "researchAndDevelopmentExpenses": 0,
    "generalAndAdministrativeExpenses": 0,
    "sellingAndMarketingExpenses": 0,
    "sellingGeneralAndAdministrativeExpenses": 790200000,
    "otherExpenses": -14200000,
    "operatingExpenses": 776000000,
    "costAndExpenses": 2991400000,
    "interestIncome": 0,
    "interestExpense": 0,
    "depreciationAndAmortization": 124300000,
    "ebitda": 764900000,
    "ebitdaratio": 0.209780045,
    "operatingIncome": 654800000,
    "operatingIncomeRatio": 0.1795842247,
    "totalOtherIncomeExpensesNet": -85000000,
    "incomeBeforeTax": 569800000,
    "incomeBeforeTaxRatio": 0.1562722835,
    "incomeTaxExpense": 181700000,
    "netIncome": 392100000,
    "netIncomeRatio": 0.1075366135,
    "eps": 0.61,
    "epsdiluted": 0.59,
    "weightedAverageShsOut": 638900000,
    "weightedAverageShsOutDil": 660100000,
    "link": "https://www.sec.gov/Archives/edgar/data/40704/000095012311028211/0000950123-11-028211-index.htm",
    "finalLink": "https://www.sec.gov/Archives/edgar/data/40704/000095012311028211/c63564e10vq.htm"
  },
  {
    "date": "2010-11-28",
    "symbol": "GIS",
    "reportedCurrency": "USD",
    "cik": "0000040704",
    "fillingDate": "2010-12-17",
    "acceptedDate": "2010-12-17 14:24:28",
    "calendarYear": "2011",
    "period": "Q2",
    "revenue": 4066600000,
    "costOfRevenue": 2432600000,
    "grossProfit": 1634000000,
    "grossProfitRatio": 0.4018098657,
    "researchAndDevelopmentExpenses": 0,
    "generalAndAdministrativeExpenses": 0,
    "sellingAndMarketingExpenses": 0,
    "sellingGeneralAndAdministrativeExpenses": 810100000,
    "otherExpenses": 1000000,
    "operatingExpenses": 811100000,
    "costAndExpenses": 3243700000,
    "interestIncome": 1600000,
    "interestExpense": 83200000,
    "depreciationAndAmortization": 118900000,
    "ebitda": 942800000,
    "ebitdaratio": 0.2318398662,
    "operatingIncome": 822900000,
    "operatingIncomeRatio": 0.2023557763,
    "totalOtherIncomeExpensesNet": -81600000,
    "incomeBeforeTax": 741300000,
    "incomeBeforeTaxRatio": 0.1822898736,
    "incomeTaxExpense": 160700000,
    "netIncome": 613900000,
    "netIncomeRatio": 0.1509614912,
    "eps": 0.96,
    "epsdiluted": 0.92,
    "weightedAverageShsOut": 642100000,
    "weightedAverageShsOutDil": 664500000,
    "link": "https://www.sec.gov/Archives/edgar/data/40704/000095012310114560/0000950123-10-114560-index.htm",
    "finalLink": "https://www.sec.gov/Archives/edgar/data/40704/000095012310114560/c61873e10vq.htm"
  },
  {
    "date": "2010-08-29",
    "symbol": "GIS",
    "reportedCurrency": "USD",
    "cik": "0000040704",
    "fillingDate": "2010-09-22",
    "acceptedDate": "2010-09-22 16:06:14",
    "calendarYear": "2011",
    "period": "Q1",
    "revenue": 3533100000,
    "costOfRevenue": 2008800000,
    "grossProfit": 1524300000,
    "grossProfitRatio": 0.4314341513,
    "researchAndDevelopmentExpenses": 0,
    "generalAndAdministrativeExpenses": 0,
    "sellingAndMarketingExpenses": 0,
    "sellingGeneralAndAdministrativeExpenses": 762900000,
    "otherExpenses": 1000000,
    "operatingExpenses": 763900000,
    "costAndExpenses": 2772700000,
    "interestIncome": 1400000,
    "interestExpense": 91700000,
    "depreciationAndAmortization": 111300000,
    "ebitda": 873100000,
    "ebitdaratio": 0.2471200928,
    "operatingIncome": 760400000,
    "operatingIncomeRatio": 0.2152217599,
    "totalOtherIncomeExpensesNet": -90300000,
    "incomeBeforeTax": 670100000,
    "incomeBeforeTaxRatio": 0.1896634683,
    "incomeTaxExpense": 223000000,
    "netIncome": 472100000,
    "netIncomeRatio": 0.1336220316,
    "eps": 0.73,
    "epsdiluted": 0.7,
    "weightedAverageShsOut": 647300000,
    "weightedAverageShsOutDil": 671900000,
    "link": "https://www.sec.gov/Archives/edgar/data/40704/000095012310088122/0000950123-10-088122-index.htm",
    "finalLink": "https://www.sec.gov/Archives/edgar/data/40704/000095012310088122/c60384e10vq.htm"
  },
  {
    "date": "2010-05-30",
    "symbol": "GIS",
    "reportedCurrency": "USD",
    "cik": "0000040704",
    "fillingDate": "2010-07-09",
    "acceptedDate": "2010-07-09 11:05:00",
    "calendarYear": "2010",
    "period": "Q4",
    "revenue": 3570400000,
    "costOfRevenue": 2279100000,
    "grossProfit": 1291300000,
    "grossProfitRatio": 0.3616681604,
    "researchAndDevelopmentExpenses": 0,
    "generalAndAdministrativeExpenses": 0,
    "sellingAndMarketingExpenses": 0,
    "sellingGeneralAndAdministrativeExpenses": 817400000,
    "otherExpenses": 1000000,
    "operatingExpenses": 818400000,
    "costAndExpenses": 3097500000,
    "interestIncome": 1500000,
    "interestExpense": 128500000,
    "depreciationAndAmortization": 116800000,
    "ebitda": 591200000,
    "ebitdaratio": 0.1655836881,
    "operatingIncome": 472900000,
    "operatingIncomeRatio": 0.1324501456,
    "totalOtherIncomeExpensesNet": -127000000,
    "incomeBeforeTax": 345900000,
    "incomeBeforeTaxRatio": 0.0968799014,
    "incomeTaxExpense": 148500000,
    "netIncome": 211900000,
    "netIncomeRatio": 0.0593490925,
    "eps": 0.31,
    "epsdiluted": 0.31,
    "weightedAverageShsOut": 664400000,
    "weightedAverageShsOutDil": 689700000,
    "link": "https://www.sec.gov/Archives/edgar/data/40704/000095012310064517/0000950123-10-064517-index.htm",
    "finalLink": "https://www.sec.gov/Archives/edgar/data/40704/000095012310064517/c58945e10vk.htm"
  },
  {
    "date": "2010-02-28",
    "symbol": "GIS",
    "reportedCurrency": "USD",
    "cik": "0000040704",
    "fillingDate": "2010-03-24",
    "acceptedDate": "2010-03-24 16:46:36",
    "calendarYear": "2010",
    "period": "Q3",
    "revenue": 3589300000,
    "costOfRevenue": 2229500000,
    "grossProfit": 1359800000,
    "grossProfitRatio": 0.3788482434,
    "researchAndDevelopmentExpenses": 0,
    "generalAndAdministrativeExpenses": 0,
    "sellingAndMarketingExpenses": 0,
    "sellingGeneralAndAdministrativeExpenses": 791900000,
    "otherExpenses": 6300000,
    "operatingExpenses": 798200000,
    "costAndExpenses": 3027700000,
    "interestIncome": 1400000,
    "interestExpense": 95600000,
    "depreciationAndAmortization": 112400000,
    "ebitda": 675400000,
    "ebitdaratio": 0.1881703953,
    "operatingIncome": 561600000,
    "operatingIncomeRatio": 0.1564650489,
    "totalOtherIncomeExpensesNet": -94200000,
    "incomeBeforeTax": 467400000,
    "incomeBeforeTaxRatio": 0.1302203772,
    "incomeTaxExpense": 157900000,
    "netIncome": 332500000,
    "netIncomeRatio": 0.0926364472,
    "eps": 0.5,
    "epsdiluted": 0.48,
    "weightedAverageShsOut": 663600000,
    "weightedAverageShsOutDil": 689400000,
    "link": "https://www.sec.gov/Archives/edgar/data/40704/000095012310027743/0000950123-10-027743-index.htm",
    "finalLink": "https://www.sec.gov/Archives/edgar/data/40704/000095012310027743/c57075e10vq.htm"
  },
  {
    "date": "2009-11-29",
    "symbol": "GIS",
    "reportedCurrency": "USD",
    "cik": "0000040704",
    "fillingDate": "2009-12-18",
    "acceptedDate": "2009-12-18 15:37:29",
    "calendarYear": "2010",
    "period": "Q2",
    "revenue": 4034700000,
    "costOfRevenue": 2306400000,
    "grossProfit": 1728300000,
    "grossProfitRatio": 0.4283589858,
    "researchAndDevelopmentExpenses": 0,
    "generalAndAdministrativeExpenses": 0,
    "sellingAndMarketingExpenses": 0,
    "sellingGeneralAndAdministrativeExpenses": 824700000,
    "otherExpenses": 24900000,
    "operatingExpenses": 849600000,
    "costAndExpenses": 3156000000,
    "interestIncome": 1600000,
    "interestExpense": 90100000,
    "depreciationAndAmortization": 116800000,
    "ebitda": 997100000,
    "ebitdaratio": 0.2471311374,
    "operatingIncome": 878700000,
    "operatingIncomeRatio": 0.217785709,
    "totalOtherIncomeExpensesNet": -88500000,
    "incomeBeforeTax": 790200000,
    "incomeBeforeTaxRatio": 0.1958509926,
    "incomeTaxExpense": 261600000,
    "netIncome": 565500000,
    "netIncomeRatio": 0.1401591196,
    "eps": 0.86,
    "epsdiluted": 0.83,
    "weightedAverageShsOut": 657400000,
    "weightedAverageShsOutDil": 681200000,
    "link": "https://www.sec.gov/Archives/edgar/data/40704/000095012309071898/0000950123-09-071898-index.htm",
    "finalLink": "https://www.sec.gov/Archives/edgar/data/40704/000095012309071898/c55115e10vq.htm"
  },
  {
    "date": "2009-08-30",
    "symbol": "GIS",
    "reportedCurrency": "USD",
    "cik": "0000040704",
    "fillingDate": "2009-09-24",
    "acceptedDate": "2009-09-23 21:28:51",
    "calendarYear": "2010",
    "period": "Q1",
    "revenue": 3482400000,
    "costOfRevenue": 2041600000,
    "grossProfit": 1440800000,
    "grossProfitRatio": 0.4137376522,
    "researchAndDevelopmentExpenses": 0,
    "generalAndAdministrativeExpenses": 0,
    "sellingAndMarketingExpenses": 0,
    "sellingGeneralAndAdministrativeExpenses": 748700000,
    "otherExpenses": -800000,
    "operatingExpenses": 747900000,
    "costAndExpenses": 2789500000,
    "interestIncome": 2300000,
    "interestExpense": 94200000,
    "depreciationAndAmortization": 111100000,
    "ebitda": 806300000,
    "ebitdaratio": 0.2315357225,
    "operatingIncome": 692900000,
    "operatingIncomeRatio": 0.1989719734,
    "totalOtherIncomeExpensesNet": -91900000,
    "incomeBeforeTax": 601000000,
    "incomeBeforeTaxRatio": 0.1725821273,
    "incomeTaxExpense": 203200000,
    "netIncome": 420600000,
    "netIncomeRatio": 0.1207787733,
    "eps": 0.65,
    "epsdiluted": 0.63,
    "weightedAverageShsOut": 653000000,
    "weightedAverageShsOutDil": 672800000,
    "link": "https://www.sec.gov/Archives/edgar/data/40704/000095012309045366/0000950123-09-045366-index.htm",
    "finalLink": "https://www.sec.gov/Archives/edgar/data/40704/000095012309045366/c53625e10vq.htm"
  },
  {
    "date": "2009-05-31",
    "symbol": "GIS",
    "reportedCurrency": "USD",
    "cik": "0000040704",
    "fillingDate": "2009-07-13",
    "acceptedDate": "2009-07-13 17:15:33",
    "calendarYear": "2009",
    "period": "Q4",
    "revenue": 3645700000,
    "costOfRevenue": 2101100000,
    "grossProfit": 1544600000,
    "grossProfitRatio": 0.4236772088,
    "researchAndDevelopmentExpenses": 0,
    "generalAndAdministrativeExpenses": 0,
    "sellingAndMarketingExpenses": 0,
    "sellingGeneralAndAdministrativeExpenses": 834100000,
    "otherExpenses": 79100000,
    "operatingExpenses": 913200000,
    "costAndExpenses": 3014300000,
    "interestIncome": -17500000,
    "interestExpense": 84900000,
    "depreciationAndAmortization": 120000000,
    "ebitda": 733900000,
    "ebitdaratio": 0.2013056477,
    "operatingIncome": 631400000,
    "operatingIncomeRatio": 0.1731903338,
    "totalOtherIncomeExpensesNet": -101300000,
    "incomeBeforeTax": 529000000,
    "incomeBeforeTaxRatio": 0.1451024495,
    "incomeTaxExpense": 182400000,
    "netIncome": 358800000,
    "netIncomeRatio": 0.0984173135,
    "eps": 0.53,
    "epsdiluted": 0.53,
    "weightedAverageShsOut": 657400000,
    "weightedAverageShsOutDil": 680400000,
    "link": "https://www.sec.gov/Archives/edgar/data/40704/000095012309021887/0000950123-09-021887-index.htm",
    "finalLink": "https://www.sec.gov/Archives/edgar/data/40704/000095012309021887/c50391e10vk.htm"
  },
  {
    "date": "2009-02-22",
    "symbol": "GIS",
    "reportedCurrency": "USD",
    "cik": "0000040704",
    "fillingDate": "2009-03-18",
    "acceptedDate": "2009-03-18 17:30:47",
    "calendarYear": "2009",
    "period": "Q3",
    "revenue": 3537400000,
    "costOfRevenue": 2259900000,
    "grossProfit": 1277500000,
    "grossProfitRatio": 0.361140951,
    "researchAndDevelopmentExpenses": 0,
    "generalAndAdministrativeExpenses": 0,
    "sellingAndMarketingExpenses": 0,
    "sellingGeneralAndAdministrativeExpenses": 670600000,
    "otherExpenses": 1200000,
    "operatingExpenses": 671800000,
    "costAndExpenses": 2931700000,
    "interestIncome": 5400000,
    "interestExpense": 104000000,
    "depreciationAndAmortization": 110000000,
    "ebitda": 721100000,
    "ebitdaratio": 0.2038502855,
    "operatingIncome": 605700000,
    "operatingIncomeRatio": 0.1712274552,
    "totalOtherIncomeExpensesNet": -98600000,
    "incomeBeforeTax": 507100000,
    "incomeBeforeTaxRatio": 0.1433538757,
    "incomeTaxExpense": 231700000,
    "netIncome": 288900000,
    "netIncomeRatio": 0.0816701532,
    "eps": 0.44,
    "epsdiluted": 0.43,
    "weightedAverageShsOut": 658400000,
    "weightedAverageShsOutDil": 680400000,
    "link": "https://www.sec.gov/Archives/edgar/data/40704/000095013709002011/0000950137-09-002011-index.htm",
    "finalLink": "https://www.sec.gov/Archives/edgar/data/40704/000095013709002011/c50087e10vq.htm"
  },
  {
    "date": "2008-11-23",
    "symbol": "GIS",
    "reportedCurrency": "USD",
    "cik": "0000040704",
    "fillingDate": "2008-12-17",
    "acceptedDate": "2008-12-17 17:11:36",
    "calendarYear": "2009",
    "period": "Q2",
    "revenue": 4010800000,
    "costOfRevenue": 2791200000,
    "grossProfit": 1219600000,
    "grossProfitRatio": 0.3040789867,
    "researchAndDevelopmentExpenses": 0,
    "generalAndAdministrativeExpenses": 0,
    "sellingAndMarketingExpenses": 0,
    "sellingGeneralAndAdministrativeExpenses": 729600000,
    "otherExpenses": -126300000,
    "operatingExpenses": 603300000,
    "costAndExpenses": 3394500000,
    "interestIncome": 5600000,
    "interestExpense": 101900000,
    "depreciationAndAmortization": 112000000,
    "ebitda": 733900000,
    "ebitdaratio": 0.1829809514,
    "operatingIncome": 616300000,
    "operatingIncomeRatio": 0.1536601177,
    "totalOtherIncomeExpensesNet": -96300000,
    "incomeBeforeTax": 520000000,
    "incomeBeforeTaxRatio": 0.1296499451,
    "incomeTaxExpense": 173100000,
    "netIncome": 378200000,
    "netIncomeRatio": 0.0942954024,
    "eps": 0.57,
    "epsdiluted": 0.55,
    "weightedAverageShsOut": 666400000,
    "weightedAverageShsOutDil": 694000000,
    "link": "https://www.sec.gov/Archives/edgar/data/40704/000095013708014460/0000950137-08-014460-index.htm",
    "finalLink": "https://www.sec.gov/Archives/edgar/data/40704/000095013708014460/c48161e10vq.htm"
  },
  {
    "date": "2008-08-24",
    "symbol": "GIS",
    "reportedCurrency": "USD",
    "cik": "0000040704",
    "fillingDate": "2008-09-17",
    "acceptedDate": "2008-09-17 16:57:39",
    "calendarYear": "2009",
    "period": "Q1",
    "revenue": 3497300000,
    "costOfRevenue": 2305600000,
    "grossProfit": 1191700000,
    "grossProfitRatio": 0.3407485775,
    "researchAndDevelopmentExpenses": 0,
    "generalAndAdministrativeExpenses": 0,
    "sellingAndMarketingExpenses": 0,
    "sellingGeneralAndAdministrativeExpenses": 718000000,
    "otherExpenses": 2700000,
    "operatingExpenses": 720700000,
    "costAndExpenses": 3026300000,
    "interestIncome": 0,
    "interestExpense": 86600000,
    "depreciationAndAmortization": 111600000,
    "ebitda": 582600000,
    "ebitdaratio": 0.1665856518,
    "operatingIncome": 471000000,
    "operatingIncomeRatio": 0.134675321,
    "totalOtherIncomeExpensesNet": -86600000,
    "incomeBeforeTax": 384400000,
    "incomeBeforeTaxRatio": 0.1099133617,
    "incomeTaxExpense": 133200000,
    "netIncome": 278500000,
    "netIncomeRatio": 0.0796328596,
    "eps": 0.42,
    "epsdiluted": 0.4,
    "weightedAverageShsOut": 672800000,
    "weightedAverageShsOutDil": 701000000,
    "link": "https://www.sec.gov/Archives/edgar/data/40704/000095013708011679/0000950137-08-011679-index.htm",
    "finalLink": "https://www.sec.gov/Archives/edgar/data/40704/000095013708011679/c32942e10vq.htm"
  },
  {
    "date": "2008-05-25",
    "symbol": "GIS",
    "reportedCurrency": "USD",
    "cik": "0000040704",
    "fillingDate": "2008-07-11",
    "acceptedDate": "2008-07-11 14:11:56",
    "calendarYear": "2008",
    "period": "Q4",
    "revenue": 3471100000,
    "costOfRevenue": 2438900000,
    "grossProfit": 1032200000,
    "grossProfitRatio": 0.2973697099,
    "researchAndDevelopmentExpenses": 0,
    "generalAndAdministrativeExpenses": 0,
    "sellingAndMarketingExpenses": 0,
    "sellingGeneralAndAdministrativeExpenses": 698300000,
    "otherExpenses": -1300000,
    "operatingExpenses": 697000000,
    "costAndExpenses": 3135900000,
    "interestIncome": 8200000,
    "interestExpense": 98100000,
    "depreciationAndAmortization": 110500000,
    "ebitda": 453900000,
    "ebitdaratio": 0.1307654634,
    "operatingIncome": 335200000,
    "operatingIncomeRatio": 0.096568811,
    "totalOtherIncomeExpensesNet": -89900000,
    "incomeBeforeTax": 245300000,
    "incomeBeforeTaxRatio": 0.0706692403,
    "incomeTaxExpense": 91200000,
    "netIncome": 185200000,
    "netIncomeRatio": 0.0533548443,
    "eps": 0.26,
    "epsdiluted": 0.26,
    "weightedAverageShsOut": 673800000,
    "weightedAverageShsOutDil": 701200000,
    "link": "https://www.sec.gov/Archives/edgar/data/40704/000095013708009268/0000950137-08-009268-index.htm",
    "finalLink": "https://www.sec.gov/Archives/edgar/data/40704/000095013708009268/c27353e10vk.htm"
  },
  {
    "date": "2008-02-24",
    "symbol": "GIS",
    "reportedCurrency": "USD",
    "cik": "0000040704",
    "fillingDate": "2008-03-20",
    "acceptedDate": "2008-03-19 17:55:01",
    "calendarYear": "2008",
    "period": "Q3",
    "revenue": 3405600000,
    "costOfRevenue": 2051400000,
    "grossProfit": 1354200000,
    "grossProfitRatio": 0.3976391825,
    "researchAndDevelopmentExpenses": 0,
    "generalAndAdministrativeExpenses": 0,
    "sellingAndMarketingExpenses": 0,
    "sellingGeneralAndAdministrativeExpenses": 653800000,
    "otherExpenses": 5000000,
    "operatingExpenses": 658800000,
    "costAndExpenses": 2710200000,
    "interestIncome": 7100000,
    "interestExpense": 109700000,
    "depreciationAndAmortization": 113100000,
    "ebitda": 815600000,
    "ebitdaratio": 0.2394879023,
    "operatingIncome": 695400000,
    "operatingIncomeRatio": 0.2041930937,
    "totalOtherIncomeExpensesNet": -102600000,
    "incomeBeforeTax": 592800000,
    "incomeBeforeTaxRatio": 0.1740662438,
    "incomeTaxExpense": 192400000,
    "netIncome": 430100000,
    "netIncomeRatio": 0.1262919897,
    "eps": 0.64,
    "epsdiluted": 0.62,
    "weightedAverageShsOut": 674000000,
    "weightedAverageShsOutDil": 699400000,
    "link": "https://www.sec.gov/Archives/edgar/data/40704/000089710108000662/0000897101-08-000662-index.htm",
    "finalLink": "https://www.sec.gov/Archives/edgar/data/40704/000089710108000662/genmills081060_10q.htm"
  },
  {
    "date": "2007-11-25",
    "symbol": "GIS",
    "reportedCurrency": "USD",
    "cik": "0000040704",
    "fillingDate": "2007-12-19",
    "acceptedDate": "2007-12-19 17:11:03",
    "calendarYear": "2008",
    "period": "Q2",
    "revenue": 3703400000,
    "costOfRevenue": 2372200000,
    "grossProfit": 1331200000,
    "grossProfitRatio": 0.3594534752,
    "researchAndDevelopmentExpenses": 0,
    "generalAndAdministrativeExpenses": 0,
    "sellingAndMarketingExpenses": 0,
    "sellingGeneralAndAdministrativeExpenses": 641300000,
    "otherExpenses": 2800000,
    "operatingExpenses": 644100000,
    "costAndExpenses": 3016300000,
    "interestIncome": 6300000,
    "interestExpense": 122200000,
    "depreciationAndAmortization": 127400000,
    "ebitda": 820800000,
    "ebitdaratio": 0.221634174,
    "operatingIncome": 687100000,
    "operatingIncomeRatio": 0.1855322136,
    "totalOtherIncomeExpensesNet": -115900000,
    "incomeBeforeTax": 571200000,
    "incomeBeforeTaxRatio": 0.1542366474,
    "incomeTaxExpense": 208300000,
    "netIncome": 390500000,
    "netIncomeRatio": 0.1054436464,
    "eps": 0.6,
    "epsdiluted": 0.57,
    "weightedAverageShsOut": 656000000,
    "weightedAverageShsOutDil": 684800000,
    "link": "https://www.sec.gov/Archives/edgar/data/40704/000089710107002742/0000897101-07-002742-index.htm",
    "finalLink": "https://www.sec.gov/Archives/edgar/data/40704/000089710107002742/genmills075232_10-q.htm"
  },
  {
    "date": "2007-08-26",
    "symbol": "GIS",
    "reportedCurrency": "USD",
    "cik": "0000040704",
    "fillingDate": "2007-09-19",
    "acceptedDate": "2007-09-19 17:24:01",
    "calendarYear": "2008",
    "period": "Q1",
    "revenue": 3072000000,
    "costOfRevenue": 1915800000,
    "grossProfit": 1156200000,
    "grossProfitRatio": 0.3763671875,
    "researchAndDevelopmentExpenses": 0,
    "generalAndAdministrativeExpenses": 0,
    "sellingAndMarketingExpenses": 0,
    "sellingGeneralAndAdministrativeExpenses": 631600000,
    "otherExpenses": 14500000,
    "operatingExpenses": 646100000,
    "costAndExpenses": 2561900000,
    "interestIncome": 5700000,
    "interestExpense": 119000000,
    "depreciationAndAmortization": 108200000,
    "ebitda": 624000000,
    "ebitdaratio": 0.203125,
    "operatingIncome": 510100000,
    "operatingIncomeRatio": 0.1660481771,
    "totalOtherIncomeExpensesNet": -113300000,
    "incomeBeforeTax": 396800000,
    "incomeBeforeTaxRatio": 0.1291666667,
    "incomeTaxExpense": 130300000,
    "netIncome": 288900000,
    "netIncomeRatio": 0.0940429688,
    "eps": 0.43,
    "epsdiluted": 0.41,
    "weightedAverageShsOut": 659800000,
    "weightedAverageShsOutDil": 689800000,
    "link": "https://www.sec.gov/Archives/edgar/data/40704/000089710107001957/0000897101-07-001957-index.htm",
    "finalLink": "https://www.sec.gov/Archives/edgar/data/40704/000089710107001957/genmills073723_10q.htm"
  },
  {
    "date": "2007-05-27",
    "symbol": "GIS",
    "reportedCurrency": "USD",
    "cik": "0000040704",
    "fillingDate": "2007-07-26",
    "acceptedDate": "2007-07-26 17:03:09",
    "calendarYear": "2007",
    "period": "Q4",
    "revenue": 3061000000,
    "costOfRevenue": 1989000000,
    "grossProfit": 1072000000,
    "grossProfitRatio": 0.3502123489,
    "researchAndDevelopmentExpenses": 0,
    "generalAndAdministrativeExpenses": 0,
    "sellingAndMarketingExpenses": 0,
    "sellingGeneralAndAdministrativeExpenses": 625000000,
    "otherExpenses": 41000000,
    "operatingExpenses": 666000000,
    "costAndExpenses": 2655000000,
    "interestIncome": 10000000,
    "interestExpense": 115000000,
    "depreciationAndAmortization": 105000000,
    "ebitda": 521000000,
    "ebitdaratio": 0.1702058151,
    "operatingIncome": 406000000,
    "operatingIncomeRatio": 0.1326363933,
    "totalOtherIncomeExpensesNet": -105000000,
    "incomeBeforeTax": 301000000,
    "incomeBeforeTaxRatio": 0.0983338778,
    "incomeTaxExpense": 92000000,
    "netIncome": 224000000,
    "netIncomeRatio": 0.0731786998,
    "eps": 0.31,
    "epsdiluted": 0.31,
    "weightedAverageShsOut": 689400000,
    "weightedAverageShsOutDil": 720000000,
    "link": "https://www.sec.gov/Archives/edgar/data/40704/000089710107001522/0000897101-07-001522-index.htm",
    "finalLink": "https://www.sec.gov/Archives/edgar/data/40704/000089710107001522/gis072744s1_10k.htm"
  },
  {
    "date": "2007-02-25",
    "symbol": "GIS",
    "reportedCurrency": "USD",
    "cik": "0000040704",
    "fillingDate": "2007-03-30",
    "acceptedDate": "2007-03-30 17:13:58",
    "calendarYear": "2007",
    "period": "Q3",
    "revenue": 3053600000,
    "costOfRevenue": 1981900000,
    "grossProfit": 1071700000,
    "grossProfitRatio": 0.350962798,
    "researchAndDevelopmentExpenses": 0,
    "generalAndAdministrativeExpenses": 0,
    "sellingAndMarketingExpenses": 0,
    "sellingGeneralAndAdministrativeExpenses": 584900000,
    "otherExpenses": 700000,
    "operatingExpenses": 585600000,
    "costAndExpenses": 2567500000,
    "interestIncome": 8500000,
    "interestExpense": 115300000,
    "depreciationAndAmortization": 103700000,
    "ebitda": 598300000,
    "ebitdaratio": 0.1959326696,
    "operatingIncome": 486100000,
    "operatingIncomeRatio": 0.1591891538,
    "totalOtherIncomeExpensesNet": -106800000,
    "incomeBeforeTax": 379300000,
    "incomeBeforeTaxRatio": 0.1242140424,
    "incomeTaxExpense": 127400000,
    "netIncome": 267500000,
    "netIncomeRatio": 0.0876015195,
    "eps": 0.39,
    "epsdiluted": 0.37,
    "weightedAverageShsOut": 690600000,
    "weightedAverageShsOutDil": 719800000,
    "link": "https://www.sec.gov/Archives/edgar/data/40704/000089710107000714/0000897101-07-000714-index.htm",
    "finalLink": "https://www.sec.gov/Archives/edgar/data/40704/000089710107000714/genmills071363_10q.htm"
  },
  {
    "date": "2006-11-26",
    "symbol": "GIS",
    "reportedCurrency": "USD",
    "cik": "0000040704",
    "fillingDate": "2007-01-05",
    "acceptedDate": "2007-01-05 17:28:37",
    "calendarYear": "2007",
    "period": "Q2",
    "revenue": 3466600000,
    "costOfRevenue": 2187000000,
    "grossProfit": 1279600000,
    "grossProfitRatio": 0.3691224831,
    "researchAndDevelopmentExpenses": 0,
    "generalAndAdministrativeExpenses": 0,
    "sellingAndMarketingExpenses": 0,
    "sellingGeneralAndAdministrativeExpenses": 605500000,
    "otherExpenses": -1100000,
    "operatingExpenses": 604400000,
    "costAndExpenses": 2791400000,
    "interestIncome": 5100000,
    "interestExpense": 115600000,
    "depreciationAndAmortization": 104900000,
    "ebitda": 785200000,
    "ebitdaratio": 0.2265043559,
    "operatingIncome": 675200000,
    "operatingIncomeRatio": 0.1947729764,
    "totalOtherIncomeExpensesNet": -110500000,
    "incomeBeforeTax": 564700000,
    "incomeBeforeTaxRatio": 0.1628973634,
    "incomeTaxExpense": 202700000,
    "netIncome": 385400000,
    "netIncomeRatio": 0.1111752149,
    "eps": 0.56,
    "epsdiluted": 0.54,
    "weightedAverageShsOut": 687800000,
    "weightedAverageShsOutDil": 714800000,
    "link": "https://www.sec.gov/Archives/edgar/data/40704/000089710107000053/0000897101-07-000053-index.htm",
    "finalLink": "https://www.sec.gov/Archives/edgar/data/40704/000089710107000053/genmills070025_10q.htm"
  },
  {
    "date": "2006-08-27",
    "symbol": "GIS",
    "reportedCurrency": "USD",
    "cik": "0000040704",
    "fillingDate": "2006-10-02",
    "acceptedDate": "2006-10-02 17:31:07",
    "calendarYear": "2007",
    "period": "Q1",
    "revenue": 2860400000,
    "costOfRevenue": 1796700000,
    "grossProfit": 1063700000,
    "grossProfitRatio": 0.371871067,
    "researchAndDevelopmentExpenses": 0,
    "generalAndAdministrativeExpenses": 0,
    "sellingAndMarketingExpenses": 0,
    "sellingGeneralAndAdministrativeExpenses": 574800000,
    "otherExpenses": -1900000,
    "operatingExpenses": 572900000,
    "costAndExpenses": 2369600000,
    "interestIncome": 6700000,
    "interestExpense": 111700000,
    "depreciationAndAmortization": 104400000,
    "ebitda": 601900000,
    "ebitdaratio": 0.2104251154,
    "operatingIncome": 490800000,
    "operatingIncomeRatio": 0.1715843938,
    "totalOtherIncomeExpensesNet": -105000000,
    "incomeBeforeTax": 385800000,
    "incomeBeforeTaxRatio": 0.1348762411,
    "incomeTaxExpense": 138000000,
    "netIncome": 266900000,
    "netIncomeRatio": 0.0933086282,
    "eps": 0.38,
    "epsdiluted": 0.37,
    "weightedAverageShsOut": 704000000,
    "weightedAverageShsOutDil": 726200000,
    "link": "https://www.sec.gov/Archives/edgar/data/40704/000089710106001997/0000897101-06-001997-index.htm",
    "finalLink": "https://www.sec.gov/Archives/edgar/data/40704/000089710106001997/generalmills063741_10q.htm"
  },
  {
    "date": "2006-05-28",
    "symbol": "GIS",
    "reportedCurrency": "USD",
    "cik": "0000040704",
    "fillingDate": "2006-07-27",
    "acceptedDate": "2006-07-27 17:28:33",
    "calendarYear": "2006",
    "period": "Q4",
    "revenue": 2845000000,
    "costOfRevenue": 1735000000,
    "grossProfit": 1110000000,
    "grossProfitRatio": 0.3901581722,
    "researchAndDevelopmentExpenses": 0,
    "generalAndAdministrativeExpenses": 0,
    "sellingAndMarketingExpenses": 0,
    "sellingGeneralAndAdministrativeExpenses": 682000000,
    "otherExpenses": 14000000,
    "operatingExpenses": 696000000,
    "costAndExpenses": 2431000000,
    "interestIncome": 0,
    "interestExpense": 0,
    "depreciationAndAmortization": 107000000,
    "ebitda": 535000000,
    "ebitdaratio": 0.1880492091,
    "operatingIncome": 414000000,
    "operatingIncomeRatio": 0.1455184534,
    "totalOtherIncomeExpensesNet": -105000000,
    "incomeBeforeTax": 309000000,
    "incomeBeforeTaxRatio": 0.1086115993,
    "incomeTaxExpense": 97000000,
    "netIncome": 222000000,
    "netIncomeRatio": 0.0780316344,
    "eps": 0.16,
    "epsdiluted": 0.16,
    "weightedAverageShsOut": 713600000,
    "weightedAverageShsOutDil": 732000000,
    "link": "https://www.sec.gov/Archives/edgar/data/40704/000089710106001513/0000897101-06-001513-index.htm",
    "finalLink": "https://www.sec.gov/Archives/edgar/data/40704/000089710106001513/gis062418s1_10k.htm"
  },
  {
    "date": "2006-02-26",
    "symbol": "GIS",
    "reportedCurrency": "USD",
    "cik": "0000040704",
    "fillingDate": "2006-04-03",
    "acceptedDate": "2006-04-03 16:44:39",
    "calendarYear": "2006",
    "period": "Q3",
    "revenue": 2877000000,
    "costOfRevenue": 1891000000,
    "grossProfit": 986000000,
    "grossProfitRatio": 0.3427181091,
    "researchAndDevelopmentExpenses": 0,
    "generalAndAdministrativeExpenses": 0,
    "sellingAndMarketingExpenses": 0,
    "sellingGeneralAndAdministrativeExpenses": 528000000,
    "otherExpenses": 5000000,
    "operatingExpenses": 533000000,
    "costAndExpenses": 2424000000,
    "interestIncome": 7000000,
    "interestExpense": 107000000,
    "depreciationAndAmortization": 106000000,
    "ebitda": 566000000,
    "ebitdaratio": 0.1967327077,
    "operatingIncome": 453000000,
    "operatingIncomeRatio": 0.157455683,
    "totalOtherIncomeExpensesNet": -100000000,
    "incomeBeforeTax": 353000000,
    "incomeBeforeTaxRatio": 0.1226972541,
    "incomeTaxExpense": 123000000,
    "netIncome": 246000000,
    "netIncomeRatio": 0.0855057351,
    "eps": 0.35,
    "epsdiluted": 0.34,
    "weightedAverageShsOut": 710000000,
    "weightedAverageShsOutDil": 728000000,
    "link": "https://www.sec.gov/Archives/edgar/data/40704/000089710106000713/0000897101-06-000713-index.htm",
    "finalLink": "https://www.sec.gov/Archives/edgar/data/40704/000089710106000713/genmills061410_10q.htm"
  },
  {
    "date": "2005-11-27",
    "symbol": "GIS",
    "reportedCurrency": "USD",
    "cik": "0000040704",
    "fillingDate": "2006-01-06",
    "acceptedDate": "2006-01-06 16:17:42",
    "calendarYear": "2006",
    "period": "Q2",
    "revenue": 3293000000,
    "costOfRevenue": 2090000000,
    "grossProfit": 1203000000,
    "grossProfitRatio": 0.3653203766,
    "researchAndDevelopmentExpenses": 0,
    "generalAndAdministrativeExpenses": 0,
    "sellingAndMarketingExpenses": 0,
    "sellingGeneralAndAdministrativeExpenses": 559000000,
    "otherExpenses": 2000000,
    "operatingExpenses": 561000000,
    "costAndExpenses": 2651000000,
    "interestIncome": 0,
    "interestExpense": 0,
    "depreciationAndAmortization": 106000000,
    "ebitda": 750000000,
    "ebitdaratio": 0.2277558457,
    "operatingIncome": 642000000,
    "operatingIncomeRatio": 0.1949590039,
    "totalOtherIncomeExpensesNet": -104000000,
    "incomeBeforeTax": 538000000,
    "incomeBeforeTaxRatio": 0.16337686,
    "incomeTaxExpense": 190000000,
    "netIncome": 370000000,
    "netIncomeRatio": 0.1123595506,
    "eps": 0.52,
    "epsdiluted": 0.49,
    "weightedAverageShsOut": 711538462,
    "weightedAverageShsOutDil": 762886598,
    "link": "https://www.sec.gov/Archives/edgar/data/40704/000089710106000047/0000897101-06-000047-index.htm",
    "finalLink": "https://www.sec.gov/Archives/edgar/data/40704/000089710106000047/genmills060028_10q.htm"
  },
  {
    "date": "2005-08-28",
    "symbol": "GIS",
    "reportedCurrency": "USD",
    "cik": "0000040704",
    "fillingDate": "2005-10-03",
    "acceptedDate": "2005-10-03 17:21:09",
    "calendarYear": "2006",
    "period": "Q1",
    "revenue": 2662000000,
    "costOfRevenue": 1557000000,
    "grossProfit": 1105000000,
    "grossProfitRatio": 0.4151014275,
    "researchAndDevelopmentExpenses": 0,
    "generalAndAdministrativeExpenses": 0,
    "sellingAndMarketingExpenses": 0,
    "sellingGeneralAndAdministrativeExpenses": 642000000,
    "otherExpenses": 9000000,
    "operatingExpenses": 651000000,
    "costAndExpenses": 2208000000,
    "interestIncome": 0,
    "interestExpense": 0,
    "depreciationAndAmortization": 105000000,
    "ebitda": 568000000,
    "ebitdaratio": 0.2133734035,
    "operatingIncome": 454000000,
    "operatingIncomeRatio": 0.1705484598,
    "totalOtherIncomeExpensesNet": -90000000,
    "incomeBeforeTax": 364000000,
    "incomeBeforeTaxRatio": 0.1367392938,
    "incomeTaxExpense": 130000000,
    "netIncome": 252000000,
    "netIncomeRatio": 0.0946656649,
    "eps": 0.35,
    "epsdiluted": 0.32,
    "weightedAverageShsOut": 730000000,
    "weightedAverageShsOutDil": 804000000,
    "link": "https://www.sec.gov/Archives/edgar/data/40704/000089710105002102/0000897101-05-002102-index.htm",
    "finalLink": "https://www.sec.gov/Archives/edgar/data/40704/000089710105002102/genmills054037_10q.htm"
  },
  {
    "date": "2005-05-29",
    "symbol": "GIS",
    "reportedCurrency": "USD",
    "cik": "0000040704",
    "fillingDate": "2005-07-28",
    "acceptedDate": "2005-07-28 17:15:56",
    "calendarYear": "2005",
    "period": "Q4",
    "revenue": 2719000000,
    "costOfRevenue": 1669000000,
    "grossProfit": 1050000000,
    "grossProfitRatio": 0.3861713865,
    "researchAndDevelopmentExpenses": 0,
    "generalAndAdministrativeExpenses": 0,
    "sellingAndMarketingExpenses": 0,
    "sellingGeneralAndAdministrativeExpenses": 590000000,
    "otherExpenses": 38000000,
    "operatingExpenses": 628000000,
    "costAndExpenses": 2297000000,
    "interestIncome": 0,
    "interestExpense": 0,
    "depreciationAndAmortization": 113000000,
    "ebitda": 573000000,
    "ebitdaratio": 0.2107392424,
    "operatingIncome": 422000000,
    "operatingIncomeRatio": 0.1552041192,
    "totalOtherIncomeExpensesNet": 252000000,
    "incomeBeforeTax": 674000000,
    "incomeBeforeTaxRatio": 0.2478852519,
    "incomeTaxExpense": 230000000,
    "netIncome": 460000000,
    "netIncomeRatio": 0.1691798455,
    "eps": 0.57,
    "epsdiluted": 0.57,
    "weightedAverageShsOut": 814000000,
    "weightedAverageShsOutDil": 814000000,
    "link": "https://www.sec.gov/Archives/edgar/data/40704/000089710105001694/0000897101-05-001694-index.htm",
    "finalLink": "https://www.sec.gov/Archives/edgar/data/40704/000089710105001694/gis052984s2_10k.htm"
  },
  {
    "date": "2005-02-27",
    "symbol": "GIS",
    "reportedCurrency": "USD",
    "cik": "0000040704",
    "fillingDate": "2005-04-07",
    "acceptedDate": "2005-04-07 17:07:02",
    "calendarYear": "2005",
    "period": "Q3",
    "revenue": 2772000000,
    "costOfRevenue": 1695000000,
    "grossProfit": 1077000000,
    "grossProfitRatio": 0.3885281385,
    "researchAndDevelopmentExpenses": 0,
    "generalAndAdministrativeExpenses": 0,
    "sellingAndMarketingExpenses": 0,
    "sellingGeneralAndAdministrativeExpenses": 580000000,
    "otherExpenses": 3000000,
    "operatingExpenses": 583000000,
    "costAndExpenses": 2278000000,
    "interestIncome": 0,
    "interestExpense": 0,
    "depreciationAndAmortization": 109000000,
    "ebitda": 606000000,
    "ebitdaratio": 0.2186147186,
    "operatingIncome": 494000000,
    "operatingIncomeRatio": 0.1782106782,
    "totalOtherIncomeExpensesNet": -107000000,
    "incomeBeforeTax": 387000000,
    "incomeBeforeTaxRatio": 0.1396103896,
    "incomeTaxExpense": 180000000,
    "netIncome": 230000000,
    "netIncomeRatio": 0.082972583,
    "eps": 0.32,
    "epsdiluted": 0.29,
    "weightedAverageShsOut": 730158730,
    "weightedAverageShsOutDil": 793103448,
    "link": "https://www.sec.gov/Archives/edgar/data/40704/000089710105000891/0000897101-05-000891-index.htm",
    "finalLink": "https://www.sec.gov/Archives/edgar/data/40704/000089710105000891/genmills051660_10q.htm"
  },
  {
    "date": "2004-11-28",
    "symbol": "GIS",
    "reportedCurrency": "USD",
    "cik": "0000040704",
    "fillingDate": "2005-01-06",
    "acceptedDate": "2005-01-06 16:15:36",
    "calendarYear": "2005",
    "period": "Q2",
    "revenue": 3168000000,
    "costOfRevenue": 1889000000,
    "grossProfit": 1279000000,
    "grossProfitRatio": 0.4037247475,
    "researchAndDevelopmentExpenses": 0,
    "generalAndAdministrativeExpenses": 0,
    "sellingAndMarketingExpenses": 0,
    "sellingGeneralAndAdministrativeExpenses": 637000000,
    "otherExpenses": 3000000,
    "operatingExpenses": 640000000,
    "costAndExpenses": 2529000000,
    "interestIncome": 0,
    "interestExpense": 0,
    "depreciationAndAmortization": 113000000,
    "ebitda": 755000000,
    "ebitdaratio": 0.2383207071,
    "operatingIncome": 639000000,
    "operatingIncomeRatio": 0.2017045455,
    "totalOtherIncomeExpensesNet": -125000000,
    "incomeBeforeTax": 514000000,
    "incomeBeforeTaxRatio": 0.1622474747,
    "incomeTaxExpense": 171000000,
    "netIncome": 367000000,
    "netIncomeRatio": 0.1158459596,
    "eps": 0.5,
    "epsdiluted": 0.46,
    "weightedAverageShsOut": 741414141,
    "weightedAverageShsOutDil": 797826087,
    "link": "https://www.sec.gov/Archives/edgar/data/40704/000089710105000060/0000897101-05-000060-index.htm",
    "finalLink": "https://www.sec.gov/Archives/edgar/data/40704/000089710105000060/genmills050011_10q.htm"
  },
  {
    "date": "2004-08-29",
    "symbol": "GIS",
    "reportedCurrency": "USD",
    "cik": "0000040704",
    "fillingDate": "2004-10-04",
    "acceptedDate": "2004-10-04 09:39:19",
    "calendarYear": "2005",
    "period": "Q1",
    "revenue": 2585000000,
    "costOfRevenue": 1581000000,
    "grossProfit": 1004000000,
    "grossProfitRatio": 0.3883945841,
    "researchAndDevelopmentExpenses": 0,
    "generalAndAdministrativeExpenses": 0,
    "sellingAndMarketingExpenses": 0,
    "sellingGeneralAndAdministrativeExpenses": 611000000,
    "otherExpenses": 40000000,
    "operatingExpenses": 651000000,
    "costAndExpenses": 2232000000,
    "interestIncome": 0,
    "interestExpense": 0,
    "depreciationAndAmortization": 108000000,
    "ebitda": 501000000,
    "ebitdaratio": 0.1938104449,
    "operatingIncome": 353000000,
    "operatingIncomeRatio": 0.13655706,
    "totalOtherIncomeExpensesNet": -113000000,
    "incomeBeforeTax": 240000000,
    "incomeBeforeTaxRatio": 0.0928433269,
    "incomeTaxExpense": 83000000,
    "netIncome": 183000000,
    "netIncomeRatio": 0.0707930368,
    "eps": 0.24,
    "epsdiluted": 0.23,
    "weightedAverageShsOut": 758000000,
    "weightedAverageShsOutDil": 774000000,
    "link": "https://www.sec.gov/Archives/edgar/data/40704/000089710104002037/0000897101-04-002037-index.htm",
    "finalLink": "https://www.sec.gov/Archives/edgar/data/40704/000089710104002037/genmills044710_10q.htm"
  },
  {
    "date": "2004-05-30",
    "symbol": "GIS",
    "reportedCurrency": "USD",
    "cik": "0000040704",
    "fillingDate": "2004-07-29",
    "acceptedDate": "2004-07-29 17:05:02",
    "calendarYear": "2004",
    "period": "Q4",
    "revenue": 2789000000,
    "costOfRevenue": 1675000000,
    "grossProfit": 1114000000,
    "grossProfitRatio": 0.3994263177,
    "researchAndDevelopmentExpenses": 0,
    "generalAndAdministrativeExpenses": 0,
    "sellingAndMarketingExpenses": 0,
    "sellingGeneralAndAdministrativeExpenses": 586000000,
    "otherExpenses": 12000000,
    "operatingExpenses": 598000000,
    "costAndExpenses": 2273000000,
    "interestIncome": 0,
    "interestExpense": 0,
    "depreciationAndAmortization": 108000000,
    "ebitda": 636000000,
    "ebitdaratio": 0.2280387236,
    "operatingIncome": 516000000,
    "operatingIncomeRatio": 0.1850125493,
    "totalOtherIncomeExpensesNet": -124000000,
    "incomeBeforeTax": 392000000,
    "incomeBeforeTaxRatio": 0.1405521692,
    "incomeTaxExpense": 137000000,
    "netIncome": 278000000,
    "netIncomeRatio": 0.0996773037,
    "eps": 0.36,
    "epsdiluted": 0.36,
    "weightedAverageShsOut": 758653846,
    "weightedAverageShsOutDil": 772000000,
    "link": "https://www.sec.gov/Archives/edgar/data/40704/000089710104001455/0000897101-04-001455-index.htm",
    "finalLink": "https://www.sec.gov/Archives/edgar/data/40704/000089710104001455/gm041570s1_10k.htm"
  },
  {
    "date": "2004-02-22",
    "symbol": "GIS",
    "reportedCurrency": "USD",
    "cik": "0000040704",
    "fillingDate": "2004-04-06",
    "acceptedDate": "2004-04-06 16:58:25",
    "calendarYear": "2004",
    "period": "Q3",
    "revenue": 2703000000,
    "costOfRevenue": 1638000000,
    "grossProfit": 1065000000,
    "grossProfitRatio": 0.3940066593,
    "researchAndDevelopmentExpenses": 0,
    "generalAndAdministrativeExpenses": 0,
    "sellingAndMarketingExpenses": 0,
    "sellingGeneralAndAdministrativeExpenses": 589000000,
    "otherExpenses": 5000000,
    "operatingExpenses": 594000000,
    "costAndExpenses": 2232000000,
    "interestIncome": 0,
    "interestExpense": 0,
    "depreciationAndAmortization": 102000000,
    "ebitda": 578000000,
    "ebitdaratio": 0.213836478,
    "operatingIncome": 471000000,
    "operatingIncomeRatio": 0.1742508324,
    "totalOtherIncomeExpensesNet": -123000000,
    "incomeBeforeTax": 348000000,
    "incomeBeforeTaxRatio": 0.128745838,
    "incomeTaxExpense": 121000000,
    "netIncome": 242000000,
    "netIncomeRatio": 0.0895301517,
    "eps": 0.32,
    "epsdiluted": 0.3,
    "weightedAverageShsOut": 756250000,
    "weightedAverageShsOutDil": 766000000,
    "link": "https://www.sec.gov/Archives/edgar/data/40704/000089710104000682/0000897101-04-000682-index.htm",
    "finalLink": "https://www.sec.gov/Archives/edgar/data/40704/000089710104000682/genmills041775_10q.htm"
  },
  {
    "date": "2003-11-23",
    "symbol": "GIS",
    "reportedCurrency": "USD",
    "cik": "0000040704",
    "fillingDate": "2004-01-06",
    "acceptedDate": "2004-01-06 16:01:56",
    "calendarYear": "2004",
    "period": "Q2",
    "revenue": 3060000000,
    "costOfRevenue": 1797000000,
    "grossProfit": 1263000000,
    "grossProfitRatio": 0.412745098,
    "researchAndDevelopmentExpenses": 0,
    "generalAndAdministrativeExpenses": 0,
    "sellingAndMarketingExpenses": 0,
    "sellingGeneralAndAdministrativeExpenses": 677000000,
    "otherExpenses": 9000000,
    "operatingExpenses": 686000000,
    "costAndExpenses": 2483000000,
    "interestIncome": 0,
    "interestExpense": 0,
    "depreciationAndAmortization": 96000000,
    "ebitda": 682000000,
    "ebitdaratio": 0.222875817,
    "operatingIncome": 577000000,
    "operatingIncomeRatio": 0.1885620915,
    "totalOtherIncomeExpensesNet": -111000000,
    "incomeBeforeTax": 466000000,
    "incomeBeforeTaxRatio": 0.1522875817,
    "incomeTaxExpense": 158000000,
    "netIncome": 308000000,
    "netIncomeRatio": 0.1006535948,
    "eps": 0.41,
    "epsdiluted": 0.41,
    "weightedAverageShsOut": 748000000,
    "weightedAverageShsOutDil": 766000000,
    "link": "https://www.sec.gov/Archives/edgar/data/40704/000089710104000033/0000897101-04-000033-index.htm",
    "finalLink": "https://www.sec.gov/Archives/edgar/data/40704/000089710104000033/genmills040035_10q.htm"
  },
  {
    "date": "2003-08-24",
    "symbol": "GIS",
    "reportedCurrency": "USD",
    "cik": "0000040704",
    "fillingDate": "2003-10-07",
    "acceptedDate": "2003-10-07 12:59:18",
    "calendarYear": "2004",
    "period": "Q1",
    "revenue": 2518000000,
    "costOfRevenue": 1474000000,
    "grossProfit": 1044000000,
    "grossProfitRatio": 0.4146147736,
    "researchAndDevelopmentExpenses": 0,
    "generalAndAdministrativeExpenses": 0,
    "sellingAndMarketingExpenses": 0,
    "sellingGeneralAndAdministrativeExpenses": 591000000,
    "otherExpenses": 0,
    "operatingExpenses": 591000000,
    "costAndExpenses": 2065000000,
    "interestIncome": 0,
    "interestExpense": 0,
    "depreciationAndAmortization": 93000000,
    "ebitda": 546000000,
    "ebitdaratio": 0.2168387609,
    "operatingIncome": 453000000,
    "operatingIncomeRatio": 0.1799046863,
    "totalOtherIncomeExpensesNet": -134000000,
    "incomeBeforeTax": 319000000,
    "incomeBeforeTaxRatio": 0.1266878475,
    "incomeTaxExpense": 112000000,
    "netIncome": 227000000,
    "netIncomeRatio": 0.0901509134,
    "eps": 0.31,
    "epsdiluted": 0.3,
    "weightedAverageShsOut": 744000000,
    "weightedAverageShsOutDil": 764000000,
    "link": "https://www.sec.gov/Archives/edgar/data/40704/000089710103001221/0000897101-03-001221-index.htm",
    "finalLink": "https://www.sec.gov/Archives/edgar/data/40704/000089710103001221/gis034277_10q.htm"
  },
  {
    "date": "2003-05-25",
    "symbol": "GIS",
    "reportedCurrency": "USD",
    "cik": "0000040704",
    "fillingDate": "2003-08-05",
    "acceptedDate": "2003-08-05 12:36:10",
    "calendarYear": "2003",
    "period": "Q4",
    "revenue": 2546000000,
    "costOfRevenue": 1482000000,
    "grossProfit": 1064000000,
    "grossProfitRatio": 0.4179104478,
    "researchAndDevelopmentExpenses": 0,
    "generalAndAdministrativeExpenses": 0,
    "sellingAndMarketingExpenses": 0,
    "sellingGeneralAndAdministrativeExpenses": 651000000,
    "otherExpenses": 62000000,
    "operatingExpenses": 713000000,
    "costAndExpenses": 2195000000,
    "interestIncome": 0,
    "interestExpense": 0,
    "depreciationAndAmortization": 95000000,
    "ebitda": 508000000,
    "ebitdaratio": 0.1995286724,
    "operatingIncome": 351000000,
    "operatingIncomeRatio": 0.137863315,
    "totalOtherIncomeExpensesNet": -15000000,
    "incomeBeforeTax": 336000000,
    "incomeBeforeTaxRatio": 0.1319717203,
    "incomeTaxExpense": 111000000,
    "netIncome": 225000000,
    "netIncomeRatio": 0.0883739199,
    "eps": 0.3,
    "epsdiluted": 0.3,
    "weightedAverageShsOut": 744000000,
    "weightedAverageShsOutDil": 758000000,
    "link": "https://www.sec.gov/Archives/edgar/data/40704/000089710103000909/0000897101-03-000909-index.htm",
    "finalLink": "https://www.sec.gov/Archives/edgar/data/40704/000089710103000909/genmills033128_10-k.htm"
  },
  {
    "date": "2003-02-23",
    "symbol": "GIS",
    "reportedCurrency": "USD",
    "cik": "0000040704",
    "fillingDate": "2003-04-08",
    "acceptedDate": "2003-04-08 16:07:16",
    "calendarYear": "2003",
    "period": "Q3",
    "revenue": 2645000000,
    "costOfRevenue": 1567000000,
    "grossProfit": 1078000000,
    "grossProfitRatio": 0.4075614367,
    "researchAndDevelopmentExpenses": 0,
    "generalAndAdministrativeExpenses": 0,
    "sellingAndMarketingExpenses": 0,
    "sellingGeneralAndAdministrativeExpenses": 571000000,
    "otherExpenses": 0,
    "operatingExpenses": 571000000,
    "costAndExpenses": 2138000000,
    "interestIncome": 0,
    "interestExpense": 0,
    "depreciationAndAmortization": 90000000,
    "ebitda": 597000000,
    "ebitdaratio": 0.2257088847,
    "operatingIncome": 507000000,
    "operatingIncomeRatio": 0.1916824197,
    "totalOtherIncomeExpensesNet": -144000000,
    "incomeBeforeTax": 363000000,
    "incomeBeforeTaxRatio": 0.1372400756,
    "incomeTaxExpense": 123000000,
    "netIncome": 240000000,
    "netIncomeRatio": 0.0907372401,
    "eps": 0.33,
    "epsdiluted": 0.32,
    "weightedAverageShsOut": 738000000,
    "weightedAverageShsOutDil": 758000000,
    "link": "https://www.sec.gov/Archives/edgar/data/40704/000089710103000277/0000897101-03-000277-index.htm",
    "finalLink": "https://www.sec.gov/Archives/edgar/data/40704/000089710103000277/genmills031703_10q.htm"
  },
  {
    "date": "2002-11-24",
    "symbol": "GIS",
    "reportedCurrency": "USD",
    "cik": "0000040704",
    "fillingDate": "2003-01-06",
    "acceptedDate": "2003-01-06 17:23:15",
    "calendarYear": "2003",
    "period": "Q2",
    "revenue": 2953000000,
    "costOfRevenue": 1768000000,
    "grossProfit": 1185000000,
    "grossProfitRatio": 0.401286827,
    "researchAndDevelopmentExpenses": 0,
    "generalAndAdministrativeExpenses": 0,
    "sellingAndMarketingExpenses": 0,
    "sellingGeneralAndAdministrativeExpenses": 623000000,
    "otherExpenses": 0,
    "operatingExpenses": 623000000,
    "costAndExpenses": 2391000000,
    "interestIncome": 0,
    "interestExpense": 0,
    "depreciationAndAmortization": 90000000,
    "ebitda": 652000000,
    "ebitdaratio": 0.2207924145,
    "operatingIncome": 562000000,
    "operatingIncomeRatio": 0.190314934,
    "totalOtherIncomeExpensesNet": -147000000,
    "incomeBeforeTax": 415000000,
    "incomeBeforeTaxRatio": 0.1405350491,
    "incomeTaxExpense": 139000000,
    "netIncome": 276000000,
    "netIncomeRatio": 0.0934642736,
    "eps": 0.38,
    "epsdiluted": 0.37,
    "weightedAverageShsOut": 736000000,
    "weightedAverageShsOutDil": 754000000,
    "link": "https://www.sec.gov/Archives/edgar/data/40704/000089710103000006/0000897101-03-000006-index.htm",
    "finalLink": "https://www.sec.gov/Archives/edgar/data/40704/000089710103000006/genmills030111_10q.htm"
  },
  {
    "date": "2002-08-25",
    "symbol": "GIS",
    "reportedCurrency": "USD",
    "cik": "0000040704",
    "fillingDate": "2002-10-07",
    "acceptedDate": "2002-10-07 14:47:10",
    "calendarYear": "2003",
    "period": "Q1",
    "revenue": 2362000000,
    "costOfRevenue": 1386000000,
    "grossProfit": 976000000,
    "grossProfitRatio": 0.4132091448,
    "researchAndDevelopmentExpenses": 0,
    "generalAndAdministrativeExpenses": 0,
    "sellingAndMarketingExpenses": 0,
    "sellingGeneralAndAdministrativeExpenses": 533000000,
    "otherExpenses": 0,
    "operatingExpenses": 533000000,
    "costAndExpenses": 1919000000,
    "interestIncome": 0,
    "interestExpense": 0,
    "depreciationAndAmortization": 90000000,
    "ebitda": 533000000,
    "ebitdaratio": 0.2256562235,
    "operatingIncome": 443000000,
    "operatingIncomeRatio": 0.1875529213,
    "totalOtherIncomeExpensesNet": -197000000,
    "incomeBeforeTax": 263000000,
    "incomeBeforeTaxRatio": 0.1113463167,
    "incomeTaxExpense": 87000000,
    "netIncome": 176000000,
    "netIncomeRatio": 0.0745131245,
    "eps": 0.24,
    "epsdiluted": 0.24,
    "weightedAverageShsOut": 752000000,
    "weightedAverageShsOutDil": 752000000,
    "link": "https://www.sec.gov/Archives/edgar/data/40704/000089710102000687/0000897101-02-000687-index.htm",
    "finalLink": "https://www.sec.gov/Archives/edgar/data/40704/000089710102000687/genmills024644_10q.txt"
  },
  {
    "date": "2002-05-26",
    "symbol": "GIS",
    "reportedCurrency": "USD",
    "cik": "0000040704",
    "fillingDate": "2002-08-14",
    "acceptedDate": "2002-08-14 10:48:12",
    "calendarYear": "2002",
    "period": "Q4",
    "revenue": 730700000,
    "costOfRevenue": 1508400000,
    "grossProfit": -777700000,
    "grossProfitRatio": -1.0643218831,
    "researchAndDevelopmentExpenses": 0,
    "generalAndAdministrativeExpenses": 0,
    "sellingAndMarketingExpenses": 0,
    "sellingGeneralAndAdministrativeExpenses": -1054800000,
    "otherExpenses": 0,
    "operatingExpenses": -1054800000,
    "costAndExpenses": 453600000,
    "interestIncome": 0,
    "interestExpense": 0,
    "depreciationAndAmortization": 92400000,
    "ebitda": 369500000,
    "ebitdaratio": 0.5056794854,
    "operatingIncome": 277100000,
    "operatingIncomeRatio": 0.3792254003,
    "totalOtherIncomeExpensesNet": -175600000,
    "incomeBeforeTax": 88500000,
    "incomeBeforeTaxRatio": 0.1211167374,
    "incomeTaxExpense": 25100000,
    "netIncome": 56700000,
    "netIncomeRatio": 0.077596825,
    "eps": 0.0754,
    "epsdiluted": 0.0754,
    "weightedAverageShsOut": 734000000,
    "weightedAverageShsOutDil": 756000000,
    "link": "https://www.sec.gov/Archives/edgar/data/40704/000089710102000567/0000897101-02-000567-index.htm",
    "finalLink": "https://www.sec.gov/Archives/edgar/data/40704/000089710102000567/genmills023880_10k.txt"
  },
  {
    "date": "2002-02-24",
    "symbol": "GIS",
    "reportedCurrency": "USD",
    "cik": "0000040704",
    "fillingDate": "2002-04-10",
    "acceptedDate": "2002-04-10 00:00:00",
    "calendarYear": "2002",
    "period": "Q3",
    "revenue": 2379000000,
    "costOfRevenue": 1467000000,
    "grossProfit": 912000000,
    "grossProfitRatio": 0.3833543506,
    "researchAndDevelopmentExpenses": 0,
    "generalAndAdministrativeExpenses": 0,
    "sellingAndMarketingExpenses": 0,
    "sellingGeneralAndAdministrativeExpenses": 615000000,
    "otherExpenses": 0,
    "operatingExpenses": 615000000,
    "costAndExpenses": 2082000000,
    "interestIncome": 0,
    "interestExpense": 0,
    "depreciationAndAmortization": 90000000,
    "ebitda": 387000000,
    "ebitdaratio": 0.1626733922,
    "operatingIncome": 297000000,
    "operatingIncomeRatio": 0.1248423707,
    "totalOtherIncomeExpensesNet": -184000000,
    "incomeBeforeTax": 113000000,
    "incomeBeforeTaxRatio": 0.0474989491,
    "incomeTaxExpense": 38000000,
    "netIncome": 82000000,
    "netIncomeRatio": 0.034468264,
    "eps": 0.12,
    "epsdiluted": 0.11,
    "weightedAverageShsOut": 731200000,
    "weightedAverageShsOutDil": 755800000,
    "link": "https://www.sec.gov/Archives/edgar/data/40704/000089710102000250/0000897101-02-000250-index.htm",
    "finalLink": "https://www.sec.gov/Archives/edgar/data/40704/000089710102000250/genmills021817_10q.htm"
  },
  {
    "date": "2001-11-25",
    "symbol": "GIS",
    "reportedCurrency": "USD",
    "cik": "0000040704",
    "fillingDate": "2002-01-09",
    "acceptedDate": "2002-01-09 00:00:00",
    "calendarYear": "2002",
    "period": "Q2",
    "revenue": 1842000000,
    "costOfRevenue": 1040000000,
    "grossProfit": 802000000,
    "grossProfitRatio": 0.4353963084,
    "researchAndDevelopmentExpenses": 0,
    "generalAndAdministrativeExpenses": 0,
    "sellingAndMarketingExpenses": 0,
    "sellingGeneralAndAdministrativeExpenses": 415000000,
    "otherExpenses": 0,
    "operatingExpenses": 415000000,
    "costAndExpenses": 1455000000,
    "interestIncome": 0,
    "interestExpense": 0,
    "depreciationAndAmortization": 61400000,
    "ebitda": 448400000,
    "ebitdaratio": 0.2434310532,
    "operatingIncome": 387000000,
    "operatingIncomeRatio": 0.2100977199,
    "totalOtherIncomeExpensesNet": -175000000,
    "incomeBeforeTax": 212000000,
    "incomeBeforeTaxRatio": 0.115092291,
    "incomeTaxExpense": 81000000,
    "netIncome": 131000000,
    "netIncomeRatio": 0.0711183496,
    "eps": 0.22,
    "epsdiluted": 0.21,
    "weightedAverageShsOut": 614800000,
    "weightedAverageShsOutDil": 636600000,
    "link": "https://www.sec.gov/Archives/edgar/data/40704/000089710102000005/0000897101-02-000005-index.htm",
    "finalLink": "https://www.sec.gov/Archives/edgar/data/40704/000089710102000005/genmills020133_10q.txt"
  },
  {
    "date": "2001-08-26",
    "symbol": "GIS",
    "reportedCurrency": "USD",
    "cik": "0000040704",
    "fillingDate": "2001-10-04",
    "acceptedDate": "2001-10-04 00:00:00",
    "calendarYear": "2002",
    "period": "Q1",
    "revenue": 1771200000,
    "costOfRevenue": 720400000,
    "grossProfit": 1050800000,
    "grossProfitRatio": 0.5932700994,
    "researchAndDevelopmentExpenses": 0,
    "generalAndAdministrativeExpenses": 0,
    "sellingAndMarketingExpenses": 0,
    "sellingGeneralAndAdministrativeExpenses": 738900000,
    "otherExpenses": 0,
    "operatingExpenses": 738900000,
    "costAndExpenses": 1459300000,
    "interestIncome": 0,
    "interestExpense": 0,
    "depreciationAndAmortization": 52600000,
    "ebitda": 364500000,
    "ebitdaratio": 0.2057926829,
    "operatingIncome": 311900000,
    "operatingIncomeRatio": 0.1760953026,
    "totalOtherIncomeExpensesNet": -25400000,
    "incomeBeforeTax": 286500000,
    "incomeBeforeTaxRatio": 0.1617547425,
    "incomeTaxExpense": 95400000,
    "netIncome": 188000000,
    "netIncomeRatio": 0.1061427281,
    "eps": 0.33,
    "epsdiluted": 0.32,
    "weightedAverageShsOut": 569400000,
    "weightedAverageShsOutDil": 589600000,
    "link": "https://www.sec.gov/Archives/edgar/data/40704/000089710101500645/0000897101-01-500645-index.htm",
    "finalLink": "https://www.sec.gov/Archives/edgar/data/40704/000089710101500645/generalmills013943_10q.txt"
  },
  {
    "date": "2001-05-27",
    "symbol": "GIS",
    "reportedCurrency": "USD",
    "cik": "0000040704",
    "fillingDate": "2001-08-15",
    "acceptedDate": "2001-08-15 00:00:00",
    "calendarYear": "2001",
    "period": "Q4",
    "revenue": 1806000000,
    "costOfRevenue": 886900000,
    "grossProfit": 919100000,
    "grossProfitRatio": 0.5089147287,
    "researchAndDevelopmentExpenses": 0,
    "generalAndAdministrativeExpenses": 0,
    "sellingAndMarketingExpenses": 0,
    "sellingGeneralAndAdministrativeExpenses": 858200000,
    "otherExpenses": -160100000,
    "operatingExpenses": 698100000,
    "costAndExpenses": 1585000000,
    "interestIncome": 0,
    "interestExpense": 0,
    "depreciationAndAmortization": 63000000,
    "ebitda": 284000000,
    "ebitdaratio": 0.1572535991,
    "operatingIncome": 221000000,
    "operatingIncomeRatio": 0.1223698782,
    "totalOtherIncomeExpensesNet": -19300000,
    "incomeBeforeTax": 201700000,
    "incomeBeforeTaxRatio": 0.111683278,
    "incomeTaxExpense": 72400000,
    "netIncome": 146000000,
    "netIncomeRatio": 0.080841639,
    "eps": 0.25,
    "epsdiluted": 0.25,
    "weightedAverageShsOut": 570400000,
    "weightedAverageShsOutDil": 587200000,
    "link": "https://www.sec.gov/Archives/edgar/data/40704/000089710101500527/0000897101-01-500527-index.htm",
    "finalLink": "https://www.sec.gov/Archives/edgar/data/40704/000089710101500527/gm012987-10k.txt"
  },
  {
    "date": "2001-02-25",
    "symbol": "GIS",
    "reportedCurrency": "USD",
    "cik": "0000040704",
    "fillingDate": "2001-04-05",
    "acceptedDate": "2001-04-05 00:00:00",
    "calendarYear": "2001",
    "period": "Q3",
    "revenue": 1701600000,
    "costOfRevenue": 651900000,
    "grossProfit": 1049700000,
    "grossProfitRatio": 0.6168899859,
    "researchAndDevelopmentExpenses": 0,
    "generalAndAdministrativeExpenses": 0,
    "sellingAndMarketingExpenses": 0,
    "sellingGeneralAndAdministrativeExpenses": 697800000,
    "otherExpenses": 56100000,
    "operatingExpenses": 753900000,
    "costAndExpenses": 1405800000,
    "interestIncome": 0,
    "interestExpense": 0,
    "depreciationAndAmortization": 56100000,
    "ebitda": 351900000,
    "ebitdaratio": 0.2068053597,
    "operatingIncome": 295800000,
    "operatingIncomeRatio": 0.1738363893,
    "totalOtherIncomeExpensesNet": -53400000,
    "incomeBeforeTax": 242400000,
    "incomeBeforeTaxRatio": 0.1424541608,
    "incomeTaxExpense": 84900000,
    "netIncome": 157500000,
    "netIncomeRatio": 0.0925599436,
    "eps": 0.28,
    "epsdiluted": 0.27,
    "weightedAverageShsOut": 568600000,
    "weightedAverageShsOutDil": 587600000,
    "link": "https://www.sec.gov/Archives/edgar/data/40704/000089710101500115/0000897101-01-500115-index.htm",
    "finalLink": "https://www.sec.gov/Archives/edgar/data/40704/000089710101500115/generalmills010796_10q.txt"
  },
  {
    "date": "2000-11-26",
    "symbol": "GIS",
    "reportedCurrency": "USD",
    "cik": "0000040704",
    "fillingDate": "2001-01-05",
    "acceptedDate": "2001-01-05 00:00:00",
    "calendarYear": "2001",
    "period": "Q2",
    "revenue": 1895200000,
    "costOfRevenue": 700200000,
    "grossProfit": 1195000000,
    "grossProfitRatio": 0.6305403124,
    "researchAndDevelopmentExpenses": 0,
    "generalAndAdministrativeExpenses": 0,
    "sellingAndMarketingExpenses": 0,
    "sellingGeneralAndAdministrativeExpenses": 785700000,
    "otherExpenses": 52900000,
    "operatingExpenses": 838600000,
    "costAndExpenses": 1538800000,
    "interestIncome": 0,
    "interestExpense": 0,
    "depreciationAndAmortization": 52900000,
    "ebitda": 409300000,
    "ebitdaratio": 0.2159666526,
    "operatingIncome": 356400000,
    "operatingIncomeRatio": 0.1880540312,
    "totalOtherIncomeExpensesNet": -46500000,
    "incomeBeforeTax": 309900000,
    "incomeBeforeTaxRatio": 0.1635183622,
    "incomeTaxExpense": 107200000,
    "netIncome": 202700000,
    "netIncomeRatio": 0.1069544111,
    "eps": 0.36,
    "epsdiluted": 0.35,
    "weightedAverageShsOut": 565800000,
    "weightedAverageShsOutDil": 580400000,
    "link": "https://www.sec.gov/Archives/edgar/data/40704/000004070401000003/0000040704-01-000003-index.htm",
    "finalLink": "https://www.sec.gov/Archives/edgar/data/40704/000004070401000003/0000040704-01-000003-0001.txt"
  },
  {
    "date": "2000-08-27",
    "symbol": "GIS",
    "reportedCurrency": "USD",
    "cik": "0000040704",
    "fillingDate": "2000-10-06",
    "acceptedDate": "2000-10-06 00:00:00",
    "calendarYear": "2001",
    "period": "Q1",
    "revenue": 1674900000,
    "costOfRevenue": 602200000,
    "grossProfit": 1072700000,
    "grossProfitRatio": 0.6404561466,
    "researchAndDevelopmentExpenses": 0,
    "generalAndAdministrativeExpenses": 0,
    "sellingAndMarketingExpenses": 0,
    "sellingGeneralAndAdministrativeExpenses": 725500000,
    "otherExpenses": 51100000,
    "operatingExpenses": 776600000,
    "costAndExpenses": 1378800000,
    "interestIncome": 0,
    "interestExpense": 0,
    "depreciationAndAmortization": 51100000,
    "ebitda": 347200000,
    "ebitdaratio": 0.207295958,
    "operatingIncome": 296100000,
    "operatingIncomeRatio": 0.1767866738,
    "totalOtherIncomeExpensesNet": -51800000,
    "incomeBeforeTax": 244300000,
    "incomeBeforeTaxRatio": 0.1458594543,
    "incomeTaxExpense": 85400000,
    "netIncome": 158900000,
    "netIncomeRatio": 0.0948713356,
    "eps": 0.28,
    "epsdiluted": 0.28,
    "weightedAverageShsOut": 567400000,
    "weightedAverageShsOutDil": 581000000,
    "link": "https://www.sec.gov/Archives/edgar/data/40704/000004070400000026/0000040704-00-000026-index.htm",
    "finalLink": "https://www.sec.gov/Archives/edgar/data/40704/000004070400000026/0000040704-00-000026-0001.txt"
  },
  {
    "date": "2000-05-28",
    "symbol": "GIS",
    "reportedCurrency": "USD",
    "cik": "0000040704",
    "fillingDate": "2000-08-18",
    "acceptedDate": "2000-08-18 00:00:00",
    "calendarYear": "2000",
    "period": "Q4",
    "revenue": 1689800000,
    "costOfRevenue": 638000000,
    "grossProfit": 1051800000,
    "grossProfitRatio": 0.6224405255,
    "researchAndDevelopmentExpenses": 0,
    "generalAndAdministrativeExpenses": 0,
    "sellingAndMarketingExpenses": 0,
    "sellingGeneralAndAdministrativeExpenses": 779100000,
    "otherExpenses": 59400000,
    "operatingExpenses": 838500000,
    "costAndExpenses": 1476500000,
    "interestIncome": 0,
    "interestExpense": 0,
    "depreciationAndAmortization": 59400000,
    "ebitda": 272700000,
    "ebitdaratio": 0.161380045,
    "operatingIncome": 213300000,
    "operatingIncomeRatio": 0.126227956,
    "totalOtherIncomeExpensesNet": -46400000,
    "incomeBeforeTax": 166900000,
    "incomeBeforeTaxRatio": 0.0987690851,
    "incomeTaxExpense": 58000000,
    "netIncome": 108900000,
    "netIncomeRatio": 0.0644454965,
    "eps": 0.18,
    "epsdiluted": 0.18,
    "weightedAverageShsOut": 576632335,
    "weightedAverageShsOutDil": 591600000,
    "link": "https://www.sec.gov/Archives/edgar/data/40704/000089710100000853/0000897101-00-000853-index.htm",
    "finalLink": "https://www.sec.gov/Archives/edgar/data/40704/000089710100000853/0000897101-00-000853-0001.txt"
  },
  {
    "date": "2000-02-27",
    "symbol": "GIS",
    "reportedCurrency": "USD",
    "cik": "0000040704",
    "fillingDate": "2000-04-11",
    "acceptedDate": "2000-04-11 00:00:00",
    "calendarYear": "2000",
    "period": "Q3",
    "revenue": 1619600000,
    "costOfRevenue": 598900000,
    "grossProfit": 1020700000,
    "grossProfitRatio": 0.6302173376,
    "researchAndDevelopmentExpenses": 0,
    "generalAndAdministrativeExpenses": 0,
    "sellingAndMarketingExpenses": 0,
    "sellingGeneralAndAdministrativeExpenses": 687400000,
    "otherExpenses": 51700000,
    "operatingExpenses": 739100000,
    "costAndExpenses": 1338000000,
    "interestIncome": 0,
    "interestExpense": 0,
    "depreciationAndAmortization": 51700000,
    "ebitda": 333300000,
    "ebitdaratio": 0.2057915535,
    "operatingIncome": 281600000,
    "operatingIncomeRatio": 0.1738700914,
    "totalOtherIncomeExpensesNet": -42000000,
    "incomeBeforeTax": 239600000,
    "incomeBeforeTaxRatio": 0.1479377624,
    "incomeTaxExpense": 86300000,
    "netIncome": 153300000,
    "netIncomeRatio": 0.0946530007,
    "eps": 0.26,
    "epsdiluted": 0.25,
    "weightedAverageShsOut": 601176471,
    "weightedAverageShsOutDil": 613200000,
    "link": "https://www.sec.gov/Archives/edgar/data/40704/000004070400000008/0000040704-00-000008-index.html",
    "finalLink": "https://www.sec.gov/Archives/edgar/data/40704/000004070400000008/"
  },
  {
    "date": "1999-11-28",
    "symbol": "GIS",
    "reportedCurrency": "USD",
    "cik": "0000040704",
    "fillingDate": "2000-01-07",
    "acceptedDate": "2000-01-07 00:00:00",
    "calendarYear": "2000",
    "period": "Q2",
    "revenue": 1817200000,
    "costOfRevenue": 678400000,
    "grossProfit": 1138800000,
    "grossProfitRatio": 0.6266784063,
    "researchAndDevelopmentExpenses": 0,
    "generalAndAdministrativeExpenses": 0,
    "sellingAndMarketingExpenses": 0,
    "sellingGeneralAndAdministrativeExpenses": 760000000,
    "otherExpenses": 49800000,
    "operatingExpenses": 809800000,
    "costAndExpenses": 1488200000,
    "interestIncome": 0,
    "interestExpense": 0,
    "depreciationAndAmortization": 49800000,
    "ebitda": 378800000,
    "ebitdaratio": 0.2084525644,
    "operatingIncome": 329000000,
    "operatingIncomeRatio": 0.1810477658,
    "totalOtherIncomeExpensesNet": -31000000,
    "incomeBeforeTax": 298000000,
    "incomeBeforeTaxRatio": 0.1639885538,
    "incomeTaxExpense": 104300000,
    "netIncome": 193700000,
    "netIncomeRatio": 0.10659256,
    "eps": 0.32,
    "epsdiluted": 0.31,
    "weightedAverageShsOut": 607000000,
    "weightedAverageShsOutDil": 626200000,
    "link": "https://www.sec.gov/Archives/edgar/data/40704/000004070400000002/0000040704-00-000002-index.html",
    "finalLink": "https://www.sec.gov/Archives/edgar/data/40704/000004070400000002/"
  },
  {
    "date": "1999-08-29",
    "symbol": "GIS",
    "reportedCurrency": "USD",
    "cik": "0000040704",
    "fillingDate": "1999-10-07",
    "acceptedDate": "1999-10-07 00:00:00",
    "calendarYear": "2000",
    "period": "Q1",
    "revenue": 1573600000,
    "costOfRevenue": 573500000,
    "grossProfit": 1000100000,
    "grossProfitRatio": 0.6355490595,
    "researchAndDevelopmentExpenses": 0,
    "generalAndAdministrativeExpenses": 0,
    "sellingAndMarketingExpenses": 0,
    "sellingGeneralAndAdministrativeExpenses": 677200000,
    "otherExpenses": 47900000,
    "operatingExpenses": 725100000,
    "costAndExpenses": 1298600000,
    "interestIncome": 0,
    "interestExpense": 0,
    "depreciationAndAmortization": 47900000,
    "ebitda": 322900000,
    "ebitdaratio": 0.2051982715,
    "operatingIncome": 275000000,
    "operatingIncomeRatio": 0.1747585155,
    "totalOtherIncomeExpensesNet": -29200000,
    "incomeBeforeTax": 245800000,
    "incomeBeforeTaxRatio": 0.1562023386,
    "incomeTaxExpense": 87300000,
    "netIncome": 158500000,
    "netIncomeRatio": 0.1007244535,
    "eps": 0.26,
    "epsdiluted": 0.25,
    "weightedAverageShsOut": 609615385,
    "weightedAverageShsOutDil": 634000000,
    "link": "https://www.sec.gov/Archives/edgar/data/40704/000004070499000034/0000040704-99-000034-index.html",
    "finalLink": "https://www.sec.gov/Archives/edgar/data/40704/000004070499000034/"
  },
  {
    "date": "1999-05-30",
    "symbol": "GIS",
    "reportedCurrency": "USD",
    "cik": "0000040704",
    "fillingDate": "1999-08-23",
    "acceptedDate": "1999-08-23 00:00:00",
    "calendarYear": "1999",
    "period": "Q4",
    "revenue": 1600500000,
    "costOfRevenue": 640200000,
    "grossProfit": 960300000,
    "grossProfitRatio": 0.6,
    "researchAndDevelopmentExpenses": 0,
    "generalAndAdministrativeExpenses": 0,
    "sellingAndMarketingExpenses": 0,
    "sellingGeneralAndAdministrativeExpenses": 714200000,
    "otherExpenses": 51800000,
    "operatingExpenses": 766000000,
    "costAndExpenses": 1406200000,
    "interestIncome": 0,
    "interestExpense": 0,
    "depreciationAndAmortization": 51800000,
    "ebitda": 246100000,
    "ebitdaratio": 0.1537644486,
    "operatingIncome": 194300000,
    "operatingIncomeRatio": 0.1213995626,
    "totalOtherIncomeExpensesNet": -31800000,
    "incomeBeforeTax": 162500000,
    "incomeBeforeTaxRatio": 0.1015307716,
    "incomeTaxExpense": 57700000,
    "netIncome": 104800000,
    "netIncomeRatio": 0.0654795376,
    "eps": 0.17,
    "epsdiluted": 0.17,
    "weightedAverageShsOut": 610428571,
    "weightedAverageShsOutDil": 626800000,
    "link": "https://www.sec.gov/Archives/edgar/data/40704/000004070499000025/0000040704-99-000025-index.html",
    "finalLink": "https://www.sec.gov/Archives/edgar/data/40704/000004070499000025/"
  },
  {
    "date": "1999-02-28",
    "symbol": "GIS",
    "reportedCurrency": "USD",
    "cik": "0000040704",
    "fillingDate": "1999-04-08",
    "acceptedDate": "1999-04-08 00:00:00",
    "calendarYear": "1999",
    "period": "Q3",
    "revenue": 1495100000,
    "costOfRevenue": 570800000,
    "grossProfit": 924300000,
    "grossProfitRatio": 0.6182195171,
    "researchAndDevelopmentExpenses": 0,
    "generalAndAdministrativeExpenses": 0,
    "sellingAndMarketingExpenses": 0,
    "sellingGeneralAndAdministrativeExpenses": 618800000,
    "otherExpenses": 48000000,
    "operatingExpenses": 666800000,
    "costAndExpenses": 1237600000,
    "interestIncome": 0,
    "interestExpense": 0,
    "depreciationAndAmortization": 48000000,
    "ebitda": 305500000,
    "ebitdaratio": 0.2043341583,
    "operatingIncome": 257500000,
    "operatingIncomeRatio": 0.1722292823,
    "totalOtherIncomeExpensesNet": -36900000,
    "incomeBeforeTax": 220600000,
    "incomeBeforeTaxRatio": 0.147548659,
    "incomeTaxExpense": 79500000,
    "netIncome": 141100000,
    "netIncomeRatio": 0.0943749582,
    "eps": 0.23,
    "epsdiluted": 0.23,
    "weightedAverageShsOut": 613478261,
    "weightedAverageShsOutDil": 627111111,
    "link": "https://www.sec.gov/Archives/edgar/data/40704/000004070499000017/0000040704-99-000017-index.html",
    "finalLink": "https://www.sec.gov/Archives/edgar/data/40704/"
  },
  {
    "date": "1998-11-29",
    "symbol": "GIS",
    "reportedCurrency": "USD",
    "cik": "0000040704",
    "fillingDate": "1999-01-08",
    "acceptedDate": "1999-01-08 00:00:00",
    "calendarYear": "1999",
    "period": "Q2",
    "revenue": 1677400000,
    "costOfRevenue": 651700000,
    "grossProfit": 1025700000,
    "grossProfitRatio": 0.6114820556,
    "researchAndDevelopmentExpenses": 0,
    "generalAndAdministrativeExpenses": 0,
    "sellingAndMarketingExpenses": 0,
    "sellingGeneralAndAdministrativeExpenses": 667800000,
    "otherExpenses": 47300000,
    "operatingExpenses": 715100000,
    "costAndExpenses": 1366800000,
    "interestIncome": 0,
    "interestExpense": 0,
    "depreciationAndAmortization": 47300000,
    "ebitda": 357900000,
    "ebitdaratio": 0.2133659235,
    "operatingIncome": 310600000,
    "operatingIncomeRatio": 0.1851675212,
    "totalOtherIncomeExpensesNet": -83300000,
    "incomeBeforeTax": 227300000,
    "incomeBeforeTaxRatio": 0.1355073328,
    "incomeTaxExpense": 83700000,
    "netIncome": 143600000,
    "netIncomeRatio": 0.0856086801,
    "eps": 0.24,
    "epsdiluted": 0.23,
    "weightedAverageShsOut": 611063830,
    "weightedAverageShsOutDil": 624347826,
    "link": "https://www.sec.gov/Archives/edgar/data/40704/000004070499000004/0000040704-99-000004-index.html",
    "finalLink": "https://www.sec.gov/Archives/edgar/data/40704/"
  },
  {
    "date": "1998-08-30",
    "symbol": "GIS",
    "reportedCurrency": "USD",
    "cik": "0000040704",
    "fillingDate": "1998-10-08",
    "acceptedDate": "1998-10-08 00:00:00",
    "calendarYear": "1999",
    "period": "Q1",
    "revenue": 1473100000,
    "costOfRevenue": 536600000,
    "grossProfit": 936500000,
    "grossProfitRatio": 0.635734166,
    "researchAndDevelopmentExpenses": 0,
    "generalAndAdministrativeExpenses": 0,
    "sellingAndMarketingExpenses": 0,
    "sellingGeneralAndAdministrativeExpenses": 634100000,
    "otherExpenses": 47100000,
    "operatingExpenses": 681200000,
    "costAndExpenses": 1217800000,
    "interestIncome": 0,
    "interestExpense": 0,
    "depreciationAndAmortization": 47100000,
    "ebitda": 302400000,
    "ebitdaratio": 0.2052813794,
    "operatingIncome": 255300000,
    "operatingIncomeRatio": 0.17330799,
    "totalOtherIncomeExpensesNet": -27200000,
    "incomeBeforeTax": 228100000,
    "incomeBeforeTaxRatio": 0.1548435273,
    "incomeTaxExpense": 83100000,
    "netIncome": 145000000,
    "netIncomeRatio": 0.0984318784,
    "eps": 0.24,
    "epsdiluted": 0.23,
    "weightedAverageShsOut": 617021277,
    "weightedAverageShsOutDil": 630434783,
    "link": "https://www.sec.gov/Archives/edgar/data/40704/000004070498000044/0000040704-98-000044-index.html",
    "finalLink": "https://www.sec.gov/Archives/edgar/data/40704/"
  },
  {
    "date": "1998-05-31",
    "symbol": "GIS",
    "reportedCurrency": "USD",
    "cik": "0000040704",
    "fillingDate": "1998-08-21",
    "acceptedDate": "1998-08-21 00:00:00",
    "calendarYear": "1998",
    "period": "Q4",
    "revenue": 1553500000,
    "costOfRevenue": 639300000,
    "grossProfit": 914200000,
    "grossProfitRatio": 0.5884776312,
    "researchAndDevelopmentExpenses": 0,
    "generalAndAdministrativeExpenses": 0,
    "sellingAndMarketingExpenses": 0,
    "sellingGeneralAndAdministrativeExpenses": 687500000,
    "otherExpenses": 50700000,
    "operatingExpenses": 738200000,
    "costAndExpenses": 1377500000,
    "interestIncome": 0,
    "interestExpense": 0,
    "depreciationAndAmortization": 50700000,
    "ebitda": 226700000,
    "ebitdaratio": 0.1459285484,
    "operatingIncome": 176000000,
    "operatingIncomeRatio": 0.1132925652,
    "totalOtherIncomeExpensesNet": -32700000,
    "incomeBeforeTax": 143300000,
    "incomeBeforeTaxRatio": 0.0922433215,
    "incomeTaxExpense": 51500000,
    "netIncome": 91800000,
    "netIncomeRatio": 0.0590923721,
    "eps": 0.14,
    "epsdiluted": 0.14,
    "weightedAverageShsOut": 625753846,
    "weightedAverageShsOutDil": 651200000,
    "link": "https://www.sec.gov/Archives/edgar/data/40704/000004070498000034/0000040704-98-000034-index.html",
    "finalLink": "https://www.sec.gov/Archives/edgar/data/40704/"
  },
  {
    "date": "1998-02-22",
    "symbol": "GIS",
    "reportedCurrency": "USD",
    "cik": "0000040704",
    "fillingDate": "1998-04-02",
    "acceptedDate": "1998-04-02 00:00:00",
    "calendarYear": "1998",
    "period": "Q3",
    "revenue": 1424700000,
    "costOfRevenue": 552400000,
    "grossProfit": 872300000,
    "grossProfitRatio": 0.6122692497,
    "researchAndDevelopmentExpenses": 0,
    "generalAndAdministrativeExpenses": 0,
    "sellingAndMarketingExpenses": 0,
    "sellingGeneralAndAdministrativeExpenses": 588100000,
    "otherExpenses": 46800000,
    "operatingExpenses": 634900000,
    "costAndExpenses": 1187300000,
    "interestIncome": 0,
    "interestExpense": 0,
    "depreciationAndAmortization": 46800000,
    "ebitda": 284200000,
    "ebitdaratio": 0.1994805924,
    "operatingIncome": 237400000,
    "operatingIncomeRatio": 0.1666315716,
    "totalOtherIncomeExpensesNet": -29000000,
    "incomeBeforeTax": 208400000,
    "incomeBeforeTaxRatio": 0.1462764091,
    "incomeTaxExpense": 77300000,
    "netIncome": 131100000,
    "netIncomeRatio": 0.0920193725,
    "eps": 0.21,
    "epsdiluted": 0.21,
    "weightedAverageShsOut": 624285714,
    "weightedAverageShsOutDil": 639512195,
    "link": "https://www.sec.gov/Archives/edgar/data/40704/000004070498000028/0000040704-98-000028-index.html",
    "finalLink": "https://www.sec.gov/Archives/edgar/data/40704/"
  },
  {
    "date": "1997-11-23",
    "symbol": "GIS",
    "reportedCurrency": "USD",
    "cik": "0000040704",
    "fillingDate": "1998-01-07",
    "acceptedDate": "1998-01-07 00:00:00",
    "calendarYear": "1998",
    "period": "Q2",
    "revenue": 1638300000,
    "costOfRevenue": 653700000,
    "grossProfit": 984600000,
    "grossProfitRatio": 0.6009888299,
    "researchAndDevelopmentExpenses": 0,
    "generalAndAdministrativeExpenses": 0,
    "sellingAndMarketingExpenses": 0,
    "sellingGeneralAndAdministrativeExpenses": 645400000,
    "otherExpenses": 48500000,
    "operatingExpenses": 693900000,
    "costAndExpenses": 1347600000,
    "interestIncome": 0,
    "interestExpense": 0,
    "depreciationAndAmortization": 48500000,
    "ebitda": 339200000,
    "ebitdaratio": 0.207043887,
    "operatingIncome": 290700000,
    "operatingIncomeRatio": 0.1774400293,
    "totalOtherIncomeExpensesNet": -194500000,
    "incomeBeforeTax": 96200000,
    "incomeBeforeTaxRatio": 0.0587194043,
    "incomeTaxExpense": 31600000,
    "netIncome": 64600000,
    "netIncomeRatio": 0.0394311176,
    "eps": 0.11,
    "epsdiluted": 0.1,
    "weightedAverageShsOut": 615238095,
    "weightedAverageShsOutDil": 646000000,
    "link": "https://www.sec.gov/Archives/edgar/data/40704/000004070498000005/0000040704-98-000005-index.html",
    "finalLink": "https://www.sec.gov/Archives/edgar/data/40704/"
  },
  {
    "date": "1997-08-24",
    "symbol": "GIS",
    "reportedCurrency": "USD",
    "cik": "0000040704",
    "fillingDate": "1997-10-03",
    "acceptedDate": "1997-10-03 00:00:00",
    "calendarYear": "1998",
    "period": "Q1",
    "revenue": 1416500000,
    "costOfRevenue": 543900000,
    "grossProfit": 872600000,
    "grossProfitRatio": 0.6160254148,
    "researchAndDevelopmentExpenses": 0,
    "generalAndAdministrativeExpenses": 0,
    "sellingAndMarketingExpenses": 0,
    "sellingGeneralAndAdministrativeExpenses": 577600000,
    "otherExpenses": 48900000,
    "operatingExpenses": 626500000,
    "costAndExpenses": 1170400000,
    "interestIncome": 0,
    "interestExpense": 0,
    "depreciationAndAmortization": 48900000,
    "ebitda": 295000000,
    "ebitdaratio": 0.2082597953,
    "operatingIncome": 246100000,
    "operatingIncomeRatio": 0.1737380868,
    "totalOtherIncomeExpensesNet": -30300000,
    "incomeBeforeTax": 215800000,
    "incomeBeforeTaxRatio": 0.152347335,
    "incomeTaxExpense": 81500000,
    "netIncome": 134300000,
    "netIncomeRatio": 0.0948111543,
    "eps": 0.21,
    "epsdiluted": 0.21,
    "weightedAverageShsOut": 639523810,
    "weightedAverageShsOutDil": 655121951,
    "link": "https://www.sec.gov/Archives/edgar/data/40704/000004070497000030/0000040704-97-000030-index.html",
    "finalLink": "https://www.sec.gov/Archives/edgar/data/40704/"
  },
  {
    "date": "1997-05-25",
    "symbol": "GIS",
    "reportedCurrency": "USD",
    "cik": "0000040704",
    "fillingDate": "1997-08-19",
    "acceptedDate": "1997-08-19 00:00:00",
    "calendarYear": "1997",
    "period": "Q4",
    "revenue": 1444000000,
    "costOfRevenue": 584900000,
    "grossProfit": 859100000,
    "grossProfitRatio": 0.5949445983,
    "researchAndDevelopmentExpenses": 0,
    "generalAndAdministrativeExpenses": 0,
    "sellingAndMarketingExpenses": 0,
    "sellingGeneralAndAdministrativeExpenses": 671000000,
    "otherExpenses": 51800000,
    "operatingExpenses": 722800000,
    "costAndExpenses": 1307700000,
    "interestIncome": 0,
    "interestExpense": 0,
    "depreciationAndAmortization": 51800000,
    "ebitda": 188100000,
    "ebitdaratio": 0.1302631579,
    "operatingIncome": 136300000,
    "operatingIncomeRatio": 0.0943905817,
    "totalOtherIncomeExpensesNet": -29500000,
    "incomeBeforeTax": 106800000,
    "incomeBeforeTaxRatio": 0.0739612188,
    "incomeTaxExpense": 38600000,
    "netIncome": 68200000,
    "netIncomeRatio": 0.0472299169,
    "eps": 0.1,
    "epsdiluted": 0.1,
    "weightedAverageShsOut": 641092199,
    "weightedAverageShsOutDil": 665200000,
    "link": "https://www.sec.gov/Archives/edgar/data/40704/000004070497000025/0000040704-97-000025-index.html",
    "finalLink": "https://www.sec.gov/Archives/edgar/data/40704/"
  },
  {
    "date": "1997-02-23",
    "symbol": "GIS",
    "reportedCurrency": "USD",
    "cik": "0000040704",
    "fillingDate": "1997-04-03",
    "acceptedDate": "1997-04-03 00:00:00",
    "calendarYear": "1997",
    "period": "Q3",
    "revenue": 1289600000,
    "costOfRevenue": 548300000,
    "grossProfit": 741300000,
    "grossProfitRatio": 0.5748294045,
    "researchAndDevelopmentExpenses": 0,
    "generalAndAdministrativeExpenses": 0,
    "sellingAndMarketingExpenses": 0,
    "sellingGeneralAndAdministrativeExpenses": 470000000,
    "otherExpenses": 45100000,
    "operatingExpenses": 515100000,
    "costAndExpenses": 1063400000,
    "interestIncome": 0,
    "interestExpense": 0,
    "depreciationAndAmortization": 45100000,
    "ebitda": 271300000,
    "ebitdaratio": 0.2103753102,
    "operatingIncome": 226200000,
    "operatingIncomeRatio": 0.1754032258,
    "totalOtherIncomeExpensesNet": -30700000,
    "incomeBeforeTax": 195500000,
    "incomeBeforeTaxRatio": 0.1515973945,
    "incomeTaxExpense": 72700000,
    "netIncome": 122800000,
    "netIncomeRatio": 0.0952233251,
    "eps": 0.2,
    "epsdiluted": 0.19,
    "weightedAverageShsOut": 629743590,
    "weightedAverageShsOutDil": 646315789,
    "link": "https://www.sec.gov/Archives/edgar/data/40704/000004070497000014/0000040704-97-000014-index.html",
    "finalLink": "https://www.sec.gov/Archives/edgar/data/40704/"
  },
  {
    "date": "1996-11-24",
    "symbol": "GIS",
    "reportedCurrency": "USD",
    "cik": "0000040704",
    "fillingDate": "1997-01-07",
    "acceptedDate": "1997-01-07 00:00:00",
    "calendarYear": "1997",
    "period": "Q2",
    "revenue": 1560100000,
    "costOfRevenue": 659400000,
    "grossProfit": 900700000,
    "grossProfitRatio": 0.5773347862,
    "researchAndDevelopmentExpenses": 0,
    "generalAndAdministrativeExpenses": 0,
    "sellingAndMarketingExpenses": 0,
    "sellingGeneralAndAdministrativeExpenses": 587500000,
    "otherExpenses": 43000000,
    "operatingExpenses": 630500000,
    "costAndExpenses": 1289900000,
    "interestIncome": 0,
    "interestExpense": 0,
    "depreciationAndAmortization": 43000000,
    "ebitda": 313200000,
    "ebitdaratio": 0.2007563618,
    "operatingIncome": 270200000,
    "operatingIncomeRatio": 0.173194026,
    "totalOtherIncomeExpensesNet": -23000000,
    "incomeBeforeTax": 247200000,
    "incomeBeforeTaxRatio": 0.1584513813,
    "incomeTaxExpense": 90500000,
    "netIncome": 156700000,
    "netIncomeRatio": 0.1004422793,
    "eps": 0.25,
    "epsdiluted": 0.25,
    "weightedAverageShsOut": 626800000,
    "weightedAverageShsOutDil": 639591837,
    "link": "https://www.sec.gov/Archives/edgar/data/40704/000004070497000003/0000040704-97-000003-index.html",
    "finalLink": "https://www.sec.gov/Archives/edgar/data/40704/"
  },
  {
    "date": "1996-08-25",
    "symbol": "GIS",
    "reportedCurrency": "USD",
    "cik": "0000040704",
    "fillingDate": "1996-10-03",
    "acceptedDate": "1996-10-03 00:00:00",
    "calendarYear": "1997",
    "period": "Q1",
    "revenue": 1315600000,
    "costOfRevenue": 535800000,
    "grossProfit": 779800000,
    "grossProfitRatio": 0.5927333536,
    "researchAndDevelopmentExpenses": 0,
    "generalAndAdministrativeExpenses": 0,
    "sellingAndMarketingExpenses": 0,
    "sellingGeneralAndAdministrativeExpenses": 510700000,
    "otherExpenses": 42900000,
    "operatingExpenses": 553600000,
    "costAndExpenses": 1089400000,
    "interestIncome": 0,
    "interestExpense": 0,
    "depreciationAndAmortization": 42900000,
    "ebitda": 269100000,
    "ebitdaratio": 0.2045454545,
    "operatingIncome": 226200000,
    "operatingIncomeRatio": 0.1719367589,
    "totalOtherIncomeExpensesNet": -72000000,
    "incomeBeforeTax": 154200000,
    "incomeBeforeTaxRatio": 0.1172088781,
    "incomeTaxExpense": 56500000,
    "netIncome": 97700000,
    "netIncomeRatio": 0.0742626938,
    "eps": 0.16,
    "epsdiluted": 0.16,
    "weightedAverageShsOut": 630322581,
    "weightedAverageShsOutDil": 630322581,
    "link": "https://www.sec.gov/Archives/edgar/data/40704/000004070496000017/0000040704-96-000017-index.html",
    "finalLink": "https://www.sec.gov/Archives/edgar/data/40704/"
  },
  {
    "date": "1996-05-26",
    "symbol": "GIS",
    "reportedCurrency": "USD",
    "cik": "0000040704",
    "fillingDate": "1996-08-23",
    "acceptedDate": "1996-08-23 00:00:00",
    "calendarYear": "1996",
    "period": "Q4",
    "revenue": 1382100000,
    "costOfRevenue": 586200000,
    "grossProfit": 795900000,
    "grossProfitRatio": 0.5758628175,
    "researchAndDevelopmentExpenses": 0,
    "generalAndAdministrativeExpenses": 0,
    "sellingAndMarketingExpenses": 0,
    "sellingGeneralAndAdministrativeExpenses": 594900000,
    "otherExpenses": 48300000,
    "operatingExpenses": 643200000,
    "costAndExpenses": 1229400000,
    "interestIncome": 0,
    "interestExpense": 0,
    "depreciationAndAmortization": 48300000,
    "ebitda": 201000000,
    "ebitdaratio": 0.1454308661,
    "operatingIncome": 152700000,
    "operatingIncomeRatio": 0.110484046,
    "totalOtherIncomeExpensesNet": -26300000,
    "incomeBeforeTax": 126400000,
    "incomeBeforeTaxRatio": 0.0914550322,
    "incomeTaxExpense": 48900000,
    "netIncome": 77500000,
    "netIncomeRatio": 0.0560740902,
    "eps": 0.12,
    "epsdiluted": 0.12,
    "weightedAverageShsOut": 636800000,
    "weightedAverageShsOutDil": 636800000,
    "link": "https://www.sec.gov/Archives/edgar/data/40704/000091205796018678/0000912057-96-018678-index.html",
    "finalLink": "https://www.sec.gov/Archives/edgar/data/40704/"
  },
  {
    "date": "1996-02-25",
    "symbol": "GIS",
    "reportedCurrency": "USD",
    "cik": "0000040704",
    "fillingDate": "1996-04-08",
    "acceptedDate": "1996-04-08 00:00:00",
    "calendarYear": "1996",
    "period": "Q3",
    "revenue": 1309200000,
    "costOfRevenue": 533100000,
    "grossProfit": 776100000,
    "grossProfitRatio": 0.5928047663,
    "researchAndDevelopmentExpenses": 0,
    "generalAndAdministrativeExpenses": 0,
    "sellingAndMarketingExpenses": 0,
    "sellingGeneralAndAdministrativeExpenses": 523100000,
    "otherExpenses": 45000000,
    "operatingExpenses": 568100000,
    "costAndExpenses": 1101200000,
    "interestIncome": 0,
    "interestExpense": 0,
    "depreciationAndAmortization": 45000000,
    "ebitda": 253000000,
    "ebitdaratio": 0.1932477849,
    "operatingIncome": 208000000,
    "operatingIncomeRatio": 0.1588756493,
    "totalOtherIncomeExpensesNet": -25100000,
    "incomeBeforeTax": 182900000,
    "incomeBeforeTaxRatio": 0.1397036358,
    "incomeTaxExpense": 66600000,
    "netIncome": 116300000,
    "netIncomeRatio": 0.088832875,
    "eps": 0.19,
    "epsdiluted": 0.19,
    "weightedAverageShsOut": 628648649,
    "weightedAverageShsOutDil": 628648649,
    "link": "https://www.sec.gov/Archives/edgar/data/40704/000004070496000012/0000040704-96-000012-index.html",
    "finalLink": "https://www.sec.gov/Archives/edgar/data/40704/"
  },
  {
    "date": "1995-11-26",
    "symbol": "GIS",
    "reportedCurrency": "USD",
    "cik": "0000040704",
    "fillingDate": "1996-01-08",
    "acceptedDate": "1996-01-08 00:00:00",
    "calendarYear": "1996",
    "period": "Q2",
    "revenue": 1448400000,
    "costOfRevenue": 596100000,
    "grossProfit": 852300000,
    "grossProfitRatio": 0.5884424192,
    "researchAndDevelopmentExpenses": 0,
    "generalAndAdministrativeExpenses": 0,
    "sellingAndMarketingExpenses": 0,
    "sellingGeneralAndAdministrativeExpenses": 551700000,
    "otherExpenses": 46700000,
    "operatingExpenses": 598400000,
    "costAndExpenses": 1194500000,
    "interestIncome": 0,
    "interestExpense": 0,
    "depreciationAndAmortization": 46700000,
    "ebitda": 300600000,
    "ebitdaratio": 0.2075393538,
    "operatingIncome": 253900000,
    "operatingIncomeRatio": 0.1752968793,
    "totalOtherIncomeExpensesNet": -25800000,
    "incomeBeforeTax": 228100000,
    "incomeBeforeTaxRatio": 0.1574841204,
    "incomeTaxExpense": 82400000,
    "netIncome": 145700000,
    "netIncomeRatio": 0.1005937586,
    "eps": 0.23,
    "epsdiluted": 0.23,
    "weightedAverageShsOut": 633478261,
    "weightedAverageShsOutDil": 633478261,
    "link": "https://www.sec.gov/Archives/edgar/data/40704/000004070496000004/0000040704-96-000004-index.html",
    "finalLink": "https://www.sec.gov/Archives/edgar/data/40704/"
  }
]