[
  {
    "date": "2025-05-25",
    "symbol": "GIS",
    "reportedCurrency": "USD",
    "cik": "0000040704",
    "fillingDate": "2025-06-26",
    "acceptedDate": "2025-06-25 18:05:55",
    "calendarYear": "2025",
    "period": "FY",
    "revenue": 19486600000,
    "costOfRevenue": 12759600000,
    "grossProfit": 6727000000,
    "grossProfitRatio": 0.3452115813,
    "researchAndDevelopmentExpenses": 0,
    "generalAndAdministrativeExpenses": 2530000000,
    "sellingAndMarketingExpenses": 847500000,
    "sellingGeneralAndAdministrativeExpenses": 3377500000,
    "otherExpenses": 68300000,
    "operatingExpenses": 3445800000,
    "costAndExpenses": 16181800000,
    "interestIncome": 24600000,
    "interestExpense": 549300000,
    "depreciationAndAmortization": 539000000,
    "ebitda": 3922800000,
    "ebitdaratio": 0.2013075652,
    "operatingIncome": 3299700000,
    "operatingIncomeRatio": 0.1693317459,
    "totalOtherIncomeExpensesNet": -407100000,
    "incomeBeforeTax": 2892600000,
    "incomeBeforeTaxRatio": 0.1484404668,
    "incomeTaxExpense": 573700000,
    "netIncome": 2284700000,
    "netIncomeRatio": 0.1172446707,
    "eps": 4.12,
    "epsdiluted": 4.1,
    "weightedAverageShsOut": 554500000,
    "weightedAverageShsOutDil": 557500000,
    "link": "https://www.sec.gov/Archives/edgar/data/40704/000119312525147079/0001193125-25-147079-index.htm",
    "finalLink": "https://www.sec.gov/Archives/edgar/data/40704/000119312525147079/d938443d10k.htm"
  },
  {
    "date": "2024-05-26",
    "symbol": "GIS",
    "reportedCurrency": "USD",
    "cik": "0000040704",
    "fillingDate": "2024-06-26",
    "acceptedDate": "2024-06-26 14:50:47",
    "calendarYear": "2024",
    "period": "FY",
    "revenue": 19857200000,
    "costOfRevenue": 12925100000,
    "grossProfit": 6932100000,
    "grossProfitRatio": 0.3490975566,
    "researchAndDevelopmentExpenses": 0,
    "generalAndAdministrativeExpenses": 2358400000,
    "sellingAndMarketingExpenses": 824600000,
    "sellingGeneralAndAdministrativeExpenses": 3183000000,
    "otherExpenses": 317400000,
    "operatingExpenses": 3500400000,
    "costAndExpenses": 16425500000,
    "interestIncome": 18800000,
    "interestExpense": 503100000,
    "depreciationAndAmortization": 552700000,
    "ebitda": 4079000000,
    "ebitdaratio": 0.2054166751,
    "operatingIncome": 3431700000,
    "operatingIncomeRatio": 0.1728189271,
    "totalOtherIncomeExpensesNet": -318600000,
    "incomeBeforeTax": 3113100000,
    "incomeBeforeTaxRatio": 0.156774369,
    "incomeTaxExpense": 594500000,
    "netIncome": 2496600000,
    "netIncomeRatio": 0.1257276957,
    "eps": 4.34,
    "epsdiluted": 4.31,
    "weightedAverageShsOut": 575500000,
    "weightedAverageShsOutDil": 579500000,
    "link": "https://www.sec.gov/Archives/edgar/data/40704/000119312524168943/0001193125-24-168943-index.htm",
    "finalLink": "https://www.sec.gov/Archives/edgar/data/40704/000119312524168943/d764890d10k.htm"
  },
  {
    "date": "2023-05-28",
    "symbol": "GIS",
    "reportedCurrency": "USD",
    "cik": "0000040704",
    "fillingDate": "2023-06-28",
    "acceptedDate": "2023-06-28 16:09:00",
    "calendarYear": "2023",
    "period": "FY",
    "revenue": 20094200000,
    "costOfRevenue": 13548400000,
    "grossProfit": 6545800000,
    "grossProfitRatio": 0.3257556907,
    "researchAndDevelopmentExpenses": 0,
    "generalAndAdministrativeExpenses": 2595700000,
    "sellingAndMarketingExpenses": 810000000,
    "sellingGeneralAndAdministrativeExpenses": 3405700000,
    "otherExpenses": -293700000,
    "operatingExpenses": 3112000000,
    "costAndExpenses": 16660400000,
    "interestIncome": 14000000,
    "interestExpense": 393400000,
    "depreciationAndAmortization": 546600000,
    "ebitda": 4083200000,
    "ebitdaratio": 0.2032029143,
    "operatingIncome": 3433800000,
    "operatingIncomeRatio": 0.170885131,
    "totalOtherIncomeExpensesNet": -212000000,
    "incomeBeforeTax": 3221800000,
    "incomeBeforeTaxRatio": 0.160334823,
    "incomeTaxExpense": 612200000,
    "netIncome": 2593900000,
    "netIncomeRatio": 0.1290870002,
    "eps": 4.36,
    "epsdiluted": 4.31,
    "weightedAverageShsOut": 594800000,
    "weightedAverageShsOutDil": 601200000,
    "link": "https://www.sec.gov/Archives/edgar/data/40704/000119312523177500/0001193125-23-177500-index.htm",
    "finalLink": "https://www.sec.gov/Archives/edgar/data/40704/000119312523177500/d523469d10k.htm"
  },
  {
    "date": "2022-05-29",
    "symbol": "GIS",
    "reportedCurrency": "USD",
    "cik": "0000040704",
    "fillingDate": "2022-06-30",
    "acceptedDate": "2022-06-29 18:55:52",
    "calendarYear": "2022",
    "period": "FY",
    "revenue": 18992800000,
    "costOfRevenue": 12590600000,
    "grossProfit": 6402200000,
    "grossProfitRatio": 0.3370856325,
    "researchAndDevelopmentExpenses": 0,
    "generalAndAdministrativeExpenses": 2343500000,
    "sellingAndMarketingExpenses": 690100000,
    "sellingGeneralAndAdministrativeExpenses": 3033600000,
    "otherExpenses": -107200000,
    "operatingExpenses": 2926400000,
    "costAndExpenses": 15517000000,
    "interestIncome": 3800000,
    "interestExpense": 376600000,
    "depreciationAndAmortization": 570300000,
    "ebitda": 4163300000,
    "ebitdaratio": 0.2192041195,
    "operatingIncome": 3475800000,
    "operatingIncomeRatio": 0.1830061918,
    "totalOtherIncomeExpensesNet": -154500000,
    "incomeBeforeTax": 3321300000,
    "incomeBeforeTaxRatio": 0.1748715303,
    "incomeTaxExpense": 586300000,
    "netIncome": 2707300000,
    "netIncomeRatio": 0.1425434902,
    "eps": 4.46,
    "epsdiluted": 4.42,
    "weightedAverageShsOut": 607500000,
    "weightedAverageShsOutDil": 612600000,
    "link": "https://www.sec.gov/Archives/edgar/data/40704/000119312522185257/0001193125-22-185257-index.htm",
    "finalLink": "https://www.sec.gov/Archives/edgar/data/40704/000119312522185257/d313744d10k.htm"
  },
  {
    "date": "2021-05-30",
    "symbol": "GIS",
    "reportedCurrency": "USD",
    "cik": "0000040704",
    "fillingDate": "2021-06-30",
    "acceptedDate": "2021-06-30 16:57:07",
    "calendarYear": "2021",
    "period": "FY",
    "revenue": 18127000000,
    "costOfRevenue": 11678700000,
    "grossProfit": 6448300000,
    "grossProfitRatio": 0.355729023,
    "researchAndDevelopmentExpenses": 0,
    "generalAndAdministrativeExpenses": 2210400000,
    "sellingAndMarketingExpenses": 736300000,
    "sellingGeneralAndAdministrativeExpenses": 2946700000,
    "otherExpenses": 356800000,
    "operatingExpenses": 3303500000,
    "costAndExpenses": 14982200000,
    "interestIncome": 7400000,
    "interestExpense": 418000000,
    "depreciationAndAmortization": 601300000,
    "ebitda": 3886400000,
    "ebitdaratio": 0.2143984112,
    "operatingIncome": 3144800000,
    "operatingIncomeRatio": 0.1734870635,
    "totalOtherIncomeExpensesNet": -169700000,
    "incomeBeforeTax": 2975100000,
    "incomeBeforeTaxRatio": 0.1641253379,
    "incomeTaxExpense": 629100000,
    "netIncome": 2339800000,
    "netIncomeRatio": 0.1290781707,
    "eps": 3.81,
    "epsdiluted": 3.78,
    "weightedAverageShsOut": 614100000,
    "weightedAverageShsOutDil": 619100000,
    "link": "https://www.sec.gov/Archives/edgar/data/40704/000119312521204830/0001193125-21-204830-index.htm",
    "finalLink": "https://www.sec.gov/Archives/edgar/data/40704/000119312521204830/d184854d10k.htm"
  },
  {
    "date": "2020-05-31",
    "symbol": "GIS",
    "reportedCurrency": "USD",
    "cik": "0000040704",
    "fillingDate": "2020-07-02",
    "acceptedDate": "2020-07-02 13:50:10",
    "calendarYear": "2020",
    "period": "FY",
    "revenue": 17626600000,
    "costOfRevenue": 11496700000,
    "grossProfit": 6129900000,
    "grossProfitRatio": 0.3477641746,
    "researchAndDevelopmentExpenses": 0,
    "generalAndAdministrativeExpenses": 2347000000,
    "sellingAndMarketingExpenses": 691800000,
    "sellingGeneralAndAdministrativeExpenses": 3038800000,
    "otherExpenses": 137200000,
    "operatingExpenses": 3176000000,
    "costAndExpenses": 14672700000,
    "interestIncome": 6000000,
    "interestExpense": 461000000,
    "depreciationAndAmortization": 594700000,
    "ebitda": 3667400000,
    "ebitdaratio": 0.2080605449,
    "operatingIncome": 2953900000,
    "operatingIncomeRatio": 0.16758195,
    "totalOtherIncomeExpensesNet": -262600000,
    "incomeBeforeTax": 2691300000,
    "incomeBeforeTaxRatio": 0.1526840117,
    "incomeTaxExpense": 480500000,
    "netIncome": 2181200000,
    "netIncomeRatio": 0.1237447948,
    "eps": 3.59,
    "epsdiluted": 3.56,
    "weightedAverageShsOut": 608100000,
    "weightedAverageShsOutDil": 613300000,
    "link": "https://www.sec.gov/Archives/edgar/data/40704/000119312520186469/0001193125-20-186469-index.htm",
    "finalLink": "https://www.sec.gov/Archives/edgar/data/40704/000119312520186469/d89717d10k.htm"
  },
  {
    "date": "2019-05-26",
    "symbol": "GIS",
    "reportedCurrency": "USD",
    "cik": "0000040704",
    "fillingDate": "2019-06-28",
    "acceptedDate": "2019-06-27 20:12:37",
    "calendarYear": "2019",
    "period": "FY",
    "revenue": 16865200000,
    "costOfRevenue": 11108400000,
    "grossProfit": 5756800000,
    "grossProfitRatio": 0.3413419349,
    "researchAndDevelopmentExpenses": 0,
    "generalAndAdministrativeExpenses": 2246300000,
    "sellingAndMarketingExpenses": 601600000,
    "sellingGeneralAndAdministrativeExpenses": 2847900000,
    "otherExpenses": 393000000,
    "operatingExpenses": 3240900000,
    "costAndExpenses": 14349300000,
    "interestIncome": 5600000,
    "interestExpense": 518200000,
    "depreciationAndAmortization": 620100000,
    "ebitda": 3229500000,
    "ebitdaratio": 0.1914889832,
    "operatingIncome": 2515900000,
    "operatingIncomeRatio": 0.1491770035,
    "totalOtherIncomeExpensesNet": -361900000,
    "incomeBeforeTax": 2154000000,
    "incomeBeforeTaxRatio": 0.1277186158,
    "incomeTaxExpense": 367800000,
    "netIncome": 1752700000,
    "netIncomeRatio": 0.1039240566,
    "eps": 2.92,
    "epsdiluted": 2.9,
    "weightedAverageShsOut": 600400000,
    "weightedAverageShsOutDil": 605400000,
    "link": "https://www.sec.gov/Archives/edgar/data/40704/000119312519184675/0001193125-19-184675-index.htm",
    "finalLink": "https://www.sec.gov/Archives/edgar/data/40704/000119312519184675/d725716d10k.htm"
  },
  {
    "date": "2018-05-27",
    "symbol": "GIS",
    "reportedCurrency": "USD",
    "cik": "0000040704",
    "fillingDate": "2018-06-29",
    "acceptedDate": "2018-06-29 14:27:14",
    "calendarYear": "2018",
    "period": "FY",
    "revenue": 15740400000,
    "costOfRevenue": 10304800000,
    "grossProfit": 5435600000,
    "grossProfitRatio": 0.3453279459,
    "researchAndDevelopmentExpenses": 0,
    "generalAndAdministrativeExpenses": 2184800000,
    "sellingAndMarketingExpenses": 575900000,
    "sellingGeneralAndAdministrativeExpenses": 2760700000,
    "otherExpenses": 255000000,
    "operatingExpenses": 3015700000,
    "costAndExpenses": 13320500000,
    "interestIncome": 11700000,
    "interestExpense": 398700000,
    "depreciationAndAmortization": 618800000,
    "ebitda": 3139800000,
    "ebitdaratio": 0.1994739651,
    "operatingIncome": 2419900000,
    "operatingIncomeRatio": 0.1537381515,
    "totalOtherIncomeExpensesNet": -199600000,
    "incomeBeforeTax": 2220300000,
    "incomeBeforeTaxRatio": 0.1410574064,
    "incomeTaxExpense": 57300000,
    "netIncome": 2131000000,
    "netIncomeRatio": 0.1353841071,
    "eps": 3.69,
    "epsdiluted": 3.64,
    "weightedAverageShsOut": 576800000,
    "weightedAverageShsOutDil": 585700000,
    "link": "https://www.sec.gov/Archives/edgar/data/40704/000119312518209377/0001193125-18-209377-index.htm",
    "finalLink": "https://www.sec.gov/Archives/edgar/data/40704/000119312518209377/d564680d10k.htm"
  },
  {
    "date": "2017-05-28",
    "symbol": "GIS",
    "reportedCurrency": "USD",
    "cik": "0000040704",
    "fillingDate": "2017-06-29",
    "acceptedDate": "2017-06-29 07:18:57",
    "calendarYear": "2017",
    "period": "FY",
    "revenue": 15619800000,
    "costOfRevenue": 10052000000,
    "grossProfit": 5567800000,
    "grossProfitRatio": 0.3564578292,
    "researchAndDevelopmentExpenses": 0,
    "generalAndAdministrativeExpenses": 0,
    "sellingAndMarketingExpenses": 0,
    "sellingGeneralAndAdministrativeExpenses": 2888800000,
    "otherExpenses": 186900000,
    "operatingExpenses": 3075700000,
    "costAndExpenses": 13127700000,
    "interestIncome": 7000000,
    "interestExpense": 301500000,
    "depreciationAndAmortization": 603600000,
    "ebitda": 3177000000,
    "ebitdaratio": 0.2033956901,
    "operatingIncome": 2492100000,
    "operatingIncomeRatio": 0.1595474974,
    "totalOtherIncomeExpensesNet": -135800000,
    "incomeBeforeTax": 2356300000,
    "incomeBeforeTaxRatio": 0.150853404,
    "incomeTaxExpense": 655200000,
    "netIncome": 1657500000,
    "netIncomeRatio": 0.1061153152,
    "eps": 2.82,
    "epsdiluted": 2.77,
    "weightedAverageShsOut": 587100000,
    "weightedAverageShsOutDil": 598000000,
    "link": "https://www.sec.gov/Archives/edgar/data/40704/000119312517217396/0001193125-17-217396-index.htm",
    "finalLink": "https://www.sec.gov/Archives/edgar/data/40704/000119312517217396/d363051d10k.htm"
  },
  {
    "date": "2016-05-29",
    "symbol": "GIS",
    "reportedCurrency": "USD",
    "cik": "0000040704",
    "fillingDate": "2016-06-30",
    "acceptedDate": "2016-06-30 17:01:08",
    "calendarYear": "2016",
    "period": "FY",
    "revenue": 16563100000,
    "costOfRevenue": 10733600000,
    "grossProfit": 5829500000,
    "grossProfitRatio": 0.3519570612,
    "researchAndDevelopmentExpenses": 0,
    "generalAndAdministrativeExpenses": 0,
    "sellingAndMarketingExpenses": 0,
    "sellingGeneralAndAdministrativeExpenses": 3118900000,
    "otherExpenses": 3200000,
    "operatingExpenses": 3122100000,
    "costAndExpenses": 13855700000,
    "interestIncome": 8100000,
    "interestExpense": 301300000,
    "depreciationAndAmortization": 608100000,
    "ebitda": 3323600000,
    "ebitdaratio": 0.2006629194,
    "operatingIncome": 2707400000,
    "operatingIncomeRatio": 0.1634597388,
    "totalOtherIncomeExpensesNet": -215400000,
    "incomeBeforeTax": 2492000000,
    "incomeBeforeTaxRatio": 0.1504549269,
    "incomeTaxExpense": 755200000,
    "netIncome": 1697400000,
    "netIncomeRatio": 0.1024808158,
    "eps": 2.83,
    "epsdiluted": 2.77,
    "weightedAverageShsOut": 598400000,
    "weightedAverageShsOutDil": 611200000,
    "link": "https://www.sec.gov/Archives/edgar/data/40704/000119312516638404/0001193125-16-638404-index.htm",
    "finalLink": "https://www.sec.gov/Archives/edgar/data/40704/000119312516638404/d221637d10k.htm"
  },
  {
    "date": "2015-05-31",
    "symbol": "GIS",
    "reportedCurrency": "USD",
    "cik": "0000040704",
    "fillingDate": "2015-07-06",
    "acceptedDate": "2015-07-06 15:25:51",
    "calendarYear": "2015",
    "period": "FY",
    "revenue": 17630300000,
    "costOfRevenue": 11681100000,
    "grossProfit": 5949200000,
    "grossProfitRatio": 0.3374417906,
    "researchAndDevelopmentExpenses": 0,
    "generalAndAdministrativeExpenses": 0,
    "sellingAndMarketingExpenses": 0,
    "sellingGeneralAndAdministrativeExpenses": 3328000000,
    "otherExpenses": 543900000,
    "operatingExpenses": 3871900000,
    "costAndExpenses": 15553000000,
    "interestIncome": 13200000,
    "interestExpense": 319000000,
    "depreciationAndAmortization": 588300000,
    "ebitda": 2678800000,
    "ebitdaratio": 0.1519429618,
    "operatingIncome": 2077300000,
    "operatingIncomeRatio": 0.1178255617,
    "totalOtherIncomeExpensesNet": -231100000,
    "incomeBeforeTax": 1846200000,
    "incomeBeforeTaxRatio": 0.1047174467,
    "incomeTaxExpense": 586800000,
    "netIncome": 1221300000,
    "netIncomeRatio": 0.0692727861,
    "eps": 2.02,
    "epsdiluted": 1.97,
    "weightedAverageShsOut": 599900000,
    "weightedAverageShsOutDil": 614900000,
    "link": "https://www.sec.gov/Archives/edgar/data/40704/000119312515245476/0001193125-15-245476-index.htm",
    "finalLink": "https://www.sec.gov/Archives/edgar/data/40704/000119312515245476/d947722d10k.htm"
  },
  {
    "date": "2014-05-25",
    "symbol": "GIS",
    "reportedCurrency": "USD",
    "cik": "0000040704",
    "fillingDate": "2014-07-03",
    "acceptedDate": "2014-07-03 15:00:07",
    "calendarYear": "2014",
    "period": "FY",
    "revenue": 17909600000,
    "costOfRevenue": 11539800000,
    "grossProfit": 6369800000,
    "grossProfitRatio": 0.3556640014,
    "researchAndDevelopmentExpenses": 0,
    "generalAndAdministrativeExpenses": 0,
    "sellingAndMarketingExpenses": 0,
    "sellingGeneralAndAdministrativeExpenses": 3474300000,
    "otherExpenses": -61900000,
    "operatingExpenses": 3412400000,
    "costAndExpenses": 14952200000,
    "interestIncome": 16100000,
    "interestExpense": 307000000,
    "depreciationAndAmortization": 585400000,
    "ebitda": 3558900000,
    "ebitdaratio": 0.1987146558,
    "operatingIncome": 2957400000,
    "operatingIncomeRatio": 0.1651293161,
    "totalOtherIncomeExpensesNet": -212800000,
    "incomeBeforeTax": 2744600000,
    "incomeBeforeTaxRatio": 0.1532474204,
    "incomeTaxExpense": 883300000,
    "netIncome": 1824400000,
    "netIncomeRatio": 0.101867155,
    "eps": 2.9,
    "epsdiluted": 2.83,
    "weightedAverageShsOut": 628600000,
    "weightedAverageShsOutDil": 645700000,
    "link": "https://www.sec.gov/Archives/edgar/data/40704/000119312514260716/0001193125-14-260716-index.htm",
    "finalLink": "https://www.sec.gov/Archives/edgar/data/40704/000119312514260716/d749341d10k.htm"
  },
  {
    "date": "2013-05-26",
    "symbol": "GIS",
    "reportedCurrency": "USD",
    "cik": "0000040704",
    "fillingDate": "2013-07-03",
    "acceptedDate": "2013-07-03 13:18:48",
    "calendarYear": "2013",
    "period": "FY",
    "revenue": 17774100000,
    "costOfRevenue": 11350200000,
    "grossProfit": 6423900000,
    "grossProfitRatio": 0.3614191436,
    "researchAndDevelopmentExpenses": 0,
    "generalAndAdministrativeExpenses": 0,
    "sellingAndMarketingExpenses": 0,
    "sellingGeneralAndAdministrativeExpenses": 3552300000,
    "otherExpenses": 19800000,
    "operatingExpenses": 3572100000,
    "costAndExpenses": 14922300000,
    "interestIncome": 12600000,
    "interestExpense": 317800000,
    "depreciationAndAmortization": 588000000,
    "ebitda": 3452400000,
    "ebitdaratio": 0.1942376829,
    "operatingIncome": 2848000000,
    "operatingIncomeRatio": 0.1602331482,
    "totalOtherIncomeExpensesNet": -214300000,
    "incomeBeforeTax": 2633700000,
    "incomeBeforeTaxRatio": 0.148176279,
    "incomeTaxExpense": 741200000,
    "netIncome": 1855200000,
    "netIncomeRatio": 0.1043765929,
    "eps": 2.86,
    "epsdiluted": 2.79,
    "weightedAverageShsOut": 648600000,
    "weightedAverageShsOutDil": 665600000,
    "link": "https://www.sec.gov/Archives/edgar/data/40704/000119312513282371/0001193125-13-282371-index.htm",
    "finalLink": "https://www.sec.gov/Archives/edgar/data/40704/000119312513282371/d562041d10k.htm"
  },
  {
    "date": "2012-05-27",
    "symbol": "GIS",
    "reportedCurrency": "USD",
    "cik": "0000040704",
    "fillingDate": "2012-07-03",
    "acceptedDate": "2012-07-03 15:26:19",
    "calendarYear": "2012",
    "period": "FY",
    "revenue": 16657900000,
    "costOfRevenue": 10613200000,
    "grossProfit": 6044700000,
    "grossProfitRatio": 0.3628728711,
    "researchAndDevelopmentExpenses": 0,
    "generalAndAdministrativeExpenses": 0,
    "sellingAndMarketingExpenses": 0,
    "sellingGeneralAndAdministrativeExpenses": 3380700000,
    "otherExpenses": 101600000,
    "operatingExpenses": 3482300000,
    "costAndExpenses": 14095500000,
    "interestIncome": 9900000,
    "interestExpense": 352300000,
    "depreciationAndAmortization": 541500000,
    "ebitda": 3113800000,
    "ebitdaratio": 0.1869263232,
    "operatingIncome": 2562400000,
    "operatingIncomeRatio": 0.1538249119,
    "totalOtherIncomeExpensesNet": -351900000,
    "incomeBeforeTax": 2210500000,
    "incomeBeforeTaxRatio": 0.1326998001,
    "incomeTaxExpense": 709600000,
    "netIncome": 1567300000,
    "netIncomeRatio": 0.09408749,
    "eps": 2.42,
    "epsdiluted": 2.35,
    "weightedAverageShsOut": 648100000,
    "weightedAverageShsOutDil": 666700000,
    "link": "https://www.sec.gov/Archives/edgar/data/40704/000119312512293636/0001193125-12-293636-index.htm",
    "finalLink": "https://www.sec.gov/Archives/edgar/data/40704/000119312512293636/d356836d10k.htm"
  },
  {
    "date": "2011-05-29",
    "symbol": "GIS",
    "reportedCurrency": "USD",
    "cik": "0000040704",
    "fillingDate": "2011-07-08",
    "acceptedDate": "2011-07-08 14:40:01",
    "calendarYear": "2011",
    "period": "FY",
    "revenue": 14880200000,
    "costOfRevenue": 8926700000,
    "grossProfit": 5953500000,
    "grossProfitRatio": 0.4000954288,
    "researchAndDevelopmentExpenses": 0,
    "generalAndAdministrativeExpenses": 0,
    "sellingAndMarketingExpenses": 0,
    "sellingGeneralAndAdministrativeExpenses": 3192000000,
    "otherExpenses": -13000000,
    "operatingExpenses": 3179000000,
    "costAndExpenses": 12105700000,
    "interestIncome": 7400000,
    "interestExpense": 341500000,
    "depreciationAndAmortization": 472600000,
    "ebitda": 3254500000,
    "ebitdaratio": 0.2187134582,
    "operatingIncome": 2774500000,
    "operatingIncomeRatio": 0.1864558272,
    "totalOtherIncomeExpensesNet": -346300000,
    "incomeBeforeTax": 2428200000,
    "incomeBeforeTaxRatio": 0.1631832905,
    "incomeTaxExpense": 721100000,
    "netIncome": 1798300000,
    "netIncomeRatio": 0.1208518703,
    "eps": 2.8,
    "epsdiluted": 2.7,
    "weightedAverageShsOut": 642500000,
    "weightedAverageShsOutDil": 664400000,
    "link": "https://www.sec.gov/Archives/edgar/data/40704/000095012311064606/0000950123-11-064606-index.htm",
    "finalLink": "https://www.sec.gov/Archives/edgar/data/40704/000095012311064606/c65397e10vk.htm"
  },
  {
    "date": "2010-05-30",
    "symbol": "GIS",
    "reportedCurrency": "USD",
    "cik": "0000040704",
    "fillingDate": "2010-07-09",
    "acceptedDate": "2010-07-09 11:05:00",
    "calendarYear": "2010",
    "period": "FY",
    "revenue": 14635600000,
    "costOfRevenue": 8835400000,
    "grossProfit": 5800200000,
    "grossProfitRatio": 0.3963076334,
    "researchAndDevelopmentExpenses": 0,
    "generalAndAdministrativeExpenses": 0,
    "sellingAndMarketingExpenses": 0,
    "sellingGeneralAndAdministrativeExpenses": 3162700000,
    "otherExpenses": 31400000,
    "operatingExpenses": 3194100000,
    "costAndExpenses": 12029500000,
    "interestIncome": 6800000,
    "interestExpense": 350400000,
    "depreciationAndAmortization": 457100000,
    "ebitda": 3029900000,
    "ebitdaratio": 0.2070226024,
    "operatingIncome": 2606100000,
    "operatingIncomeRatio": 0.1780658121,
    "totalOtherIncomeExpensesNet": -401600000,
    "incomeBeforeTax": 2204500000,
    "incomeBeforeTaxRatio": 0.1506258712,
    "incomeTaxExpense": 771200000,
    "netIncome": 1530500000,
    "netIncomeRatio": 0.104573779,
    "eps": 2.32,
    "epsdiluted": 2.24,
    "weightedAverageShsOut": 659600000,
    "weightedAverageShsOutDil": 683300000,
    "link": "https://www.sec.gov/Archives/edgar/data/40704/000095012310064517/0000950123-10-064517-index.htm",
    "finalLink": "https://www.sec.gov/Archives/edgar/data/40704/000095012310064517/c58945e10vk.htm"
  },
  {
    "date": "2009-05-31",
    "symbol": "GIS",
    "reportedCurrency": "USD",
    "cik": "0000040704",
    "fillingDate": "2009-07-13",
    "acceptedDate": "2009-07-13 17:15:33",
    "calendarYear": "2009",
    "period": "FY",
    "revenue": 14691300000,
    "costOfRevenue": 9457800000,
    "grossProfit": 5233500000,
    "grossProfitRatio": 0.3562312389,
    "researchAndDevelopmentExpenses": 0,
    "generalAndAdministrativeExpenses": 0,
    "sellingAndMarketingExpenses": 0,
    "sellingGeneralAndAdministrativeExpenses": 2951800000,
    "otherExpenses": -43300000,
    "operatingExpenses": 2908500000,
    "costAndExpenses": 12366300000,
    "interestIncome": 21600000,
    "interestExpense": 353200000,
    "depreciationAndAmortization": 453600000,
    "ebitda": 2800200000,
    "ebitdaratio": 0.1906026015,
    "operatingIncome": 2325000000,
    "operatingIncomeRatio": 0.1582569276,
    "totalOtherIncomeExpensesNet": -382800000,
    "incomeBeforeTax": 1942200000,
    "incomeBeforeTaxRatio": 0.1322006902,
    "incomeTaxExpense": 720400000,
    "netIncome": 1304400000,
    "netIncomeRatio": 0.0887872414,
    "eps": 1.96,
    "epsdiluted": 1.9,
    "weightedAverageShsOut": 663700000,
    "weightedAverageShsOutDil": 687100000,
    "link": "https://www.sec.gov/Archives/edgar/data/40704/000095012309021887/0000950123-09-021887-index.htm",
    "finalLink": "https://www.sec.gov/Archives/edgar/data/40704/000095012309021887/c50391e10vk.htm"
  },
  {
    "date": "2008-05-25",
    "symbol": "GIS",
    "reportedCurrency": "USD",
    "cik": "0000040704",
    "fillingDate": "2008-07-11",
    "acceptedDate": "2008-07-11 14:11:56",
    "calendarYear": "2008",
    "period": "FY",
    "revenue": 13652100000,
    "costOfRevenue": 8778300000,
    "grossProfit": 4873800000,
    "grossProfitRatio": 0.357000022,
    "researchAndDevelopmentExpenses": 0,
    "generalAndAdministrativeExpenses": 0,
    "sellingAndMarketingExpenses": 0,
    "sellingGeneralAndAdministrativeExpenses": 2625000000,
    "otherExpenses": 21000000,
    "operatingExpenses": 2646000000,
    "costAndExpenses": 11424300000,
    "interestIncome": 27300000,
    "interestExpense": 427000000,
    "depreciationAndAmortization": 459200000,
    "ebitda": 2687000000,
    "ebitdaratio": 0.1968195369,
    "operatingIncome": 2227800000,
    "operatingIncomeRatio": 0.163183686,
    "totalOtherIncomeExpensesNet": -421700000,
    "incomeBeforeTax": 1806100000,
    "incomeBeforeTaxRatio": 0.1322946653,
    "incomeTaxExpense": 622200000,
    "netIncome": 1294700000,
    "netIncomeRatio": 0.0948352268,
    "eps": 1.93,
    "epsdiluted": 1.86,
    "weightedAverageShsOut": 666000000,
    "weightedAverageShsOutDil": 693800000,
    "link": "https://www.sec.gov/Archives/edgar/data/40704/000095013708009268/0000950137-08-009268-index.htm",
    "finalLink": "https://www.sec.gov/Archives/edgar/data/40704/000095013708009268/c27353e10vk.htm"
  },
  {
    "date": "2007-05-27",
    "symbol": "GIS",
    "reportedCurrency": "USD",
    "cik": "0000040704",
    "fillingDate": "2007-07-26",
    "acceptedDate": "2007-07-26 17:03:09",
    "calendarYear": "2007",
    "period": "FY",
    "revenue": 12441500000,
    "costOfRevenue": 7955100000,
    "grossProfit": 4486400000,
    "grossProfitRatio": 0.3605996062,
    "researchAndDevelopmentExpenses": 0,
    "generalAndAdministrativeExpenses": 0,
    "sellingAndMarketingExpenses": 0,
    "sellingGeneralAndAdministrativeExpenses": 2389300000,
    "otherExpenses": 39300000,
    "operatingExpenses": 2428600000,
    "costAndExpenses": 10383700000,
    "interestIncome": 31000000,
    "interestExpense": 394000000,
    "depreciationAndAmortization": 417800000,
    "ebitda": 2475600000,
    "ebitdaratio": 0.1989792228,
    "operatingIncome": 2057800000,
    "operatingIncomeRatio": 0.1653980629,
    "totalOtherIncomeExpensesNet": -426500000,
    "incomeBeforeTax": 1631300000,
    "incomeBeforeTaxRatio": 0.1311176305,
    "incomeTaxExpense": 560100000,
    "netIncome": 1143900000,
    "netIncomeRatio": 0.0919422899,
    "eps": 1.65,
    "epsdiluted": 1.59,
    "weightedAverageShsOut": 693000000,
    "weightedAverageShsOutDil": 720400000,
    "link": "https://www.sec.gov/Archives/edgar/data/40704/000089710107001522/0000897101-07-001522-index.htm",
    "finalLink": "https://www.sec.gov/Archives/edgar/data/40704/000089710107001522/gis072744s1_10k.htm"
  },
  {
    "date": "2006-05-28",
    "symbol": "GIS",
    "reportedCurrency": "USD",
    "cik": "0000040704",
    "fillingDate": "2006-07-27",
    "acceptedDate": "2006-07-27 17:28:33",
    "calendarYear": "2006",
    "period": "FY",
    "revenue": 11711300000,
    "costOfRevenue": 7544800000,
    "grossProfit": 4166500000,
    "grossProfitRatio": 0.3557675066,
    "researchAndDevelopmentExpenses": 0,
    "generalAndAdministrativeExpenses": 0,
    "sellingAndMarketingExpenses": 0,
    "sellingGeneralAndAdministrativeExpenses": 2177700000,
    "otherExpenses": 29800000,
    "operatingExpenses": 2207500000,
    "costAndExpenses": 9752300000,
    "interestIncome": 26800000,
    "interestExpense": 366000000,
    "depreciationAndAmortization": 423900000,
    "ebitda": 2409700000,
    "ebitdaratio": 0.2057585409,
    "operatingIncome": 1959000000,
    "operatingIncomeRatio": 0.1672743419,
    "totalOtherIncomeExpensesNet": -399600000,
    "incomeBeforeTax": 1559400000,
    "incomeBeforeTaxRatio": 0.1331534501,
    "incomeTaxExpense": 538300000,
    "netIncome": 1090300000,
    "netIncomeRatio": 0.0930981189,
    "eps": 1.53,
    "epsdiluted": 1.45,
    "weightedAverageShsOut": 715400000,
    "weightedAverageShsOutDil": 757600000,
    "link": "https://www.sec.gov/Archives/edgar/data/40704/000089710106001513/0000897101-06-001513-index.htm",
    "finalLink": "https://www.sec.gov/Archives/edgar/data/40704/000089710106001513/gis062418s1_10k.htm"
  },
  {
    "date": "2005-05-29",
    "symbol": "GIS",
    "reportedCurrency": "USD",
    "cik": "0000040704",
    "fillingDate": "2005-07-28",
    "acceptedDate": "2005-07-28 17:15:56",
    "calendarYear": "2005",
    "period": "FY",
    "revenue": 11308000000,
    "costOfRevenue": 7326000000,
    "grossProfit": 3982000000,
    "grossProfitRatio": 0.3521400778,
    "researchAndDevelopmentExpenses": 0,
    "generalAndAdministrativeExpenses": 0,
    "sellingAndMarketingExpenses": 0,
    "sellingGeneralAndAdministrativeExpenses": 1998000000,
    "otherExpenses": 84000000,
    "operatingExpenses": 2082000000,
    "costAndExpenses": 9408000000,
    "interestIncome": 30000000,
    "interestExpense": 446000000,
    "depreciationAndAmortization": 443000000,
    "ebitda": 2735000000,
    "ebitdaratio": 0.241864167,
    "operatingIncome": 1900000000,
    "operatingIncomeRatio": 0.1680226388,
    "totalOtherIncomeExpensesNet": -93000000,
    "incomeBeforeTax": 1807000000,
    "incomeBeforeTaxRatio": 0.1597983728,
    "incomeTaxExpense": 661000000,
    "netIncome": 1240000000,
    "netIncomeRatio": 0.1096568801,
    "eps": 1.67,
    "epsdiluted": 1.54,
    "weightedAverageShsOut": 742000000,
    "weightedAverageShsOutDil": 818000000,
    "link": "https://www.sec.gov/Archives/edgar/data/40704/000089710105001694/0000897101-05-001694-index.htm",
    "finalLink": "https://www.sec.gov/Archives/edgar/data/40704/000089710105001694/gis052984s2_10k.htm"
  },
  {
    "date": "2004-05-30",
    "symbol": "GIS",
    "reportedCurrency": "USD",
    "cik": "0000040704",
    "fillingDate": "2004-07-29",
    "acceptedDate": "2004-07-29 17:05:02",
    "calendarYear": "2004",
    "period": "FY",
    "revenue": 11070000000,
    "costOfRevenue": 6584000000,
    "grossProfit": 4486000000,
    "grossProfitRatio": 0.4052393857,
    "researchAndDevelopmentExpenses": 0,
    "generalAndAdministrativeExpenses": 0,
    "sellingAndMarketingExpenses": 0,
    "sellingGeneralAndAdministrativeExpenses": 2443000000,
    "otherExpenses": 26000000,
    "operatingExpenses": 2469000000,
    "costAndExpenses": 9053000000,
    "interestIncome": 0,
    "interestExpense": 0,
    "depreciationAndAmortization": 399000000,
    "ebitda": 2442000000,
    "ebitdaratio": 0.220596206,
    "operatingIncome": 2017000000,
    "operatingIncomeRatio": 0.1822041554,
    "totalOtherIncomeExpensesNet": -508000000,
    "incomeBeforeTax": 1509000000,
    "incomeBeforeTaxRatio": 0.1363143631,
    "incomeTaxExpense": 528000000,
    "netIncome": 1055000000,
    "netIncomeRatio": 0.0953026197,
    "eps": 1.41,
    "epsdiluted": 1.3,
    "weightedAverageShsOut": 750000000,
    "weightedAverageShsOutDil": 826000000,
    "link": "https://www.sec.gov/Archives/edgar/data/40704/000089710104001455/0000897101-04-001455-index.htm",
    "finalLink": "https://www.sec.gov/Archives/edgar/data/40704/000089710104001455/gm041570s1_10k.htm"
  },
  {
    "date": "2003-05-25",
    "symbol": "GIS",
    "reportedCurrency": "USD",
    "cik": "0000040704",
    "fillingDate": "2003-08-05",
    "acceptedDate": "2003-08-05 12:36:10",
    "calendarYear": "2003",
    "period": "FY",
    "revenue": 10506000000,
    "costOfRevenue": 6109000000,
    "grossProfit": 4397000000,
    "grossProfitRatio": 0.4185227489,
    "researchAndDevelopmentExpenses": 0,
    "generalAndAdministrativeExpenses": 0,
    "sellingAndMarketingExpenses": 0,
    "sellingGeneralAndAdministrativeExpenses": 2472000000,
    "otherExpenses": 62000000,
    "operatingExpenses": 2534000000,
    "costAndExpenses": 8643000000,
    "interestIncome": 0,
    "interestExpense": 0,
    "depreciationAndAmortization": 365000000,
    "ebitda": 2290000000,
    "ebitdaratio": 0.2179706834,
    "operatingIncome": 1863000000,
    "operatingIncomeRatio": 0.1773272416,
    "totalOtherIncomeExpensesNet": -486000000,
    "incomeBeforeTax": 1377000000,
    "incomeBeforeTaxRatio": 0.1310679612,
    "incomeTaxExpense": 460000000,
    "netIncome": 917000000,
    "netIncomeRatio": 0.0872834571,
    "eps": 1.25,
    "epsdiluted": 1.22,
    "weightedAverageShsOut": 738000000,
    "weightedAverageShsOutDil": 756000000,
    "link": "https://www.sec.gov/Archives/edgar/data/40704/000089710103000909/0000897101-03-000909-index.htm",
    "finalLink": "https://www.sec.gov/Archives/edgar/data/40704/000089710103000909/genmills033128_10-k.htm"
  },
  {
    "date": "2002-05-26",
    "symbol": "GIS",
    "reportedCurrency": "USD",
    "cik": "0000040704",
    "fillingDate": "2002-08-14",
    "acceptedDate": "2002-08-14 10:48:12",
    "calendarYear": "2002",
    "period": "FY",
    "revenue": 7949000000,
    "costOfRevenue": 4662000000,
    "grossProfit": 3287000000,
    "grossProfitRatio": 0.4135111335,
    "researchAndDevelopmentExpenses": 0,
    "generalAndAdministrativeExpenses": 0,
    "sellingAndMarketingExpenses": 0,
    "sellingGeneralAndAdministrativeExpenses": 2070000000,
    "otherExpenses": 134000000,
    "operatingExpenses": 2204000000,
    "costAndExpenses": 6866000000,
    "interestIncome": 0,
    "interestExpense": 0,
    "depreciationAndAmortization": 296000000,
    "ebitda": 1513000000,
    "ebitdaratio": 0.1903384073,
    "operatingIncome": 1083000000,
    "operatingIncomeRatio": 0.1362435526,
    "totalOtherIncomeExpensesNet": -383000000,
    "incomeBeforeTax": 700000000,
    "incomeBeforeTaxRatio": 0.0880613914,
    "incomeTaxExpense": 239000000,
    "netIncome": 458000000,
    "netIncomeRatio": 0.0576173104,
    "eps": 0.69,
    "epsdiluted": 0.67,
    "weightedAverageShsOut": 662000000,
    "weightedAverageShsOutDil": 684000000,
    "link": "https://www.sec.gov/Archives/edgar/data/40704/000089710102000567/0000897101-02-000567-index.htm",
    "finalLink": "https://www.sec.gov/Archives/edgar/data/40704/000089710102000567/genmills023880_10k.txt"
  },
  {
    "date": "2001-05-27",
    "symbol": "GIS",
    "reportedCurrency": "USD",
    "cik": "0000040704",
    "fillingDate": "2001-08-15",
    "acceptedDate": "2001-08-15 00:00:00",
    "calendarYear": "2001",
    "period": "FY",
    "revenue": 5450000000,
    "costOfRevenue": 2841000000,
    "grossProfit": 2609000000,
    "grossProfitRatio": 0.4787155963,
    "researchAndDevelopmentExpenses": 0,
    "generalAndAdministrativeExpenses": 0,
    "sellingAndMarketingExpenses": 0,
    "sellingGeneralAndAdministrativeExpenses": 1393000000,
    "otherExpenses": 12000000,
    "operatingExpenses": 1405000000,
    "costAndExpenses": 4246000000,
    "interestIncome": 0,
    "interestExpense": 0,
    "depreciationAndAmortization": 223000000,
    "ebitda": 1439000000,
    "ebitdaratio": 0.2640366972,
    "operatingIncome": 1204000000,
    "operatingIncomeRatio": 0.2209174312,
    "totalOtherIncomeExpensesNet": -189000000,
    "incomeBeforeTax": 1015000000,
    "incomeBeforeTaxRatio": 0.1862385321,
    "incomeTaxExpense": 350000000,
    "netIncome": 665000000,
    "netIncomeRatio": 0.1220183486,
    "eps": 1.17,
    "epsdiluted": 1.14,
    "weightedAverageShsOut": 568000000,
    "weightedAverageShsOutDil": 584000000,
    "link": "https://www.sec.gov/Archives/edgar/data/40704/000089710101500527/0000897101-01-500527-index.htm",
    "finalLink": "https://www.sec.gov/Archives/edgar/data/40704/000089710101500527/gm012987-10k.txt"
  },
  {
    "date": "2000-05-28",
    "symbol": "GIS",
    "reportedCurrency": "USD",
    "cik": "0000040704",
    "fillingDate": "2000-08-18",
    "acceptedDate": "2000-08-18 00:00:00",
    "calendarYear": "2000",
    "period": "FY",
    "revenue": 5173000000,
    "costOfRevenue": 2489000000,
    "grossProfit": 2684000000,
    "grossProfitRatio": 0.5188478639,
    "researchAndDevelopmentExpenses": 0,
    "generalAndAdministrativeExpenses": 0,
    "sellingAndMarketingExpenses": 0,
    "sellingGeneralAndAdministrativeExpenses": 1376000000,
    "otherExpenses": 209000000,
    "operatingExpenses": 1585000000,
    "costAndExpenses": 4074000000,
    "interestIncome": 0,
    "interestExpense": 0,
    "depreciationAndAmortization": 209000000,
    "ebitda": 1308000000,
    "ebitdaratio": 0.2528513435,
    "operatingIncome": 1099000000,
    "operatingIncomeRatio": 0.2124492558,
    "totalOtherIncomeExpensesNet": -149000000,
    "incomeBeforeTax": 950000000,
    "incomeBeforeTaxRatio": 0.1836458535,
    "incomeTaxExpense": 336000000,
    "netIncome": 614000000,
    "netIncomeRatio": 0.1186932148,
    "eps": 1.02,
    "epsdiluted": 1,
    "weightedAverageShsOut": 598200000,
    "weightedAverageShsOutDil": 614600000,
    "link": "https://www.sec.gov/Archives/edgar/data/40704/000089710100000853/0000897101-00-000853-index.htm",
    "finalLink": "https://www.sec.gov/Archives/edgar/data/40704/000089710100000853/0000897101-00-000853-0001.txt"
  },
  {
    "date": "1999-05-30",
    "symbol": "GIS",
    "reportedCurrency": "USD",
    "cik": "0000040704",
    "fillingDate": "1999-08-23",
    "acceptedDate": "1999-08-23 00:00:00",
    "calendarYear": "1999",
    "period": "FY",
    "revenue": 6246100000,
    "costOfRevenue": 2399300000,
    "grossProfit": 3846800000,
    "grossProfitRatio": 0.6158723043,
    "researchAndDevelopmentExpenses": 0,
    "generalAndAdministrativeExpenses": 0,
    "sellingAndMarketingExpenses": 0,
    "sellingGeneralAndAdministrativeExpenses": 2634900000,
    "otherExpenses": 194200000,
    "operatingExpenses": 2829100000,
    "costAndExpenses": 5228400000,
    "interestIncome": 0,
    "interestExpense": 0,
    "depreciationAndAmortization": 194200000,
    "ebitda": 1211900000,
    "ebitdaratio": 0.1940250716,
    "operatingIncome": 1017700000,
    "operatingIncomeRatio": 0.1629336706,
    "totalOtherIncomeExpensesNet": -179200000,
    "incomeBeforeTax": 838500000,
    "incomeBeforeTaxRatio": 0.1342437681,
    "incomeTaxExpense": 304000000,
    "netIncome": 534500000,
    "netIncomeRatio": 0.0855733978,
    "eps": 0.88,
    "epsdiluted": 0.85,
    "weightedAverageShsOut": 613000000,
    "weightedAverageShsOutDil": 629400000,
    "link": "https://www.sec.gov/Archives/edgar/data/40704/000004070499000025/0000040704-99-000025-index.html",
    "finalLink": "https://www.sec.gov/Archives/edgar/data/40704/000004070499000025/"
  },
  {
    "date": "1998-05-31",
    "symbol": "GIS",
    "reportedCurrency": "USD",
    "cik": "0000040704",
    "fillingDate": "1998-08-21",
    "acceptedDate": "1998-08-21 00:00:00",
    "calendarYear": "1998",
    "period": "FY",
    "revenue": 6033000000,
    "costOfRevenue": 2343000000,
    "grossProfit": 3690000000,
    "grossProfitRatio": 0.611636002,
    "researchAndDevelopmentExpenses": 0,
    "generalAndAdministrativeExpenses": 0,
    "sellingAndMarketingExpenses": 0,
    "sellingGeneralAndAdministrativeExpenses": 2544900000,
    "otherExpenses": 194900000,
    "operatingExpenses": 2739800000,
    "costAndExpenses": 5082800000,
    "interestIncome": 0,
    "interestExpense": 0,
    "depreciationAndAmortization": 194900000,
    "ebitda": 1145100000,
    "ebitdaratio": 0.1898060666,
    "operatingIncome": 950200000,
    "operatingIncomeRatio": 0.1575004144,
    "totalOtherIncomeExpensesNet": -286500000,
    "incomeBeforeTax": 663700000,
    "incomeBeforeTaxRatio": 0.1100116029,
    "incomeTaxExpense": 241900000,
    "netIncome": 421800000,
    "netIncomeRatio": 0.0699154649,
    "eps": 0.67,
    "epsdiluted": 0.65,
    "weightedAverageShsOut": 632400000,
    "weightedAverageShsOutDil": 649200000,
    "link": "https://www.sec.gov/Archives/edgar/data/40704/000004070498000034/0000040704-98-000034-index.html",
    "finalLink": "https://www.sec.gov/Archives/edgar/data/40704/"
  },
  {
    "date": "1997-05-25",
    "symbol": "GIS",
    "reportedCurrency": "USD",
    "cik": "0000040704",
    "fillingDate": "1997-08-19",
    "acceptedDate": "1997-08-19 00:00:00",
    "calendarYear": "1997",
    "period": "FY",
    "revenue": 5609300000,
    "costOfRevenue": 2328400000,
    "grossProfit": 3280900000,
    "grossProfitRatio": 0.5849036422,
    "researchAndDevelopmentExpenses": 0,
    "generalAndAdministrativeExpenses": 0,
    "sellingAndMarketingExpenses": 0,
    "sellingGeneralAndAdministrativeExpenses": 2239200000,
    "otherExpenses": 182800000,
    "operatingExpenses": 2422000000,
    "costAndExpenses": 4750400000,
    "interestIncome": 0,
    "interestExpense": 0,
    "depreciationAndAmortization": 182800000,
    "ebitda": 1041700000,
    "ebitdaratio": 0.1857094468,
    "operatingIncome": 858900000,
    "operatingIncomeRatio": 0.1531207102,
    "totalOtherIncomeExpensesNet": -155200000,
    "incomeBeforeTax": 703700000,
    "incomeBeforeTaxRatio": 0.1254523737,
    "incomeTaxExpense": 258300000,
    "netIncome": 445400000,
    "netIncomeRatio": 0.0794038472,
    "eps": 0.71,
    "epsdiluted": 0.69,
    "weightedAverageShsOut": 631773050,
    "weightedAverageShsOutDil": 645507246,
    "link": "https://www.sec.gov/Archives/edgar/data/40704/000004070497000025/0000040704-97-000025-index.html",
    "finalLink": "https://www.sec.gov/Archives/edgar/data/40704/"
  },
  {
    "date": "1996-05-26",
    "symbol": "GIS",
    "reportedCurrency": "USD",
    "cik": "0000040704",
    "fillingDate": "1996-08-23",
    "acceptedDate": "1996-08-23 00:00:00",
    "calendarYear": "1996",
    "period": "FY",
    "revenue": 5416000000,
    "costOfRevenue": 2241000000,
    "grossProfit": 3175000000,
    "grossProfitRatio": 0.586225997,
    "researchAndDevelopmentExpenses": 0,
    "generalAndAdministrativeExpenses": 0,
    "sellingAndMarketingExpenses": 0,
    "sellingGeneralAndAdministrativeExpenses": 2128300000,
    "otherExpenses": 186700000,
    "operatingExpenses": 2315000000,
    "costAndExpenses": 4556000000,
    "interestIncome": 0,
    "interestExpense": 0,
    "depreciationAndAmortization": 186700000,
    "ebitda": 1046700000,
    "ebitdaratio": 0.193260709,
    "operatingIncome": 860000000,
    "operatingIncomeRatio": 0.158788774,
    "totalOtherIncomeExpensesNet": -104200000,
    "incomeBeforeTax": 755800000,
    "incomeBeforeTaxRatio": 0.139549483,
    "incomeTaxExpense": 279400000,
    "netIncome": 476400000,
    "netIncomeRatio": 0.0879615953,
    "eps": 0.75,
    "epsdiluted": 0.74,
    "weightedAverageShsOut": 635200000,
    "weightedAverageShsOutDil": 648163265,
    "link": "https://www.sec.gov/Archives/edgar/data/40704/000091205796018678/0000912057-96-018678-index.html",
    "finalLink": "https://www.sec.gov/Archives/edgar/data/40704/"
  },
  {
    "date": "1995-05-28",
    "symbol": "GIS",
    "reportedCurrency": "USD",
    "cik": "0000040704",
    "fillingDate": "1995-08-16",
    "acceptedDate": "1995-08-16 00:00:00",
    "calendarYear": "1995",
    "period": "FY",
    "revenue": 5026700000,
    "costOfRevenue": 2023000000,
    "grossProfit": 3003700000,
    "grossProfitRatio": 0.5975490879,
    "researchAndDevelopmentExpenses": 0,
    "generalAndAdministrativeExpenses": 0,
    "sellingAndMarketingExpenses": 0,
    "sellingGeneralAndAdministrativeExpenses": 2123300000,
    "otherExpenses": 191400000,
    "operatingExpenses": 2314700000,
    "costAndExpenses": 4337700000,
    "interestIncome": 0,
    "interestExpense": 0,
    "depreciationAndAmortization": 191400000,
    "ebitda": 880400000,
    "ebitdaratio": 0.1751447272,
    "operatingIncome": 689000000,
    "operatingIncomeRatio": 0.1370680566,
    "totalOtherIncomeExpensesNet": -284400000,
    "incomeBeforeTax": 404600000,
    "incomeBeforeTaxRatio": 0.0804901824,
    "incomeTaxExpense": 144900000,
    "netIncome": 367400000,
    "netIncomeRatio": 0.073089701,
    "eps": 0.59,
    "epsdiluted": 0.59,
    "weightedAverageShsOut": 628034188,
    "weightedAverageShsOutDil": 628034188,
    "link": "https://www.sec.gov/Archives/edgar/data/40704/000004070495000016/0000040704-95-000016-index.html",
    "finalLink": "https://www.sec.gov/Archives/edgar/data/40704/"
  },
  {
    "date": "1994-05-29",
    "symbol": "GIS",
    "reportedCurrency": "USD",
    "cik": "0000040704",
    "fillingDate": "1994-08-23",
    "acceptedDate": "1994-08-23 00:00:00",
    "calendarYear": "1994",
    "period": "FY",
    "revenue": 8516900000,
    "costOfRevenue": 4458200000,
    "grossProfit": 4058700000,
    "grossProfitRatio": 0.4765466308,
    "researchAndDevelopmentExpenses": 0,
    "generalAndAdministrativeExpenses": 0,
    "sellingAndMarketingExpenses": 0,
    "sellingGeneralAndAdministrativeExpenses": 2755500000,
    "otherExpenses": 303800000,
    "operatingExpenses": 3059300000,
    "costAndExpenses": 7517500000,
    "interestIncome": 0,
    "interestExpense": 0,
    "depreciationAndAmortization": 303800000,
    "ebitda": 1303200000,
    "ebitdaratio": 0.1530134204,
    "operatingIncome": 999400000,
    "operatingIncomeRatio": 0.1173431648,
    "totalOtherIncomeExpensesNet": -246100000,
    "incomeBeforeTax": 753300000,
    "incomeBeforeTaxRatio": 0.0884476746,
    "incomeTaxExpense": 283600000,
    "netIncome": 469900000,
    "netIncomeRatio": 0.0551726567,
    "eps": 0.74,
    "epsdiluted": 0.74,
    "weightedAverageShsOut": 635000000,
    "weightedAverageShsOutDil": 635000000,
    "link": "https://www.sec.gov/Archives/edgar/data/40704/000004070494000020/0000040704-94-000020-index.html",
    "finalLink": "https://www.sec.gov/Archives/edgar/data/40704/"
  },
  {
    "date": "1993-05-31",
    "symbol": "GIS",
    "reportedCurrency": "USD",
    "cik": "0000040704",
    "fillingDate": "1993-05-31",
    "acceptedDate": "1993-05-30 20:00:00",
    "calendarYear": "1993",
    "period": "FY",
    "revenue": 8134600000,
    "costOfRevenue": 4297600000,
    "grossProfit": 3837000000,
    "grossProfitRatio": 0.4716888353,
    "researchAndDevelopmentExpenses": 0,
    "generalAndAdministrativeExpenses": 0,
    "sellingAndMarketingExpenses": 0,
    "sellingGeneralAndAdministrativeExpenses": 2645200000,
    "otherExpenses": 274200000,
    "operatingExpenses": 2919400000,
    "costAndExpenses": 7217000000,
    "interestIncome": 0,
    "interestExpense": 0,
    "depreciationAndAmortization": 274200000,
    "ebitda": 1191800000,
    "ebitdaratio": 0.1465099698,
    "operatingIncome": 917600000,
    "operatingIncomeRatio": 0.1128021046,
    "totalOtherIncomeExpensesNet": -73600000,
    "incomeBeforeTax": 844000000,
    "incomeBeforeTaxRatio": 0.1037543333,
    "incomeTaxExpense": 337900000,
    "netIncome": 506100000,
    "netIncomeRatio": 0.0622157205,
    "eps": 0.78,
    "epsdiluted": 0.78,
    "weightedAverageShsOut": 653032258,
    "weightedAverageShsOutDil": 653032258,
    "link": null,
    "finalLink": null
  },
  {
    "date": "1992-05-31",
    "symbol": "GIS",
    "reportedCurrency": "USD",
    "cik": "0000040704",
    "fillingDate": "1992-05-31",
    "acceptedDate": "1992-05-31 00:00:00",
    "calendarYear": "1992",
    "period": "FY",
    "revenue": 7777800000,
    "costOfRevenue": 4123200000,
    "grossProfit": 3654600000,
    "grossProfitRatio": 0.4698758004,
    "researchAndDevelopmentExpenses": 0,
    "generalAndAdministrativeExpenses": 0,
    "sellingAndMarketingExpenses": 0,
    "sellingGeneralAndAdministrativeExpenses": 2504500000,
    "otherExpenses": 247400000,
    "operatingExpenses": 2751900000,
    "costAndExpenses": 6875100000,
    "interestIncome": 0,
    "interestExpense": 0,
    "depreciationAndAmortization": 247400000,
    "ebitda": 1150100000,
    "ebitdaratio": 0.1478695775,
    "operatingIncome": 902700000,
    "operatingIncomeRatio": 0.116061097,
    "totalOtherIncomeExpensesNet": -58200000,
    "incomeBeforeTax": 844500000,
    "incomeBeforeTaxRatio": 0.1085782612,
    "incomeTaxExpense": 338900000,
    "netIncome": 495600000,
    "netIncomeRatio": 0.0637198179,
    "eps": 0.75,
    "epsdiluted": 0.75,
    "weightedAverageShsOut": 660800000,
    "weightedAverageShsOutDil": 660800000,
    "link": null,
    "finalLink": null
  },
  {
    "date": "1991-05-31",
    "symbol": "GIS",
    "reportedCurrency": "USD",
    "cik": "0000040704",
    "fillingDate": "1991-05-31",
    "acceptedDate": "1991-05-31 00:00:00",
    "calendarYear": "1991",
    "period": "FY",
    "revenue": 7153200000,
    "costOfRevenue": 3722100000,
    "grossProfit": 3431100000,
    "grossProfitRatio": 0.4796594531,
    "researchAndDevelopmentExpenses": 0,
    "generalAndAdministrativeExpenses": 0,
    "sellingAndMarketingExpenses": 0,
    "sellingGeneralAndAdministrativeExpenses": 2386000000,
    "otherExpenses": 218400000,
    "operatingExpenses": 2604400000,
    "costAndExpenses": 6326500000,
    "interestIncome": 0,
    "interestExpense": 0,
    "depreciationAndAmortization": 218400000,
    "ebitda": 1045100000,
    "ebitdaratio": 0.1461024437,
    "operatingIncome": 826700000,
    "operatingIncomeRatio": 0.1155706537,
    "totalOtherIncomeExpensesNet": -61100000,
    "incomeBeforeTax": 765600000,
    "incomeBeforeTaxRatio": 0.107029022,
    "incomeTaxExpense": 301400000,
    "netIncome": 472700000,
    "netIncomeRatio": 0.0660823128,
    "eps": 0.72,
    "epsdiluted": 0.72,
    "weightedAverageShsOut": 656527778,
    "weightedAverageShsOutDil": 656527778,
    "link": null,
    "finalLink": null
  },
  {
    "date": "1990-05-31",
    "symbol": "GIS",
    "reportedCurrency": "USD",
    "cik": "0000040704",
    "fillingDate": "1990-05-31",
    "acceptedDate": "1990-05-31 00:00:00",
    "calendarYear": "1990",
    "period": "FY",
    "revenue": 6448300000,
    "costOfRevenue": 3485100000,
    "grossProfit": 2963200000,
    "grossProfitRatio": 0.4595319697,
    "researchAndDevelopmentExpenses": 0,
    "generalAndAdministrativeExpenses": 0,
    "sellingAndMarketingExpenses": 0,
    "sellingGeneralAndAdministrativeExpenses": 2138000000,
    "otherExpenses": 180100000,
    "operatingExpenses": 2318100000,
    "costAndExpenses": 5803200000,
    "interestIncome": 0,
    "interestExpense": 0,
    "depreciationAndAmortization": 180100000,
    "ebitda": 825200000,
    "ebitdaratio": 0.1279717135,
    "operatingIncome": 645100000,
    "operatingIncomeRatio": 0.1000418715,
    "totalOtherIncomeExpensesNet": -32400000,
    "incomeBeforeTax": 612700000,
    "incomeBeforeTaxRatio": 0.0950172914,
    "incomeTaxExpense": 239000000,
    "netIncome": 381400000,
    "netIncomeRatio": 0.0591473722,
    "eps": 0.59,
    "epsdiluted": 0.59,
    "weightedAverageShsOut": 651965812,
    "weightedAverageShsOutDil": 651965812,
    "link": null,
    "finalLink": null
  },
  {
    "date": "1989-05-31",
    "symbol": "GIS",
    "reportedCurrency": "USD",
    "cik": "0000040704",
    "fillingDate": "1989-05-31",
    "acceptedDate": "1989-05-31 00:00:00",
    "calendarYear": "1989",
    "period": "FY",
    "revenue": 5620600000,
    "costOfRevenue": 3114800000,
    "grossProfit": 2505800000,
    "grossProfitRatio": 0.4458242892,
    "researchAndDevelopmentExpenses": 0,
    "generalAndAdministrativeExpenses": 0,
    "sellingAndMarketingExpenses": 0,
    "sellingGeneralAndAdministrativeExpenses": 1808500000,
    "otherExpenses": 152300000,
    "operatingExpenses": 1960800000,
    "costAndExpenses": 5075600000,
    "interestIncome": 0,
    "interestExpense": 0,
    "depreciationAndAmortization": 152300000,
    "ebitda": 697300000,
    "ebitdaratio": 0.1240614881,
    "operatingIncome": 545000000,
    "operatingIncomeRatio": 0.0969647369,
    "totalOtherIncomeExpensesNet": -27500000,
    "incomeBeforeTax": 517500000,
    "incomeBeforeTaxRatio": 0.0920720208,
    "incomeTaxExpense": 202200000,
    "netIncome": 484300000,
    "netIncomeRatio": 0.0861651781,
    "eps": 0.75,
    "epsdiluted": 0.75,
    "weightedAverageShsOut": 650067114,
    "weightedAverageShsOutDil": 650067114,
    "link": null,
    "finalLink": null
  },
  {
    "date": "1988-05-31",
    "symbol": "GIS",
    "reportedCurrency": "USD",
    "cik": "0000040704",
    "fillingDate": "1988-05-31",
    "acceptedDate": "1988-05-30 20:00:00",
    "calendarYear": "1988",
    "period": "FY",
    "revenue": 5178800000,
    "costOfRevenue": 2847800000,
    "grossProfit": 2331000000,
    "grossProfitRatio": 0.4501042713,
    "researchAndDevelopmentExpenses": 0,
    "generalAndAdministrativeExpenses": 0,
    "sellingAndMarketingExpenses": 0,
    "sellingGeneralAndAdministrativeExpenses": 1710500000,
    "otherExpenses": 140000000,
    "operatingExpenses": 1850500000,
    "costAndExpenses": 4698300000,
    "interestIncome": 0,
    "interestExpense": 0,
    "depreciationAndAmortization": 140000000,
    "ebitda": 620500000,
    "ebitdaratio": 0.1198154013,
    "operatingIncome": 480500000,
    "operatingIncomeRatio": 0.0927821117,
    "totalOtherIncomeExpensesNet": -37700000,
    "incomeBeforeTax": 442800000,
    "incomeBeforeTaxRatio": 0.085502433,
    "incomeTaxExpense": 177400000,
    "netIncome": 283100000,
    "netIncomeRatio": 0.0546651734,
    "eps": 0.42,
    "epsdiluted": 0.42,
    "weightedAverageShsOut": 674047619,
    "weightedAverageShsOutDil": 674047619,
    "link": null,
    "finalLink": null
  },
  {
    "date": "1987-05-31",
    "symbol": "GIS",
    "reportedCurrency": "USD",
    "cik": "0000040704",
    "fillingDate": "1987-05-31",
    "acceptedDate": "1987-05-31 00:00:00",
    "calendarYear": "1987",
    "period": "FY",
    "revenue": 5189300000,
    "costOfRevenue": 2834000000,
    "grossProfit": 2355300000,
    "grossProfitRatio": 0.4538762454,
    "researchAndDevelopmentExpenses": 0,
    "generalAndAdministrativeExpenses": 0,
    "sellingAndMarketingExpenses": 0,
    "sellingGeneralAndAdministrativeExpenses": 1756400000,
    "otherExpenses": 131700000,
    "operatingExpenses": 1888100000,
    "costAndExpenses": 4722100000,
    "interestIncome": 0,
    "interestExpense": 0,
    "depreciationAndAmortization": 131700000,
    "ebitda": 598900000,
    "ebitdaratio": 0.1154105563,
    "operatingIncome": 467200000,
    "operatingIncomeRatio": 0.0900314108,
    "totalOtherIncomeExpensesNet": -34000000,
    "incomeBeforeTax": 433200000,
    "incomeBeforeTaxRatio": 0.0834794674,
    "incomeTaxExpense": 211200000,
    "netIncome": 222000000,
    "netIncomeRatio": 0.0427803365,
    "eps": 0.32,
    "epsdiluted": 0.32,
    "weightedAverageShsOut": 704761905,
    "weightedAverageShsOutDil": 704761905,
    "link": null,
    "finalLink": null
  },
  {
    "date": "1986-05-31",
    "symbol": "GIS",
    "reportedCurrency": "USD",
    "cik": "0000040704",
    "fillingDate": "1986-05-31",
    "acceptedDate": "1986-05-31 00:00:00",
    "calendarYear": "1986",
    "period": "FY",
    "revenue": 4586600000,
    "costOfRevenue": 2563900000,
    "grossProfit": 2022700000,
    "grossProfitRatio": 0.4410020494,
    "researchAndDevelopmentExpenses": 0,
    "generalAndAdministrativeExpenses": 0,
    "sellingAndMarketingExpenses": 0,
    "sellingGeneralAndAdministrativeExpenses": 1545700000,
    "otherExpenses": 113100000,
    "operatingExpenses": 1658800000,
    "costAndExpenses": 4222700000,
    "interestIncome": 0,
    "interestExpense": 0,
    "depreciationAndAmortization": 113100000,
    "ebitda": 477000000,
    "ebitdaratio": 0.1039986046,
    "operatingIncome": 363900000,
    "operatingIncomeRatio": 0.079339816,
    "totalOtherIncomeExpensesNet": -40300000,
    "incomeBeforeTax": 323600000,
    "incomeBeforeTaxRatio": 0.0705533511,
    "incomeTaxExpense": 140100000,
    "netIncome": 183500000,
    "netIncomeRatio": 0.040007849,
    "eps": 0.26,
    "epsdiluted": 0.26,
    "weightedAverageShsOut": 705769231,
    "weightedAverageShsOutDil": 705769231,
    "link": null,
    "finalLink": null
  }
]