[
  {
    "date": "2025-06-30",
    "symbol": "GL",
    "reportedCurrency": "USD",
    "cik": "0000320335",
    "fillingDate": "2025-08-06",
    "acceptedDate": "2025-08-06 17:01:00",
    "calendarYear": "2025",
    "period": "Q2",
    "revenue": 1481287000,
    "costOfRevenue": 1446295000,
    "grossProfit": 34992000,
    "grossProfitRatio": 0.0236227011,
    "researchAndDevelopmentExpenses": 0,
    "generalAndAdministrativeExpenses": 105696000,
    "sellingAndMarketingExpenses": 0,
    "sellingGeneralAndAdministrativeExpenses": 105696000,
    "otherExpenses": 245377000,
    "operatingExpenses": 351073000,
    "costAndExpenses": 1133103000,
    "interestIncome": 0,
    "interestExpense": 34885000,
    "depreciationAndAmortization": 0,
    "ebitda": 348184000,
    "ebitdaratio": 0.2350550569,
    "operatingIncome": 348184000,
    "operatingIncomeRatio": 0.2350550569,
    "totalOtherIncomeExpensesNet": -34885000,
    "incomeBeforeTax": 313299000,
    "incomeBeforeTaxRatio": 0.2115045903,
    "incomeTaxExpense": 60550000,
    "netIncome": 252749000,
    "netIncomeRatio": 0.1706279742,
    "eps": 3.09,
    "epsdiluted": 3.05,
    "weightedAverageShsOut": 83480000,
    "weightedAverageShsOutDil": 82793000,
    "link": "https://www.sec.gov/Archives/edgar/data/320335/000032033525000046/0000320335-25-000046-index.htm",
    "finalLink": "https://www.sec.gov/Archives/edgar/data/320335/000032033525000046/gl-20250630.htm"
  },
  {
    "date": "2025-03-31",
    "symbol": "GL",
    "reportedCurrency": "USD",
    "cik": "0000320335",
    "fillingDate": "2025-05-07",
    "acceptedDate": "2025-05-07 16:50:43",
    "calendarYear": "2025",
    "period": "Q1",
    "revenue": 1480422000,
    "costOfRevenue": 856280000,
    "grossProfit": 624142000,
    "grossProfitRatio": 0.4215973553,
    "researchAndDevelopmentExpenses": 0,
    "generalAndAdministrativeExpenses": 105696000,
    "sellingAndMarketingExpenses": 0,
    "sellingGeneralAndAdministrativeExpenses": 105696000,
    "otherExpenses": 202365000,
    "operatingExpenses": 308061000,
    "costAndExpenses": 1123100000,
    "interestIncome": 0,
    "interestExpense": 34992000,
    "depreciationAndAmortization": 0,
    "ebitda": 351073000,
    "ebitdaratio": 0.2371438684,
    "operatingIncome": 357322000,
    "operatingIncomeRatio": 0.2413649622,
    "totalOtherIncomeExpensesNet": -41241000,
    "incomeBeforeTax": 316081000,
    "incomeBeforeTaxRatio": 0.2135073648,
    "incomeTaxExpense": 61518000,
    "netIncome": 254563000,
    "netIncomeRatio": 0.1719529972,
    "eps": 3.05,
    "epsdiluted": 3.01,
    "weightedAverageShsOut": 83480000,
    "weightedAverageShsOutDil": 84480000,
    "link": "https://www.sec.gov/Archives/edgar/data/320335/000032033525000032/0000320335-25-000032-index.htm",
    "finalLink": "https://www.sec.gov/Archives/edgar/data/320335/000032033525000032/gl-20250331.htm"
  },
  {
    "date": "2024-12-31",
    "symbol": "GL",
    "reportedCurrency": "USD",
    "cik": "0000320335",
    "fillingDate": "2025-02-26",
    "acceptedDate": "2025-02-26 17:16:57",
    "calendarYear": "2024",
    "period": "Q4",
    "revenue": 1466277000,
    "costOfRevenue": 843070000,
    "grossProfit": 1466277000,
    "grossProfitRatio": 1,
    "researchAndDevelopmentExpenses": 0,
    "generalAndAdministrativeExpenses": 97122000,
    "sellingAndMarketingExpenses": 0,
    "sellingGeneralAndAdministrativeExpenses": 97122000,
    "otherExpenses": 213652000,
    "operatingExpenses": 310774000,
    "costAndExpenses": 1091631000,
    "interestIncome": 0,
    "interestExpense": 35698000,
    "depreciationAndAmortization": 0,
    "ebitda": 348112000,
    "ebitdaratio": 0.237412167,
    "operatingIncome": 374646000,
    "operatingIncomeRatio": 0.2555083385,
    "totalOtherIncomeExpensesNet": -62213000,
    "incomeBeforeTax": 312433000,
    "incomeBeforeTaxRatio": 0.2130791112,
    "incomeTaxExpense": 57237000,
    "netIncome": 255196000,
    "netIncomeRatio": 0.1740435129,
    "eps": 3.04,
    "epsdiluted": 3.01,
    "weightedAverageShsOut": 83946000,
    "weightedAverageShsOutDil": 84749000,
    "link": "https://www.sec.gov/Archives/edgar/data/320335/000032033525000013/0000320335-25-000013-index.htm",
    "finalLink": "https://www.sec.gov/Archives/edgar/data/320335/000032033525000013/gl-20241231.htm"
  },
  {
    "date": "2024-09-30",
    "symbol": "GL",
    "reportedCurrency": "USD",
    "cik": "0000320335",
    "fillingDate": "2024-11-06",
    "acceptedDate": "2024-11-06 17:01:09",
    "calendarYear": "2024",
    "period": "Q3",
    "revenue": 1455407000,
    "costOfRevenue": 792494000,
    "grossProfit": 1455407000,
    "grossProfitRatio": 1,
    "researchAndDevelopmentExpenses": 0,
    "generalAndAdministrativeExpenses": 0,
    "sellingAndMarketingExpenses": 0,
    "sellingGeneralAndAdministrativeExpenses": 0,
    "otherExpenses": 285955000,
    "operatingExpenses": 285955000,
    "costAndExpenses": 1035486000,
    "interestIncome": 0,
    "interestExpense": 31388000,
    "depreciationAndAmortization": 0,
    "ebitda": 408346000,
    "ebitdaratio": 0.2805716889,
    "operatingIncome": 419921000,
    "operatingIncomeRatio": 0.2885247907,
    "totalOtherIncomeExpensesNet": -42963000,
    "incomeBeforeTax": 376958000,
    "incomeBeforeTaxRatio": 0.259005213,
    "incomeTaxExpense": 73964000,
    "netIncome": 302994000,
    "netIncomeRatio": 0.2081850644,
    "eps": 3.45,
    "epsdiluted": 3.44,
    "weightedAverageShsOut": 87874000,
    "weightedAverageShsOutDil": 88087000,
    "link": "https://www.sec.gov/Archives/edgar/data/320335/000032033524000060/0000320335-24-000060-index.htm",
    "finalLink": "https://www.sec.gov/Archives/edgar/data/320335/000032033524000060/gl-20240930.htm"
  },
  {
    "date": "2024-06-30",
    "symbol": "GL",
    "reportedCurrency": "USD",
    "cik": "0000320335",
    "fillingDate": "2024-08-07",
    "acceptedDate": "2024-08-07 16:35:44",
    "calendarYear": "2024",
    "period": "Q2",
    "revenue": 1440172000,
    "costOfRevenue": 99108000,
    "grossProfit": 1341064000,
    "grossProfitRatio": 0.9311832198,
    "researchAndDevelopmentExpenses": 0,
    "generalAndAdministrativeExpenses": 0,
    "sellingAndMarketingExpenses": 0,
    "sellingGeneralAndAdministrativeExpenses": 10090000,
    "otherExpenses": -201023000,
    "operatingExpenses": 201023000,
    "costAndExpenses": -1086519000,
    "interestIncome": 0,
    "interestExpense": 31404000,
    "depreciationAndAmortization": 0,
    "ebitda": 353727000,
    "ebitdaratio": 0.2456144127,
    "operatingIncome": 364308000,
    "operatingIncomeRatio": 0.2529614518,
    "totalOtherIncomeExpensesNet": -41985000,
    "incomeBeforeTax": 322323000,
    "incomeBeforeTaxRatio": 0.223808684,
    "incomeTaxExpense": 63968000,
    "netIncome": 258355000,
    "netIncomeRatio": 0.1793917671,
    "eps": 2.75,
    "epsdiluted": 2.75,
    "weightedAverageShsOut": 93865606,
    "weightedAverageShsOutDil": 93865606,
    "link": "https://www.sec.gov/Archives/edgar/data/320335/000032033524000048/0000320335-24-000048-index.htm",
    "finalLink": "https://www.sec.gov/Archives/edgar/data/320335/000032033524000048/gl-20240630.htm"
  },
  {
    "date": "2024-03-31",
    "symbol": "GL",
    "reportedCurrency": "USD",
    "cik": "0000320335",
    "fillingDate": "2024-05-08",
    "acceptedDate": "2024-05-08 16:53:41",
    "calendarYear": "2024",
    "period": "Q1",
    "revenue": 1416139000,
    "costOfRevenue": 93214000,
    "grossProfit": 1322925000,
    "grossProfitRatio": 0.9341773654,
    "researchAndDevelopmentExpenses": 0,
    "generalAndAdministrativeExpenses": 89678000,
    "sellingAndMarketingExpenses": 0,
    "sellingGeneralAndAdministrativeExpenses": 89678000,
    "otherExpenses": -186709000,
    "operatingExpenses": 186709000,
    "costAndExpenses": -1066612000,
    "interestIncome": 0,
    "interestExpense": 28608000,
    "depreciationAndAmortization": 0,
    "ebitda": 343544000,
    "ebitdaratio": 0.2425920054,
    "operatingIncome": 349527000,
    "operatingIncomeRatio": 0.2468168732,
    "totalOtherIncomeExpensesNet": -34604000,
    "incomeBeforeTax": 314923000,
    "incomeBeforeTaxRatio": 0.2223814188,
    "incomeTaxExpense": 60706000,
    "netIncome": 254217000,
    "netIncomeRatio": 0.1795141579,
    "eps": 2.71,
    "epsdiluted": 2.67,
    "weightedAverageShsOut": 93865606,
    "weightedAverageShsOutDil": 95114515,
    "link": "https://www.sec.gov/Archives/edgar/data/320335/000032033524000025/0000320335-24-000025-index.htm",
    "finalLink": "https://www.sec.gov/Archives/edgar/data/320335/000032033524000025/gl-20240331.htm"
  },
  {
    "date": "2023-12-31",
    "symbol": "GL",
    "reportedCurrency": "USD",
    "cik": "0000320335",
    "fillingDate": "2024-02-28",
    "acceptedDate": "2024-02-28 17:17:26",
    "calendarYear": "2023",
    "period": "Q4",
    "revenue": 1415691000,
    "costOfRevenue": 91759000,
    "grossProfit": 1323932000,
    "grossProfitRatio": 0.9351843022,
    "researchAndDevelopmentExpenses": 0,
    "generalAndAdministrativeExpenses": 8004000,
    "sellingAndMarketingExpenses": 19200000,
    "sellingGeneralAndAdministrativeExpenses": 27204000,
    "otherExpenses": -189300000,
    "operatingExpenses": 189300000,
    "costAndExpenses": -1053304000,
    "interestIncome": 0,
    "interestExpense": 25676000,
    "depreciationAndAmortization": 0,
    "ebitda": 362387000,
    "ebitdaratio": 0.2559788824,
    "operatingIncome": 371041000,
    "operatingIncomeRatio": 0.2620917983,
    "totalOtherIncomeExpensesNet": -34330000,
    "incomeBeforeTax": 336711000,
    "incomeBeforeTaxRatio": 0.2378421562,
    "incomeTaxExpense": 61909000,
    "netIncome": 274802000,
    "netIncomeRatio": 0.1941115681,
    "eps": 2.88,
    "epsdiluted": 2.88,
    "weightedAverageShsOut": 94110274,
    "weightedAverageShsOutDil": 95464000,
    "link": "https://www.sec.gov/Archives/edgar/data/320335/000032033524000006/0000320335-24-000006-index.htm",
    "finalLink": "https://www.sec.gov/Archives/edgar/data/320335/000032033524000006/gl-20231231.htm"
  },
  {
    "date": "2023-09-30",
    "symbol": "GL",
    "reportedCurrency": "USD",
    "cik": "0000320335",
    "fillingDate": "2023-11-06",
    "acceptedDate": "2023-11-06 16:33:31",
    "calendarYear": "2023",
    "period": "Q3",
    "revenue": 1384118000,
    "costOfRevenue": 85870000,
    "grossProfit": 1298248000,
    "grossProfitRatio": 0.9379604918,
    "researchAndDevelopmentExpenses": 0,
    "generalAndAdministrativeExpenses": 0,
    "sellingAndMarketingExpenses": 0,
    "sellingGeneralAndAdministrativeExpenses": 7567000,
    "otherExpenses": -1065353000,
    "operatingExpenses": -1065353000,
    "costAndExpenses": 1065303000,
    "interestIncome": 0,
    "interestExpense": 25955000,
    "depreciationAndAmortization": 0,
    "ebitda": 344770000,
    "ebitdaratio": 0.2490900342,
    "operatingIncome": 349805000,
    "operatingIncomeRatio": 0.2527277299,
    "totalOtherIncomeExpensesNet": -30990000,
    "incomeBeforeTax": 318815000,
    "incomeBeforeTaxRatio": 0.2303380203,
    "incomeTaxExpense": 61732000,
    "netIncome": 257083000,
    "netIncomeRatio": 0.1857377767,
    "eps": 2.72,
    "epsdiluted": 2.68,
    "weightedAverageShsOut": 94636867,
    "weightedAverageShsOutDil": 95818000,
    "link": "https://www.sec.gov/Archives/edgar/data/320335/000032033523000054/0000320335-23-000054-index.htm",
    "finalLink": "https://www.sec.gov/Archives/edgar/data/320335/000032033523000054/gl-20230930.htm"
  },
  {
    "date": "2023-06-30",
    "symbol": "GL",
    "reportedCurrency": "USD",
    "cik": "0000320335",
    "fillingDate": "2023-08-08",
    "acceptedDate": "2023-08-08 16:50:08",
    "calendarYear": "2023",
    "period": "Q2",
    "revenue": 1326406000,
    "costOfRevenue": 86033000,
    "grossProfit": 1240373000,
    "grossProfitRatio": 0.9351382608,
    "researchAndDevelopmentExpenses": 0,
    "generalAndAdministrativeExpenses": 0,
    "sellingAndMarketingExpenses": 0,
    "sellingGeneralAndAdministrativeExpenses": 7486000,
    "otherExpenses": -1061985000,
    "operatingExpenses": -1061985000,
    "costAndExpenses": 1061900000,
    "interestIncome": 0,
    "interestExpense": 25818000,
    "depreciationAndAmortization": 0,
    "ebitda": 290324000,
    "ebitdaratio": 0.218880192,
    "operatingIncome": 293300000,
    "operatingIncomeRatio": 0.221123849,
    "totalOtherIncomeExpensesNet": -28794000,
    "incomeBeforeTax": 264505999,
    "incomeBeforeTaxRatio": 0.1994155628,
    "incomeTaxExpense": 49246000,
    "netIncome": 215260000,
    "netIncomeRatio": 0.1622881682,
    "eps": 2.26,
    "epsdiluted": 2.24,
    "weightedAverageShsOut": 95330416,
    "weightedAverageShsOutDil": 96251000,
    "link": "https://www.sec.gov/Archives/edgar/data/320335/000032033523000044/0000320335-23-000044-index.htm",
    "finalLink": "https://www.sec.gov/Archives/edgar/data/320335/000032033523000044/gl-20230630.htm"
  },
  {
    "date": "2023-03-31",
    "symbol": "GL",
    "reportedCurrency": "USD",
    "cik": "0000320335",
    "fillingDate": "2023-05-09",
    "acceptedDate": "2023-05-09 16:37:33",
    "calendarYear": "2023",
    "period": "Q1",
    "revenue": 1093468000,
    "costOfRevenue": 0,
    "grossProfit": 1093468000,
    "grossProfitRatio": 1,
    "researchAndDevelopmentExpenses": 0,
    "generalAndAdministrativeExpenses": 81586000,
    "sellingAndMarketingExpenses": 0,
    "sellingGeneralAndAdministrativeExpenses": 81586000,
    "otherExpenses": 1011882000,
    "operatingExpenses": 1093468000,
    "costAndExpenses": 1093468000,
    "interestIncome": 0,
    "interestExpense": 24867000,
    "depreciationAndAmortization": 0,
    "ebitda": 299101000,
    "ebitdaratio": 0.2735342964,
    "operatingIncome": 302841000,
    "operatingIncomeRatio": 0.2769546068,
    "totalOtherIncomeExpensesNet": -28607000,
    "incomeBeforeTax": 274234000,
    "incomeBeforeTaxRatio": 0.2507928901,
    "incomeTaxExpense": 50624000,
    "netIncome": 223610000,
    "netIncomeRatio": 0.2044961535,
    "eps": 2.32,
    "epsdiluted": 2.28,
    "weightedAverageShsOut": 96388211,
    "weightedAverageShsOutDil": 97911100,
    "link": "https://www.sec.gov/Archives/edgar/data/320335/000032033523000030/0000320335-23-000030-index.htm",
    "finalLink": "https://www.sec.gov/Archives/edgar/data/320335/000032033523000030/gl-20230331.htm"
  },
  {
    "date": "2022-12-31",
    "symbol": "GL",
    "reportedCurrency": "USD",
    "cik": "0000320335",
    "fillingDate": "2023-02-23",
    "acceptedDate": "2023-02-23 16:57:58",
    "calendarYear": "2022",
    "period": "Q4",
    "revenue": 1322669000,
    "costOfRevenue": -937319000,
    "grossProfit": 2259988000,
    "grossProfitRatio": 1.708657268,
    "researchAndDevelopmentExpenses": 0,
    "generalAndAdministrativeExpenses": 9047000,
    "sellingAndMarketingExpenses": 9400000,
    "sellingGeneralAndAdministrativeExpenses": 18447000,
    "otherExpenses": -177798000,
    "operatingExpenses": -177798000,
    "costAndExpenses": 1064952000,
    "interestIncome": 0,
    "interestExpense": 24658000,
    "depreciationAndAmortization": 0,
    "ebitda": 321368000,
    "ebitdaratio": 0.2429693294,
    "operatingIncome": 325911000,
    "operatingIncomeRatio": 0.2464040512,
    "totalOtherIncomeExpensesNet": -29201000,
    "incomeBeforeTax": 296710000,
    "incomeBeforeTaxRatio": 0.2243267212,
    "incomeTaxExpense": 46157000,
    "netIncome": 211560000,
    "netIncomeRatio": 0.1599493146,
    "eps": 2.18,
    "epsdiluted": 2.14,
    "weightedAverageShsOut": 97045872,
    "weightedAverageShsOutDil": 98640000,
    "link": "https://www.sec.gov/Archives/edgar/data/320335/000032033523000008/0000320335-23-000008-index.htm",
    "finalLink": "https://www.sec.gov/Archives/edgar/data/320335/000032033523000008/gl-20221231.htm"
  },
  {
    "date": "2022-09-30",
    "symbol": "GL",
    "reportedCurrency": "USD",
    "cik": "0000320335",
    "fillingDate": "2022-11-08",
    "acceptedDate": "2022-11-08 16:20:55",
    "calendarYear": "2022",
    "period": "Q3",
    "revenue": 1291273000,
    "costOfRevenue": 88140000,
    "grossProfit": 1203133000,
    "grossProfitRatio": 0.9317417773,
    "researchAndDevelopmentExpenses": 0,
    "generalAndAdministrativeExpenses": 0,
    "sellingAndMarketingExpenses": 0,
    "sellingGeneralAndAdministrativeExpenses": 9120000,
    "otherExpenses": 88140000,
    "operatingExpenses": 88140000,
    "costAndExpenses": 1061290000,
    "interestIncome": 0,
    "interestExpense": 23965000,
    "depreciationAndAmortization": 0,
    "ebitda": 258741000,
    "ebitdaratio": 0.2003766825,
    "operatingIncome": 262297000,
    "operatingIncomeRatio": 0.2031305541,
    "totalOtherIncomeExpensesNet": -27521000,
    "incomeBeforeTax": 234776000,
    "incomeBeforeTaxRatio": 0.1818174778,
    "incomeTaxExpense": 44190000,
    "netIncome": 190586000,
    "netIncomeRatio": 0.1475954349,
    "eps": 1.92,
    "epsdiluted": 1.9,
    "weightedAverageShsOut": 97258349,
    "weightedAverageShsOutDil": 98147524,
    "link": "https://www.sec.gov/Archives/edgar/data/320335/000032033522000034/0000320335-22-000034-index.htm",
    "finalLink": "https://www.sec.gov/Archives/edgar/data/320335/000032033522000034/gl-20220930.htm"
  },
  {
    "date": "2022-06-30",
    "symbol": "GL",
    "reportedCurrency": "USD",
    "cik": "0000320335",
    "fillingDate": "2022-08-05",
    "acceptedDate": "2022-08-05 16:28:07",
    "calendarYear": "2022",
    "period": "Q2",
    "revenue": 1291764000,
    "costOfRevenue": 89658000,
    "grossProfit": 1202106000,
    "grossProfitRatio": 0.930592585,
    "researchAndDevelopmentExpenses": 0,
    "generalAndAdministrativeExpenses": 0,
    "sellingAndMarketingExpenses": 0,
    "sellingGeneralAndAdministrativeExpenses": 8448000,
    "otherExpenses": -236854000,
    "operatingExpenses": 993487000,
    "costAndExpenses": 1015315000,
    "interestIncome": 0,
    "interestExpense": 21828000,
    "depreciationAndAmortization": 0,
    "ebitda": 298277000,
    "ebitdaratio": 0.2309067291,
    "operatingIncome": 306286000,
    "operatingIncomeRatio": 0.237106778,
    "totalOtherIncomeExpensesNet": -29837000,
    "incomeBeforeTax": 276449000,
    "incomeBeforeTaxRatio": 0.2140089057,
    "incomeTaxExpense": 52476000,
    "netIncome": 223973000,
    "netIncomeRatio": 0.1733853862,
    "eps": 2.28,
    "epsdiluted": 2.26,
    "weightedAverageShsOut": 98222993,
    "weightedAverageShsOutDil": 98940679,
    "link": "https://www.sec.gov/Archives/edgar/data/320335/000032033522000026/0000320335-22-000026-index.htm",
    "finalLink": "https://www.sec.gov/Archives/edgar/data/320335/000032033522000026/gl-20220630.htm"
  },
  {
    "date": "2022-03-31",
    "symbol": "GL",
    "reportedCurrency": "USD",
    "cik": "0000320335",
    "fillingDate": "2022-05-06",
    "acceptedDate": "2022-05-05 18:10:38",
    "calendarYear": "2022",
    "period": "Q1",
    "revenue": 1308356000,
    "costOfRevenue": 84352000,
    "grossProfit": 1224004000,
    "grossProfitRatio": 0.9355282507,
    "researchAndDevelopmentExpenses": 0,
    "generalAndAdministrativeExpenses": 81600000,
    "sellingAndMarketingExpenses": 0,
    "sellingGeneralAndAdministrativeExpenses": 81600000,
    "otherExpenses": -1168397000,
    "operatingExpenses": -1086797000,
    "costAndExpenses": 1106741000,
    "interestIncome": 0,
    "interestExpense": 19944000,
    "depreciationAndAmortization": 0,
    "ebitda": 314120000,
    "ebitdaratio": 0.2400875603,
    "operatingIncome": 317875000,
    "operatingIncomeRatio": 0.2429575742,
    "totalOtherIncomeExpensesNet": -23699000,
    "incomeBeforeTax": 294176000,
    "incomeBeforeTaxRatio": 0.2248440027,
    "incomeTaxExpense": 56692000,
    "netIncome": 237484000,
    "netIncomeRatio": 0.1815132884,
    "eps": 1.66,
    "epsdiluted": 1.64,
    "weightedAverageShsOut": 99273616,
    "weightedAverageShsOutDil": 100250374,
    "link": "https://www.sec.gov/Archives/edgar/data/320335/000032033522000014/0000320335-22-000014-index.htm",
    "finalLink": "https://www.sec.gov/Archives/edgar/data/320335/000032033522000014/gl-20220331.htm"
  },
  {
    "date": "2021-12-31",
    "symbol": "GL",
    "reportedCurrency": "USD",
    "cik": "0000320335",
    "fillingDate": "2022-02-24",
    "acceptedDate": "2022-02-24 15:56:49",
    "calendarYear": "2021",
    "period": "Q4",
    "revenue": 1297360000,
    "costOfRevenue": -3502794000,
    "grossProfit": 4800154000,
    "grossProfitRatio": 3.6999398779,
    "researchAndDevelopmentExpenses": 0,
    "generalAndAdministrativeExpenses": 5974000,
    "sellingAndMarketingExpenses": 10000000,
    "sellingGeneralAndAdministrativeExpenses": 15974000,
    "otherExpenses": 4119945000,
    "operatingExpenses": 4045881000,
    "costAndExpenses": 1079802000,
    "interestIncome": 0,
    "interestExpense": 19653000,
    "depreciationAndAmortization": 0,
    "ebitda": 237211000,
    "ebitdaratio": 0.1828413085,
    "operatingIncome": 245049000,
    "operatingIncomeRatio": 0.1888828082,
    "totalOtherIncomeExpensesNet": -27491000,
    "incomeBeforeTax": 217558000,
    "incomeBeforeTaxRatio": 0.1676928532,
    "incomeTaxExpense": 39605000,
    "netIncome": 177953000,
    "netIncomeRatio": 0.1371654745,
    "eps": 1.77,
    "epsdiluted": 1.76,
    "weightedAverageShsOut": 100538418,
    "weightedAverageShsOutDil": 101343000,
    "link": "https://www.sec.gov/Archives/edgar/data/320335/000032033522000006/0000320335-22-000006-index.htm",
    "finalLink": "https://www.sec.gov/Archives/edgar/data/320335/000032033522000006/gl-20211231.htm"
  },
  {
    "date": "2021-09-30",
    "symbol": "GL",
    "reportedCurrency": "USD",
    "cik": "0000320335",
    "fillingDate": "2021-11-04",
    "acceptedDate": "2021-11-04 16:22:34",
    "calendarYear": "2021",
    "period": "Q3",
    "revenue": 1277838000,
    "costOfRevenue": 80385000,
    "grossProfit": 1197453000,
    "grossProfitRatio": 0.9370929648,
    "researchAndDevelopmentExpenses": 0,
    "generalAndAdministrativeExpenses": 0,
    "sellingAndMarketingExpenses": 0,
    "sellingGeneralAndAdministrativeExpenses": 7776000,
    "otherExpenses": -945772000,
    "operatingExpenses": -945772000,
    "costAndExpenses": 1047043000,
    "interestIncome": 0,
    "interestExpense": 20886000,
    "depreciationAndAmortization": 0,
    "ebitda": 251681000,
    "ebitdaratio": 0.1969584564,
    "operatingIncome": 257466000,
    "operatingIncomeRatio": 0.2014856343,
    "totalOtherIncomeExpensesNet": -26671000,
    "incomeBeforeTax": 230795000,
    "incomeBeforeTaxRatio": 0.1806136615,
    "incomeTaxExpense": 41924000,
    "netIncome": 188871000,
    "netIncomeRatio": 0.1478051208,
    "eps": 1.86,
    "epsdiluted": 1.84,
    "weightedAverageShsOut": 101498408,
    "weightedAverageShsOutDil": 102381017,
    "link": "https://www.sec.gov/Archives/edgar/data/320335/000032033521000050/0000320335-21-000050-index.htm",
    "finalLink": "https://www.sec.gov/Archives/edgar/data/320335/000032033521000050/gl-20210930.htm"
  },
  {
    "date": "2021-06-30",
    "symbol": "GL",
    "reportedCurrency": "USD",
    "cik": "0000320335",
    "fillingDate": "2021-08-05",
    "acceptedDate": "2021-08-05 14:41:52",
    "calendarYear": "2021",
    "period": "Q2",
    "revenue": 1271111000,
    "costOfRevenue": 79155000,
    "grossProfit": 1191956000,
    "grossProfitRatio": 0.9377277043,
    "researchAndDevelopmentExpenses": 0,
    "generalAndAdministrativeExpenses": 0,
    "sellingAndMarketingExpenses": 0,
    "sellingGeneralAndAdministrativeExpenses": 8364000,
    "otherExpenses": -924944000,
    "operatingExpenses": -924944000,
    "costAndExpenses": 1025868000,
    "interestIncome": 0,
    "interestExpense": 21769000,
    "depreciationAndAmortization": 0,
    "ebitda": 267012000,
    "ebitdaratio": 0.2100619065,
    "operatingIncome": 271795000,
    "operatingIncomeRatio": 0.2138247565,
    "totalOtherIncomeExpensesNet": -26552000,
    "incomeBeforeTax": 245243000,
    "incomeBeforeTaxRatio": 0.1929359434,
    "incomeTaxExpense": 45625000,
    "netIncome": 199618000,
    "netIncomeRatio": 0.1570421466,
    "eps": 1.94,
    "epsdiluted": 1.92,
    "weightedAverageShsOut": 102895435,
    "weightedAverageShsOutDil": 104233346,
    "link": "https://www.sec.gov/Archives/edgar/data/320335/000032033521000040/0000320335-21-000040-index.htm",
    "finalLink": "https://www.sec.gov/Archives/edgar/data/320335/000032033521000040/gl-20210630.htm"
  },
  {
    "date": "2021-03-31",
    "symbol": "GL",
    "reportedCurrency": "USD",
    "cik": "0000320335",
    "fillingDate": "2021-05-06",
    "acceptedDate": "2021-05-06 14:57:38",
    "calendarYear": "2021",
    "period": "Q1",
    "revenue": 1266560000,
    "costOfRevenue": 81210000,
    "grossProfit": 1185350000,
    "grossProfitRatio": 0.9358814426,
    "researchAndDevelopmentExpenses": 0,
    "generalAndAdministrativeExpenses": 74064000,
    "sellingAndMarketingExpenses": 0,
    "sellingGeneralAndAdministrativeExpenses": 74064000,
    "otherExpenses": -1019442000,
    "operatingExpenses": -945378000,
    "costAndExpenses": 1047766000,
    "interestIncome": 0,
    "interestExpense": 21178000,
    "depreciationAndAmortization": 0,
    "ebitda": 239972000,
    "ebitdaratio": 0.1894675341,
    "operatingIncome": 247633000,
    "operatingIncomeRatio": 0.1955162014,
    "totalOtherIncomeExpensesNet": -28839000,
    "incomeBeforeTax": 218794000,
    "incomeBeforeTaxRatio": 0.1727466523,
    "incomeTaxExpense": 40277000,
    "netIncome": 178517000,
    "netIncomeRatio": 0.1409463428,
    "eps": 1.73,
    "epsdiluted": 1.7,
    "weightedAverageShsOut": 103482944,
    "weightedAverageShsOutDil": 104837717,
    "link": "https://www.sec.gov/Archives/edgar/data/320335/000032033521000024/0000320335-21-000024-index.htm",
    "finalLink": "https://www.sec.gov/Archives/edgar/data/320335/000032033521000024/gl-20210331.htm"
  },
  {
    "date": "2020-12-31",
    "symbol": "GL",
    "reportedCurrency": "USD",
    "cik": "0000320335",
    "fillingDate": "2021-02-25",
    "acceptedDate": "2021-02-25 16:45:08",
    "calendarYear": "2020",
    "period": "Q4",
    "revenue": 1228941000,
    "costOfRevenue": -3208576000,
    "grossProfit": 4437517000,
    "grossProfitRatio": 3.6108462489,
    "researchAndDevelopmentExpenses": 0,
    "generalAndAdministrativeExpenses": 9237000,
    "sellingAndMarketingExpenses": 9800000,
    "sellingGeneralAndAdministrativeExpenses": 19037000,
    "otherExpenses": 2065669000,
    "operatingExpenses": 1850110000,
    "costAndExpenses": 978957000,
    "interestIncome": 0,
    "interestExpense": 21409000,
    "depreciationAndAmortization": 0,
    "ebitda": 271393000,
    "ebitdaratio": 0.2208348489,
    "operatingIncome": 274109000,
    "operatingIncomeRatio": 0.2230448817,
    "totalOtherIncomeExpensesNet": -24125000,
    "incomeBeforeTax": 249984000,
    "incomeBeforeTaxRatio": 0.203414159,
    "incomeTaxExpense": 45744000,
    "netIncome": 204240000,
    "netIncomeRatio": 0.1661918676,
    "eps": 1.96,
    "epsdiluted": 1.93,
    "weightedAverageShsOut": 104204082,
    "weightedAverageShsOutDil": 105778000,
    "link": "https://www.sec.gov/Archives/edgar/data/320335/000032033521000010/0000320335-21-000010-index.htm",
    "finalLink": "https://www.sec.gov/Archives/edgar/data/320335/000032033521000010/gl-20201231.htm"
  },
  {
    "date": "2020-09-30",
    "symbol": "GL",
    "reportedCurrency": "USD",
    "cik": "0000320335",
    "fillingDate": "2020-11-05",
    "acceptedDate": "2020-11-05 17:08:13",
    "calendarYear": "2020",
    "period": "Q3",
    "revenue": 1195042000,
    "costOfRevenue": 75397000,
    "grossProfit": 1119645000,
    "grossProfitRatio": 0.9369084936,
    "researchAndDevelopmentExpenses": 0,
    "generalAndAdministrativeExpenses": 72385000,
    "sellingAndMarketingExpenses": 0,
    "sellingGeneralAndAdministrativeExpenses": 72385000,
    "otherExpenses": 0,
    "operatingExpenses": 930700000,
    "costAndExpenses": 963504000,
    "interestIncome": 0,
    "interestExpense": 21674000,
    "depreciationAndAmortization": 0,
    "ebitda": 253212000,
    "ebitdaratio": 0.21188544,
    "operatingIncome": 256440000,
    "operatingIncomeRatio": 0.2145866003,
    "totalOtherIncomeExpensesNet": -24902000,
    "incomeBeforeTax": 231538000,
    "incomeBeforeTaxRatio": 0.193748839,
    "incomeTaxExpense": 42593000,
    "netIncome": 188945000,
    "netIncomeRatio": 0.1581074138,
    "eps": 1.78,
    "epsdiluted": 1.76,
    "weightedAverageShsOut": 106146809,
    "weightedAverageShsOutDil": 107053111,
    "link": "https://www.sec.gov/Archives/edgar/data/320335/000032033520000055/0000320335-20-000055-index.htm",
    "finalLink": "https://www.sec.gov/Archives/edgar/data/320335/000032033520000055/gl-20200930.htm"
  },
  {
    "date": "2020-06-30",
    "symbol": "GL",
    "reportedCurrency": "USD",
    "cik": "0000320335",
    "fillingDate": "2020-08-06",
    "acceptedDate": "2020-08-06 16:03:13",
    "calendarYear": "2020",
    "period": "Q2",
    "revenue": 1180884000,
    "costOfRevenue": 72714000,
    "grossProfit": 1108170000,
    "grossProfitRatio": 0.9384240958,
    "researchAndDevelopmentExpenses": 0,
    "generalAndAdministrativeExpenses": 70198000,
    "sellingAndMarketingExpenses": 0,
    "sellingGeneralAndAdministrativeExpenses": 70198000,
    "otherExpenses": 875802000,
    "operatingExpenses": 946000000,
    "costAndExpenses": 968643000,
    "interestIncome": 0,
    "interestExpense": 22813000,
    "depreciationAndAmortization": 0,
    "ebitda": 235054000,
    "ebitdaratio": 0.1990491869,
    "operatingIncome": 237651000,
    "operatingIncomeRatio": 0.2012483868,
    "totalOtherIncomeExpensesNet": -25410000,
    "incomeBeforeTax": 212241000,
    "incomeBeforeTaxRatio": 0.1797306086,
    "incomeTaxExpense": 39193000,
    "netIncome": 173048000,
    "netIncomeRatio": 0.1465410658,
    "eps": 1.63,
    "epsdiluted": 1.62,
    "weightedAverageShsOut": 106441311,
    "weightedAverageShsOutDil": 107134017,
    "link": "https://www.sec.gov/Archives/edgar/data/320335/000032033520000039/0000320335-20-000039-index.htm",
    "finalLink": "https://www.sec.gov/Archives/edgar/data/320335/000032033520000039/gl-20200630.htm"
  },
  {
    "date": "2020-03-31",
    "symbol": "GL",
    "reportedCurrency": "USD",
    "cik": "0000320335",
    "fillingDate": "2020-05-07",
    "acceptedDate": "2020-05-06 18:11:47",
    "calendarYear": "2020",
    "period": "Q1",
    "revenue": 1164908000,
    "costOfRevenue": 78582000,
    "grossProfit": 1086326000,
    "grossProfitRatio": 0.9325423124,
    "researchAndDevelopmentExpenses": 0,
    "generalAndAdministrativeExpenses": 72976000,
    "sellingAndMarketingExpenses": 0,
    "sellingGeneralAndAdministrativeExpenses": 72976000,
    "otherExpenses": 836024000,
    "operatingExpenses": 909000000,
    "costAndExpenses": 961987000,
    "interestIncome": 0,
    "interestExpense": 20808000,
    "depreciationAndAmortization": 0,
    "ebitda": 223729000,
    "ebitdaratio": 0.1920572268,
    "operatingIncome": 229719000,
    "operatingIncomeRatio": 0.1971992638,
    "totalOtherIncomeExpensesNet": -26798000,
    "incomeBeforeTax": 202921000,
    "incomeBeforeTaxRatio": 0.174194872,
    "incomeTaxExpense": 37381000,
    "netIncome": 165540000,
    "netIncomeRatio": 0.1421056427,
    "eps": 1.54,
    "epsdiluted": 1.52,
    "weightedAverageShsOut": 107285223,
    "weightedAverageShsOutDil": 109132244,
    "link": "https://www.sec.gov/Archives/edgar/data/320335/000032033520000031/0000320335-20-000031-index.htm",
    "finalLink": "https://www.sec.gov/Archives/edgar/data/320335/000032033520000031/gl-20200331.htm"
  },
  {
    "date": "2019-12-31",
    "symbol": "GL",
    "reportedCurrency": "USD",
    "cik": "0000320335",
    "fillingDate": "2020-02-27",
    "acceptedDate": "2020-02-27 16:12:53",
    "calendarYear": "2019",
    "period": "Q4",
    "revenue": 1136576000,
    "costOfRevenue": -3086131000,
    "grossProfit": 4222707000,
    "grossProfitRatio": 3.715287847,
    "researchAndDevelopmentExpenses": 0,
    "generalAndAdministrativeExpenses": 78413000,
    "sellingAndMarketingExpenses": 0,
    "sellingGeneralAndAdministrativeExpenses": 78413000,
    "otherExpenses": 816361000,
    "operatingExpenses": 889000000,
    "costAndExpenses": 909488000,
    "interestIncome": 0,
    "interestExpense": 20502000,
    "depreciationAndAmortization": 0,
    "ebitda": 247590000,
    "ebitdaratio": 0.2178384903,
    "operatingIncome": 253188000,
    "operatingIncomeRatio": 0.2227638099,
    "totalOtherIncomeExpensesNet": -26100000,
    "incomeBeforeTax": 227088000,
    "incomeBeforeTaxRatio": 0.1998001014,
    "incomeTaxExpense": 40027000,
    "netIncome": 187061000,
    "netIncomeRatio": 0.1645829227,
    "eps": 1.73,
    "epsdiluted": 1.69,
    "weightedAverageShsOut": 108127746,
    "weightedAverageShsOutDil": 110665000,
    "link": "https://www.sec.gov/Archives/edgar/data/320335/000032033520000008/0000320335-20-000008-index.htm",
    "finalLink": "https://www.sec.gov/Archives/edgar/data/320335/000032033520000008/gl-20191231.htm"
  },
  {
    "date": "2019-09-30",
    "symbol": "GL",
    "reportedCurrency": "USD",
    "cik": "0000320335",
    "fillingDate": "2019-11-12",
    "acceptedDate": "2019-11-12 08:33:05",
    "calendarYear": "2019",
    "period": "Q3",
    "revenue": 1141279000,
    "costOfRevenue": 74575000,
    "grossProfit": 1066704000,
    "grossProfitRatio": 0.934656644,
    "researchAndDevelopmentExpenses": 0,
    "generalAndAdministrativeExpenses": 74575000,
    "sellingAndMarketingExpenses": 0,
    "sellingGeneralAndAdministrativeExpenses": 74575000,
    "otherExpenses": 800897000,
    "operatingExpenses": 873000000,
    "costAndExpenses": 893949000,
    "interestIncome": 0,
    "interestExpense": 21094000,
    "depreciationAndAmortization": 0,
    "ebitda": 268424000,
    "ebitdaratio": 0.235195776,
    "operatingIncome": 271113000,
    "operatingIncomeRatio": 0.2375519045,
    "totalOtherIncomeExpensesNet": -23783000,
    "incomeBeforeTax": 247330000,
    "incomeBeforeTaxRatio": 0.2167130036,
    "incomeTaxExpense": 45512000,
    "netIncome": 201818000,
    "netIncomeRatio": 0.1768349369,
    "eps": 1.85,
    "epsdiluted": 1.82,
    "weightedAverageShsOut": 109090811,
    "weightedAverageShsOutDil": 110914000,
    "link": "https://www.sec.gov/Archives/edgar/data/320335/000032033519000041/0000320335-19-000041-index.htm",
    "finalLink": "https://www.sec.gov/Archives/edgar/data/320335/000032033519000041/gl201910-qq3document.htm"
  },
  {
    "date": "2019-06-30",
    "symbol": "GL",
    "reportedCurrency": "USD",
    "cik": "0000320335",
    "fillingDate": "2019-08-08",
    "acceptedDate": "2019-08-08 17:19:33",
    "calendarYear": "2019",
    "period": "Q2",
    "revenue": 1130461000,
    "costOfRevenue": 79044000,
    "grossProfit": 1051417000,
    "grossProfitRatio": 0.9300780832,
    "researchAndDevelopmentExpenses": 0,
    "generalAndAdministrativeExpenses": 79044000,
    "sellingAndMarketingExpenses": 0,
    "sellingGeneralAndAdministrativeExpenses": 79044000,
    "otherExpenses": 803828000,
    "operatingExpenses": 880000000,
    "costAndExpenses": 901701000,
    "interestIncome": 0,
    "interestExpense": 21432000,
    "depreciationAndAmortization": 0,
    "ebitda": 250192000,
    "ebitdaratio": 0.2213185594,
    "operatingIncome": 258374000,
    "operatingIncomeRatio": 0.2285563146,
    "totalOtherIncomeExpensesNet": -29614000,
    "incomeBeforeTax": 228760000,
    "incomeBeforeTaxRatio": 0.2023599222,
    "incomeTaxExpense": 42151000,
    "netIncome": 186566000,
    "netIncomeRatio": 0.1650353263,
    "eps": 1.7,
    "epsdiluted": 1.67,
    "weightedAverageShsOut": 109744706,
    "weightedAverageShsOutDil": 111586000,
    "link": "https://www.sec.gov/Archives/edgar/data/320335/000032033519000034/0000320335-19-000034-index.htm",
    "finalLink": "https://www.sec.gov/Archives/edgar/data/320335/000032033519000034/gl201910-qq2document.htm"
  },
  {
    "date": "2019-03-31",
    "symbol": "GL",
    "reportedCurrency": "USD",
    "cik": "0000320335",
    "fillingDate": "2019-05-07",
    "acceptedDate": "2019-05-07 16:41:15",
    "calendarYear": "2019",
    "period": "Q1",
    "revenue": 1119000000,
    "costOfRevenue": 72793000,
    "grossProfit": 1046207000,
    "grossProfitRatio": 0.934948168,
    "researchAndDevelopmentExpenses": 0,
    "generalAndAdministrativeExpenses": 73000000,
    "sellingAndMarketingExpenses": 0,
    "sellingGeneralAndAdministrativeExpenses": 73000000,
    "otherExpenses": 799850000,
    "operatingExpenses": 870000000,
    "costAndExpenses": 891000000,
    "interestIncome": 0,
    "interestExpense": 21278000,
    "depreciationAndAmortization": 0,
    "ebitda": 249379000,
    "ebitdaratio": 0.2228588025,
    "operatingIncome": 251554000,
    "operatingIncomeRatio": 0.2248025022,
    "totalOtherIncomeExpensesNet": -23453000,
    "incomeBeforeTax": 228101000,
    "incomeBeforeTaxRatio": 0.2038436104,
    "incomeTaxExpense": 42707000,
    "netIncome": 185345000,
    "netIncomeRatio": 0.1656344951,
    "eps": 1.68,
    "epsdiluted": 1.65,
    "weightedAverageShsOut": 110119048,
    "weightedAverageShsOutDil": 112329000,
    "link": "https://www.sec.gov/Archives/edgar/data/320335/000032033519000015/0000320335-19-000015-index.htm",
    "finalLink": "https://www.sec.gov/Archives/edgar/data/320335/000032033519000015/tmk201910-qq1document.htm"
  },
  {
    "date": "2018-12-31",
    "symbol": "GL",
    "reportedCurrency": "USD",
    "cik": "0000320335",
    "fillingDate": "2019-03-01",
    "acceptedDate": "2019-02-28 18:04:51",
    "calendarYear": "2018",
    "period": "Q4",
    "revenue": 1064000000,
    "costOfRevenue": -2959429000,
    "grossProfit": 4023429000,
    "grossProfitRatio": 3.7814182331,
    "researchAndDevelopmentExpenses": 0,
    "generalAndAdministrativeExpenses": 70000000,
    "sellingAndMarketingExpenses": 0,
    "sellingGeneralAndAdministrativeExpenses": 70000000,
    "otherExpenses": 769796000,
    "operatingExpenses": 837000000,
    "costAndExpenses": 862000000,
    "interestIncome": 0,
    "interestExpense": 23610000,
    "depreciationAndAmortization": 0,
    "ebitda": 227245000,
    "ebitdaratio": 0.2135761278,
    "operatingIncome": 230061000,
    "operatingIncomeRatio": 0.2162227444,
    "totalOtherIncomeExpensesNet": -26426000,
    "incomeBeforeTax": 203635000,
    "incomeBeforeTaxRatio": 0.1913862782,
    "incomeTaxExpense": 38929000,
    "netIncome": 164717000,
    "netIncomeRatio": 0.1548092105,
    "eps": 1.48,
    "epsdiluted": 1.45,
    "weightedAverageShsOut": 111486486,
    "weightedAverageShsOutDil": 113667000,
    "link": "https://www.sec.gov/Archives/edgar/data/320335/000032033519000006/0000320335-19-000006-index.htm",
    "finalLink": "https://www.sec.gov/Archives/edgar/data/320335/000032033519000006/tmk201810-kdocumentxq42018.htm"
  },
  {
    "date": "2018-09-30",
    "symbol": "GL",
    "reportedCurrency": "USD",
    "cik": "0000320335",
    "fillingDate": "2018-11-07",
    "acceptedDate": "2018-11-06 18:23:39",
    "calendarYear": "2018",
    "period": "Q3",
    "revenue": 1084000000,
    "costOfRevenue": 74059000,
    "grossProfit": 1009941000,
    "grossProfitRatio": 0.9316798893,
    "researchAndDevelopmentExpenses": 0,
    "generalAndAdministrativeExpenses": 74000000,
    "sellingAndMarketingExpenses": 0,
    "sellingGeneralAndAdministrativeExpenses": 74000000,
    "otherExpenses": 774776000,
    "operatingExpenses": 841000000,
    "costAndExpenses": 864000000,
    "interestIncome": 0,
    "interestExpense": 22433000,
    "depreciationAndAmortization": 0,
    "ebitda": 242763000,
    "ebitdaratio": 0.223951107,
    "operatingIncome": 245023000,
    "operatingIncomeRatio": 0.2260359779,
    "totalOtherIncomeExpensesNet": -24693000,
    "incomeBeforeTax": 220330000,
    "incomeBeforeTaxRatio": 0.2032564576,
    "incomeTaxExpense": 41630000,
    "netIncome": 178724000,
    "netIncomeRatio": 0.1648745387,
    "eps": 1.59,
    "epsdiluted": 1.56,
    "weightedAverageShsOut": 112578616,
    "weightedAverageShsOutDil": 114974000,
    "link": "https://www.sec.gov/Archives/edgar/data/320335/000032033518000045/0000320335-18-000045-index.htm",
    "finalLink": "https://www.sec.gov/Archives/edgar/data/320335/000032033518000045/tmk201810-qq3document.htm"
  },
  {
    "date": "2018-06-30",
    "symbol": "GL",
    "reportedCurrency": "USD",
    "cik": "0000320335",
    "fillingDate": "2018-08-08",
    "acceptedDate": "2018-08-08 16:38:08",
    "calendarYear": "2018",
    "period": "Q2",
    "revenue": 1085000000,
    "costOfRevenue": 68620000,
    "grossProfit": 1016380000,
    "grossProfitRatio": 0.9367557604,
    "researchAndDevelopmentExpenses": 0,
    "generalAndAdministrativeExpenses": 69000000,
    "sellingAndMarketingExpenses": 0,
    "sellingGeneralAndAdministrativeExpenses": 69000000,
    "otherExpenses": 770227000,
    "operatingExpenses": 836000000,
    "costAndExpenses": 857000000,
    "interestIncome": 0,
    "interestExpense": 22411000,
    "depreciationAndAmortization": 0,
    "ebitda": 249275000,
    "ebitdaratio": 0.2297465438,
    "operatingIncome": 251367000,
    "operatingIncomeRatio": 0.2316746544,
    "totalOtherIncomeExpensesNet": -24503000,
    "incomeBeforeTax": 226864000,
    "incomeBeforeTaxRatio": 0.2090912442,
    "incomeTaxExpense": 42471000,
    "netIncome": 184425000,
    "netIncomeRatio": 0.1699769585,
    "eps": 1.63,
    "epsdiluted": 1.59,
    "weightedAverageShsOut": 112883436,
    "weightedAverageShsOutDil": 115651000,
    "link": "https://www.sec.gov/Archives/edgar/data/320335/000032033518000033/0000320335-18-000033-index.htm",
    "finalLink": "https://www.sec.gov/Archives/edgar/data/320335/000032033518000033/tmk201810-qq2document.htm"
  },
  {
    "date": "2018-03-31",
    "symbol": "GL",
    "reportedCurrency": "USD",
    "cik": "0000320335",
    "fillingDate": "2018-05-07",
    "acceptedDate": "2018-05-07 16:43:35",
    "calendarYear": "2018",
    "period": "Q1",
    "revenue": 1070000000,
    "costOfRevenue": 66824000,
    "grossProfit": 1003176000,
    "grossProfitRatio": 0.9375476636,
    "researchAndDevelopmentExpenses": 0,
    "generalAndAdministrativeExpenses": 67000000,
    "sellingAndMarketingExpenses": 0,
    "sellingGeneralAndAdministrativeExpenses": 67000000,
    "otherExpenses": 771468000,
    "operatingExpenses": 836000000,
    "costAndExpenses": 860000000,
    "interestIncome": 0,
    "interestExpense": 21622000,
    "depreciationAndAmortization": 0,
    "ebitda": 234464000,
    "ebitdaratio": 0.2191252336,
    "operatingIncome": 236483000,
    "operatingIncomeRatio": 0.2210121495,
    "totalOtherIncomeExpensesNet": -23641000,
    "incomeBeforeTax": 212842000,
    "incomeBeforeTaxRatio": 0.198917757,
    "incomeTaxExpense": 39131000,
    "netIncome": 173600000,
    "netIncomeRatio": 0.1622429907,
    "eps": 1.52,
    "epsdiluted": 1.49,
    "weightedAverageShsOut": 114473684,
    "weightedAverageShsOutDil": 116750000,
    "link": "https://www.sec.gov/Archives/edgar/data/320335/000032033518000016/0000320335-18-000016-index.htm",
    "finalLink": "https://www.sec.gov/Archives/edgar/data/320335/000032033518000016/tmk201810-qq1document.htm"
  },
  {
    "date": "2017-12-31",
    "symbol": "GL",
    "reportedCurrency": "USD",
    "cik": "0000320335",
    "fillingDate": "2018-02-27",
    "acceptedDate": "2018-02-27 17:01:35",
    "calendarYear": "2017",
    "period": "Q4",
    "revenue": 1057000000,
    "costOfRevenue": -2841419000,
    "grossProfit": 3898419000,
    "grossProfitRatio": 3.688192053,
    "researchAndDevelopmentExpenses": 0,
    "generalAndAdministrativeExpenses": 69000000,
    "sellingAndMarketingExpenses": 0,
    "sellingGeneralAndAdministrativeExpenses": 69000000,
    "otherExpenses": 751936000,
    "operatingExpenses": 819000000,
    "costAndExpenses": 841000000,
    "interestIncome": 0,
    "interestExpense": 21707000,
    "depreciationAndAmortization": 0,
    "ebitda": 238078000,
    "ebitdaratio": 0.2252393567,
    "operatingIncome": 240310000,
    "operatingIncomeRatio": 0.2273509934,
    "totalOtherIncomeExpensesNet": -23939000,
    "incomeBeforeTax": 216371000,
    "incomeBeforeTaxRatio": 0.2047029328,
    "incomeTaxExpense": -811005000,
    "netIncome": 1027346000,
    "netIncomeRatio": 0.9719451277,
    "eps": 8.93,
    "epsdiluted": 8.71,
    "weightedAverageShsOut": 115005599,
    "weightedAverageShsOutDil": 117964000,
    "link": "https://www.sec.gov/Archives/edgar/data/320335/000032033518000006/0000320335-18-000006-index.htm",
    "finalLink": "https://www.sec.gov/Archives/edgar/data/320335/000032033518000006/tmk201710-kdocument.htm"
  },
  {
    "date": "2017-09-30",
    "symbol": "GL",
    "reportedCurrency": "USD",
    "cik": "0000320335",
    "fillingDate": "2017-11-07",
    "acceptedDate": "2017-11-07 17:26:36",
    "calendarYear": "2017",
    "period": "Q3",
    "revenue": 1046000000,
    "costOfRevenue": 63019000,
    "grossProfit": 982981000,
    "grossProfitRatio": 0.9397523901,
    "researchAndDevelopmentExpenses": 0,
    "generalAndAdministrativeExpenses": 63000000,
    "sellingAndMarketingExpenses": 0,
    "sellingGeneralAndAdministrativeExpenses": 63000000,
    "otherExpenses": 743311000,
    "operatingExpenses": 804000000,
    "costAndExpenses": 825000000,
    "interestIncome": 0,
    "interestExpense": 21000000,
    "depreciationAndAmortization": 0,
    "ebitda": 241580000,
    "ebitdaratio": 0.2309560229,
    "operatingIncome": 244079000,
    "operatingIncomeRatio": 0.2333451243,
    "totalOtherIncomeExpensesNet": -23469000,
    "incomeBeforeTax": 220610000,
    "incomeBeforeTaxRatio": 0.2109082218,
    "incomeTaxExpense": 67264000,
    "netIncome": 153334000,
    "netIncomeRatio": 0.1465908222,
    "eps": 1.32,
    "epsdiluted": 1.29,
    "weightedAverageShsOut": 115909091,
    "weightedAverageShsOutDil": 118443000,
    "link": "https://www.sec.gov/Archives/edgar/data/320335/000032033517000044/0000320335-17-000044-index.htm",
    "finalLink": "https://www.sec.gov/Archives/edgar/data/320335/000032033517000044/tmk201710-qq3document.htm"
  },
  {
    "date": "2017-06-30",
    "symbol": "GL",
    "reportedCurrency": "USD",
    "cik": "0000320335",
    "fillingDate": "2017-08-08",
    "acceptedDate": "2017-08-08 14:43:35",
    "calendarYear": "2017",
    "period": "Q2",
    "revenue": 1029000000,
    "costOfRevenue": 62428000,
    "grossProfit": 966572000,
    "grossProfitRatio": 0.9393313897,
    "researchAndDevelopmentExpenses": 0,
    "generalAndAdministrativeExpenses": 62000000,
    "sellingAndMarketingExpenses": 0,
    "sellingGeneralAndAdministrativeExpenses": 62000000,
    "otherExpenses": 746237000,
    "operatingExpenses": 806000000,
    "costAndExpenses": 827000000,
    "interestIncome": 0,
    "interestExpense": 21000000,
    "depreciationAndAmortization": 0,
    "ebitda": 223082000,
    "ebitdaratio": 0.2167949466,
    "operatingIncome": 225057000,
    "operatingIncomeRatio": 0.2187142857,
    "totalOtherIncomeExpensesNet": -23131000,
    "incomeBeforeTax": 201926000,
    "incomeBeforeTaxRatio": 0.1962351798,
    "incomeTaxExpense": 61563000,
    "netIncome": 140273000,
    "netIncomeRatio": 0.1363197279,
    "eps": 1.2,
    "epsdiluted": 1.18,
    "weightedAverageShsOut": 116666667,
    "weightedAverageShsOutDil": 119097000,
    "link": "https://www.sec.gov/Archives/edgar/data/320335/000032033517000029/0000320335-17-000029-index.htm",
    "finalLink": "https://www.sec.gov/Archives/edgar/data/320335/000032033517000029/tmk201710-qq2document.htm"
  },
  {
    "date": "2017-03-31",
    "symbol": "GL",
    "reportedCurrency": "USD",
    "cik": "0000320335",
    "fillingDate": "2017-05-08",
    "acceptedDate": "2017-05-08 12:10:22",
    "calendarYear": "2017",
    "period": "Q1",
    "revenue": 1023000000,
    "costOfRevenue": 62341000,
    "grossProfit": 960659000,
    "grossProfitRatio": 0.9390606061,
    "researchAndDevelopmentExpenses": 0,
    "generalAndAdministrativeExpenses": 62000000,
    "sellingAndMarketingExpenses": 0,
    "sellingGeneralAndAdministrativeExpenses": 62000000,
    "otherExpenses": 750892000,
    "operatingExpenses": 811000000,
    "costAndExpenses": 832000000,
    "interestIncome": 0,
    "interestExpense": 20699000,
    "depreciationAndAmortization": 0,
    "ebitda": 212440000,
    "ebitdaratio": 0.2076637341,
    "operatingIncome": 214486000,
    "operatingIncomeRatio": 0.2096637341,
    "totalOtherIncomeExpensesNet": -22745000,
    "incomeBeforeTax": 191741000,
    "incomeBeforeTaxRatio": 0.1874301075,
    "incomeTaxExpense": 54563000,
    "netIncome": 133541000,
    "netIncomeRatio": 0.1305386119,
    "eps": 1.13,
    "epsdiluted": 1.11,
    "weightedAverageShsOut": 118584071,
    "weightedAverageShsOutDil": 120430000,
    "link": "https://www.sec.gov/Archives/edgar/data/320335/000032033517000018/0000320335-17-000018-index.htm",
    "finalLink": "https://www.sec.gov/Archives/edgar/data/320335/000032033517000018/tmk201710-qq1document.htm"
  },
  {
    "date": "2016-12-31",
    "symbol": "GL",
    "reportedCurrency": "USD",
    "cik": "0000320335",
    "fillingDate": "2017-02-27",
    "acceptedDate": "2017-02-27 16:27:05",
    "calendarYear": "2016",
    "period": "Q4",
    "revenue": 975000000,
    "costOfRevenue": -2727220000,
    "grossProfit": 3702220000,
    "grossProfitRatio": 3.7971487179,
    "researchAndDevelopmentExpenses": 0,
    "generalAndAdministrativeExpenses": 59000000,
    "sellingAndMarketingExpenses": 0,
    "sellingGeneralAndAdministrativeExpenses": 59000000,
    "otherExpenses": 722539000,
    "operatingExpenses": 779000000,
    "costAndExpenses": 799000000,
    "interestIncome": 0,
    "interestExpense": 20485000,
    "depreciationAndAmortization": 0,
    "ebitda": 196467000,
    "ebitdaratio": 0.2015046154,
    "operatingIncome": 198416000,
    "operatingIncomeRatio": 0.2035035897,
    "totalOtherIncomeExpensesNet": -22434000,
    "incomeBeforeTax": 175982000,
    "incomeBeforeTaxRatio": 0.180494359,
    "incomeTaxExpense": 51170000,
    "netIncome": 135448000,
    "netIncomeRatio": 0.1389210256,
    "eps": 1.14,
    "epsdiluted": 1.11,
    "weightedAverageShsOut": 118421053,
    "weightedAverageShsOutDil": 121237000,
    "link": "https://www.sec.gov/Archives/edgar/data/320335/000032033517000010/0000320335-17-000010-index.htm",
    "finalLink": "https://www.sec.gov/Archives/edgar/data/320335/000032033517000010/tmk201610-kdocumentq4.htm"
  },
  {
    "date": "2016-09-30",
    "symbol": "GL",
    "reportedCurrency": "USD",
    "cik": "0000320335",
    "fillingDate": "2016-11-04",
    "acceptedDate": "2016-11-04 12:25:34",
    "calendarYear": "2016",
    "period": "Q3",
    "revenue": 989000000,
    "costOfRevenue": 57805000,
    "grossProfit": 931195000,
    "grossProfitRatio": 0.9415520728,
    "researchAndDevelopmentExpenses": 0,
    "generalAndAdministrativeExpenses": 58000000,
    "sellingAndMarketingExpenses": 0,
    "sellingGeneralAndAdministrativeExpenses": 58000000,
    "otherExpenses": 712150000,
    "operatingExpenses": 768000000,
    "costAndExpenses": 788000000,
    "interestIncome": 0,
    "interestExpense": 20381000,
    "depreciationAndAmortization": 0,
    "ebitda": 221842000,
    "ebitdaratio": 0.2243094034,
    "operatingIncome": 223723000,
    "operatingIncomeRatio": 0.2262113246,
    "totalOtherIncomeExpensesNet": -22262000,
    "incomeBeforeTax": 201461000,
    "incomeBeforeTaxRatio": 0.2037017189,
    "incomeTaxExpense": 59551000,
    "netIncome": 151869000,
    "netIncomeRatio": 0.1535581395,
    "eps": 1.27,
    "epsdiluted": 1.25,
    "weightedAverageShsOut": 119685039,
    "weightedAverageShsOutDil": 121911000,
    "link": "https://www.sec.gov/Archives/edgar/data/320335/000032033516000098/0000320335-16-000098-index.htm",
    "finalLink": "https://www.sec.gov/Archives/edgar/data/320335/000032033516000098/tmk201610-qq3document.htm"
  },
  {
    "date": "2016-06-30",
    "symbol": "GL",
    "reportedCurrency": "USD",
    "cik": "0000320335",
    "fillingDate": "2016-08-05",
    "acceptedDate": "2016-08-05 15:17:46",
    "calendarYear": "2016",
    "period": "Q2",
    "revenue": 992000000,
    "costOfRevenue": 57846000,
    "grossProfit": 934154000,
    "grossProfitRatio": 0.9416875,
    "researchAndDevelopmentExpenses": 0,
    "generalAndAdministrativeExpenses": 58000000,
    "sellingAndMarketingExpenses": 0,
    "sellingGeneralAndAdministrativeExpenses": 58000000,
    "otherExpenses": 713533000,
    "operatingExpenses": 769000000,
    "costAndExpenses": 792000000,
    "interestIncome": 0,
    "interestExpense": 23000000,
    "depreciationAndAmortization": 0,
    "ebitda": 0,
    "ebitdaratio": 0,
    "operatingIncome": 199344000,
    "operatingIncomeRatio": 0.2009516129,
    "totalOtherIncomeExpensesNet": 0,
    "incomeBeforeTax": 199000000,
    "incomeBeforeTaxRatio": 0.2006048387,
    "incomeTaxExpense": 60000000,
    "netIncome": 138429000,
    "netIncomeRatio": 0.1395453629,
    "eps": 1.15,
    "epsdiluted": 1.12,
    "weightedAverageShsOut": 120000000,
    "weightedAverageShsOutDil": 122748000,
    "link": "https://www.sec.gov/Archives/edgar/data/320335/000032033516000092/0000320335-16-000092-index.htm",
    "finalLink": "https://www.sec.gov/Archives/edgar/data/320335/000032033516000092/tmk201610-qq2document.htm"
  },
  {
    "date": "2016-03-31",
    "symbol": "GL",
    "reportedCurrency": "USD",
    "cik": "0000320335",
    "fillingDate": "2016-05-06",
    "acceptedDate": "2016-05-06 15:26:58",
    "calendarYear": "2016",
    "period": "Q1",
    "revenue": 977627000,
    "costOfRevenue": 57429000,
    "grossProfit": 920198000,
    "grossProfitRatio": 0.941256737,
    "researchAndDevelopmentExpenses": 0,
    "generalAndAdministrativeExpenses": 55403000,
    "sellingAndMarketingExpenses": 0,
    "sellingGeneralAndAdministrativeExpenses": 55403000,
    "otherExpenses": 707597000,
    "operatingExpenses": 763000000,
    "costAndExpenses": 782179000,
    "interestIncome": 0,
    "interestExpense": 19369000,
    "depreciationAndAmortization": 0,
    "ebitda": 0,
    "ebitdaratio": 0,
    "operatingIncome": 195448000,
    "operatingIncomeRatio": 0.1999208287,
    "totalOtherIncomeExpensesNet": 0,
    "incomeBeforeTax": 195448000,
    "incomeBeforeTaxRatio": 0.1999208287,
    "incomeTaxExpense": 61874000,
    "netIncome": 124033000,
    "netIncomeRatio": 0.126871496,
    "eps": 1.02,
    "epsdiluted": 1.01,
    "weightedAverageShsOut": 121480805,
    "weightedAverageShsOutDil": 123312743,
    "link": "https://www.sec.gov/Archives/edgar/data/320335/000032033516000078/0000320335-16-000078-index.htm",
    "finalLink": "https://www.sec.gov/Archives/edgar/data/320335/000032033516000078/tmk201610-qq1document.htm"
  },
  {
    "date": "2015-12-31",
    "symbol": "GL",
    "reportedCurrency": "USD",
    "cik": "0000320335",
    "fillingDate": "2016-02-26",
    "acceptedDate": "2016-02-26 16:43:01",
    "calendarYear": "2015",
    "period": "Q4",
    "revenue": 711080000,
    "costOfRevenue": -2831127000,
    "grossProfit": 3542207000,
    "grossProfitRatio": 4.981446532,
    "researchAndDevelopmentExpenses": 0,
    "generalAndAdministrativeExpenses": 50149000,
    "sellingAndMarketingExpenses": 0,
    "sellingGeneralAndAdministrativeExpenses": 50149000,
    "otherExpenses": 688851000,
    "operatingExpenses": 739000000,
    "costAndExpenses": 530457000,
    "interestIncome": 0,
    "interestExpense": 19222000,
    "depreciationAndAmortization": 0,
    "ebitda": 0,
    "ebitdaratio": 0,
    "operatingIncome": 180623000,
    "operatingIncomeRatio": 0.2540122068,
    "totalOtherIncomeExpensesNet": 0,
    "incomeBeforeTax": 180623000,
    "incomeBeforeTaxRatio": 0.2540122068,
    "incomeTaxExpense": 58474000,
    "netIncome": 132956000,
    "netIncomeRatio": 0.1869775553,
    "eps": 1.09,
    "epsdiluted": 1.09,
    "weightedAverageShsOut": 121480805,
    "weightedAverageShsOutDil": 121480805,
    "link": "https://www.sec.gov/Archives/edgar/data/320335/000032033516000059/0000320335-16-000059-index.htm",
    "finalLink": "https://www.sec.gov/Archives/edgar/data/320335/000032033516000059/tmk201510-k.htm"
  },
  {
    "date": "2015-09-30",
    "symbol": "GL",
    "reportedCurrency": "USD",
    "cik": "0000320335",
    "fillingDate": "2015-11-06",
    "acceptedDate": "2015-11-06 12:29:23",
    "calendarYear": "2015",
    "period": "Q3",
    "revenue": 998759000,
    "costOfRevenue": 57779000,
    "grossProfit": 940980000,
    "grossProfitRatio": 0.9421492072,
    "researchAndDevelopmentExpenses": 0,
    "generalAndAdministrativeExpenses": 57779000,
    "sellingAndMarketingExpenses": 0,
    "sellingGeneralAndAdministrativeExpenses": 57779000,
    "otherExpenses": 671221000,
    "operatingExpenses": 729000000,
    "costAndExpenses": 782015000,
    "interestIncome": 0,
    "interestExpense": 19246000,
    "depreciationAndAmortization": 0,
    "ebitda": 0,
    "ebitdaratio": 0,
    "operatingIncome": 199009000,
    "operatingIncomeRatio": 0.199256277,
    "totalOtherIncomeExpensesNet": 0,
    "incomeBeforeTax": 216744000,
    "incomeBeforeTaxRatio": 0.2170133135,
    "incomeTaxExpense": 71358000,
    "netIncome": 145386000,
    "netIncomeRatio": 0.1455666482,
    "eps": 1.17,
    "epsdiluted": 1.15,
    "weightedAverageShsOut": 124457996,
    "weightedAverageShsOutDil": 126140309,
    "link": "https://www.sec.gov/Archives/edgar/data/320335/000032033515000045/0000320335-15-000045-index.htm",
    "finalLink": "https://www.sec.gov/Archives/edgar/data/320335/000032033515000045/tmk2015q310-q.htm"
  },
  {
    "date": "2015-06-30",
    "symbol": "GL",
    "reportedCurrency": "USD",
    "cik": "0000320335",
    "fillingDate": "2015-08-07",
    "acceptedDate": "2015-08-07 12:15:30",
    "calendarYear": "2015",
    "period": "Q2",
    "revenue": 1033694000,
    "costOfRevenue": 56977000,
    "grossProfit": 976717000,
    "grossProfitRatio": 0.9448802063,
    "researchAndDevelopmentExpenses": 0,
    "generalAndAdministrativeExpenses": 56977000,
    "sellingAndMarketingExpenses": 0,
    "sellingGeneralAndAdministrativeExpenses": 56977000,
    "otherExpenses": 678023000,
    "operatingExpenses": 735000000,
    "costAndExpenses": 845306000,
    "interestIncome": 0,
    "interestExpense": 19114000,
    "depreciationAndAmortization": 0,
    "ebitda": 0,
    "ebitdaratio": 0,
    "operatingIncome": 196723000,
    "operatingIncomeRatio": 0.1903106722,
    "totalOtherIncomeExpensesNet": 0,
    "incomeBeforeTax": 188388000,
    "incomeBeforeTaxRatio": 0.1822473575,
    "incomeTaxExpense": 61278000,
    "netIncome": 127110000,
    "netIncomeRatio": 0.1229667581,
    "eps": 1.01,
    "epsdiluted": 1,
    "weightedAverageShsOut": 125816943,
    "weightedAverageShsOutDil": 127439641,
    "link": "https://www.sec.gov/Archives/edgar/data/320335/000032033515000035/0000320335-15-000035-index.htm",
    "finalLink": "https://www.sec.gov/Archives/edgar/data/320335/000032033515000035/tmk2015q210-q.htm"
  },
  {
    "date": "2015-03-31",
    "symbol": "GL",
    "reportedCurrency": "USD",
    "cik": "0000320335",
    "fillingDate": "2015-05-08",
    "acceptedDate": "2015-05-08 12:50:35",
    "calendarYear": "2015",
    "period": "Q1",
    "revenue": 1022532000,
    "costOfRevenue": 56612000,
    "grossProfit": 965920000,
    "grossProfitRatio": 0.9446354735,
    "researchAndDevelopmentExpenses": 0,
    "generalAndAdministrativeExpenses": 54439000,
    "sellingAndMarketingExpenses": 0,
    "sellingGeneralAndAdministrativeExpenses": 54439000,
    "otherExpenses": 666561000,
    "operatingExpenses": 721000000,
    "costAndExpenses": 842100000,
    "interestIncome": 0,
    "interestExpense": 19060000,
    "depreciationAndAmortization": 0,
    "ebitda": 0,
    "ebitdaratio": 0,
    "operatingIncome": 194477000,
    "operatingIncomeRatio": 0.1901916028,
    "totalOtherIncomeExpensesNet": 0,
    "incomeBeforeTax": 180432000,
    "incomeBeforeTaxRatio": 0.1764560913,
    "incomeTaxExpense": 58784000,
    "netIncome": 121648000,
    "netIncomeRatio": 0.118967426,
    "eps": 0.96,
    "epsdiluted": 0.95,
    "weightedAverageShsOut": 127121101,
    "weightedAverageShsOutDil": 128586852,
    "link": "https://www.sec.gov/Archives/edgar/data/320335/000032033515000013/0000320335-15-000013-index.htm",
    "finalLink": "https://www.sec.gov/Archives/edgar/data/320335/000032033515000013/tmk2015q110-q.htm"
  },
  {
    "date": "2014-12-31",
    "symbol": "GL",
    "reportedCurrency": "USD",
    "cik": "0000320335",
    "fillingDate": "2015-02-27",
    "acceptedDate": "2015-02-27 15:32:32",
    "calendarYear": "2014",
    "period": "Q4",
    "revenue": 996450000,
    "costOfRevenue": -2745450000,
    "grossProfit": 3741900000,
    "grossProfitRatio": 3.7552310703,
    "researchAndDevelopmentExpenses": 0,
    "generalAndAdministrativeExpenses": 52021000,
    "sellingAndMarketingExpenses": 0,
    "sellingGeneralAndAdministrativeExpenses": 52021000,
    "otherExpenses": 362979000,
    "operatingExpenses": 415000000,
    "costAndExpenses": 784791000,
    "interestIncome": 0,
    "interestExpense": 19007000,
    "depreciationAndAmortization": 0,
    "ebitda": 0,
    "ebitdaratio": 0,
    "operatingIncome": 211659000,
    "operatingIncomeRatio": 0.2124130664,
    "totalOtherIncomeExpensesNet": 0,
    "incomeBeforeTax": 211659000,
    "incomeBeforeTaxRatio": 0.2124130664,
    "incomeTaxExpense": 64911000,
    "netIncome": 146748000,
    "netIncomeRatio": 0.1472708114,
    "eps": 1.15,
    "epsdiluted": 1.15,
    "weightedAverageShsOut": 127121101,
    "weightedAverageShsOutDil": 127121101,
    "link": "https://www.sec.gov/Archives/edgar/data/320335/000119312515069449/0001193125-15-069449-index.htm",
    "finalLink": "https://www.sec.gov/Archives/edgar/data/320335/000119312515069449/d820030d10k.htm"
  },
  {
    "date": "2014-09-30",
    "symbol": "GL",
    "reportedCurrency": "USD",
    "cik": "0000320335",
    "fillingDate": "2014-11-07",
    "acceptedDate": "2014-11-07 12:24:07",
    "calendarYear": "2014",
    "period": "Q3",
    "revenue": 967001000,
    "costOfRevenue": 55402000,
    "grossProfit": 911599000,
    "grossProfitRatio": 0.9427074015,
    "researchAndDevelopmentExpenses": 0,
    "generalAndAdministrativeExpenses": 55402000,
    "sellingAndMarketingExpenses": 0,
    "sellingGeneralAndAdministrativeExpenses": 55402000,
    "otherExpenses": 702598000,
    "operatingExpenses": 758000000,
    "costAndExpenses": 777437000,
    "interestIncome": 0,
    "interestExpense": 19033000,
    "depreciationAndAmortization": 0,
    "ebitda": 0,
    "ebitdaratio": 0,
    "operatingIncome": 197051000,
    "operatingIncomeRatio": 0.2037753839,
    "totalOtherIncomeExpensesNet": 0,
    "incomeBeforeTax": 189564000,
    "incomeBeforeTaxRatio": 0.1960328893,
    "incomeTaxExpense": 57152000,
    "netIncome": 132412000,
    "netIncomeRatio": 0.1369305719,
    "eps": 1.02,
    "epsdiluted": 1,
    "weightedAverageShsOut": 129969902,
    "weightedAverageShsOutDil": 131877205,
    "link": "https://www.sec.gov/Archives/edgar/data/320335/000119312514402773/0001193125-14-402773-index.htm",
    "finalLink": "https://www.sec.gov/Archives/edgar/data/320335/000119312514402773/d788505d10q.htm"
  },
  {
    "date": "2014-06-30",
    "symbol": "GL",
    "reportedCurrency": "USD",
    "cik": "0000320335",
    "fillingDate": "2014-08-08",
    "acceptedDate": "2014-08-08 11:58:06",
    "calendarYear": "2014",
    "period": "Q2",
    "revenue": 983983000,
    "costOfRevenue": 56400000,
    "grossProfit": 927583000,
    "grossProfitRatio": 0.9426819366,
    "researchAndDevelopmentExpenses": 0,
    "generalAndAdministrativeExpenses": 56400000,
    "sellingAndMarketingExpenses": 0,
    "sellingGeneralAndAdministrativeExpenses": 56400000,
    "otherExpenses": 721600000,
    "operatingExpenses": 778000000,
    "costAndExpenses": 797225000,
    "interestIncome": 0,
    "interestExpense": 19037000,
    "depreciationAndAmortization": 0,
    "ebitda": 0,
    "ebitdaratio": 0,
    "operatingIncome": 193811000,
    "operatingIncomeRatio": 0.1969658012,
    "totalOtherIncomeExpensesNet": 0,
    "incomeBeforeTax": 186758000,
    "incomeBeforeTaxRatio": 0.1897979945,
    "incomeTaxExpense": 55835000,
    "netIncome": 130923000,
    "netIncomeRatio": 0.133054128,
    "eps": 1,
    "epsdiluted": 0.98,
    "weightedAverageShsOut": 131491182,
    "weightedAverageShsOutDil": 133314822,
    "link": "https://www.sec.gov/Archives/edgar/data/320335/000119312514302363/0001193125-14-302363-index.htm",
    "finalLink": "https://www.sec.gov/Archives/edgar/data/320335/000119312514302363/d729837d10q.htm"
  },
  {
    "date": "2014-03-31",
    "symbol": "GL",
    "reportedCurrency": "USD",
    "cik": "0000320335",
    "fillingDate": "2014-05-09",
    "acceptedDate": "2014-05-09 10:18:00",
    "calendarYear": "2014",
    "period": "Q1",
    "revenue": 1017120000,
    "costOfRevenue": 56956000,
    "grossProfit": 960164000,
    "grossProfitRatio": 0.9440026742,
    "researchAndDevelopmentExpenses": 0,
    "generalAndAdministrativeExpenses": 52720000,
    "sellingAndMarketingExpenses": 0,
    "sellingGeneralAndAdministrativeExpenses": 52720000,
    "otherExpenses": 755280000,
    "operatingExpenses": 808000000,
    "costAndExpenses": 826633000,
    "interestIncome": 0,
    "interestExpense": 19049000,
    "depreciationAndAmortization": 0,
    "ebitda": 0,
    "ebitdaratio": 0,
    "operatingIncome": 197538000,
    "operatingIncomeRatio": 0.1942130722,
    "totalOtherIncomeExpensesNet": 0,
    "incomeBeforeTax": 190487000,
    "incomeBeforeTaxRatio": 0.1872807535,
    "incomeTaxExpense": 57631000,
    "netIncome": 132856000,
    "netIncomeRatio": 0.1306197892,
    "eps": 1,
    "epsdiluted": 0.98,
    "weightedAverageShsOut": 133163464,
    "weightedAverageShsOutDil": 135035539,
    "link": "https://www.sec.gov/Archives/edgar/data/320335/000119312514191468/0001193125-14-191468-index.htm",
    "finalLink": "https://www.sec.gov/Archives/edgar/data/320335/000119312514191468/d700163d10q.htm"
  },
  {
    "date": "2013-12-31",
    "symbol": "GL",
    "reportedCurrency": "USD",
    "cik": "0000320335",
    "fillingDate": "2014-02-28",
    "acceptedDate": "2014-02-28 15:01:35",
    "calendarYear": "2013",
    "period": "Q4",
    "revenue": 930594000,
    "costOfRevenue": 214690000,
    "grossProfit": 715904000,
    "grossProfitRatio": 0.7692978893,
    "researchAndDevelopmentExpenses": 0,
    "generalAndAdministrativeExpenses": 50929000,
    "sellingAndMarketingExpenses": 0,
    "sellingGeneralAndAdministrativeExpenses": 50929000,
    "otherExpenses": 384071000,
    "operatingExpenses": 435000000,
    "costAndExpenses": 724165000,
    "interestIncome": 0,
    "interestExpense": 19080000,
    "depreciationAndAmortization": 0,
    "ebitda": 0,
    "ebitdaratio": 0,
    "operatingIncome": 206429000,
    "operatingIncomeRatio": 0.2218249849,
    "totalOtherIncomeExpensesNet": 0,
    "incomeBeforeTax": 206429000,
    "incomeBeforeTaxRatio": 0.2218249849,
    "incomeTaxExpense": 63612000,
    "netIncome": 142817000,
    "netIncomeRatio": 0.1534686448,
    "eps": 1.07,
    "epsdiluted": 1.07,
    "weightedAverageShsOut": 133163464,
    "weightedAverageShsOutDil": 133163464,
    "link": "https://www.sec.gov/Archives/edgar/data/320335/000119312514076801/0001193125-14-076801-index.htm",
    "finalLink": "https://www.sec.gov/Archives/edgar/data/320335/000119312514076801/d622095d10k.htm"
  },
  {
    "date": "2013-09-30",
    "symbol": "GL",
    "reportedCurrency": "USD",
    "cik": "0000320335",
    "fillingDate": "2013-11-08",
    "acceptedDate": "2013-11-08 08:45:28",
    "calendarYear": "2013",
    "period": "Q3",
    "revenue": 932789000,
    "costOfRevenue": 53245000,
    "grossProfit": 879544000,
    "grossProfitRatio": 0.942918495,
    "researchAndDevelopmentExpenses": 0,
    "generalAndAdministrativeExpenses": 53245000,
    "sellingAndMarketingExpenses": 0,
    "sellingGeneralAndAdministrativeExpenses": 53245000,
    "otherExpenses": 668755000,
    "operatingExpenses": 722000000,
    "costAndExpenses": 741939000,
    "interestIncome": 0,
    "interestExpense": 19676000,
    "depreciationAndAmortization": 0,
    "ebitda": 0,
    "ebitdaratio": 0,
    "operatingIncome": 190850000,
    "operatingIncomeRatio": 0.2046014694,
    "totalOtherIncomeExpensesNet": 0,
    "incomeBeforeTax": 190850000,
    "incomeBeforeTaxRatio": 0.2046014694,
    "incomeTaxExpense": 58728000,
    "netIncome": 132122000,
    "netIncomeRatio": 0.1416418933,
    "eps": 0.97,
    "epsdiluted": 0.95,
    "weightedAverageShsOut": 136903754,
    "weightedAverageShsOutDil": 139010061,
    "link": "https://www.sec.gov/Archives/edgar/data/320335/000119312513434167/0001193125-13-434167-index.htm",
    "finalLink": "https://www.sec.gov/Archives/edgar/data/320335/000119312513434167/d590980d10q.htm"
  },
  {
    "date": "2013-06-30",
    "symbol": "GL",
    "reportedCurrency": "USD",
    "cik": "0000320335",
    "fillingDate": "2013-08-08",
    "acceptedDate": "2013-08-08 11:39:59",
    "calendarYear": "2013",
    "period": "Q2",
    "revenue": 950339000,
    "costOfRevenue": 55292000,
    "grossProfit": 895047000,
    "grossProfitRatio": 0.9418186563,
    "researchAndDevelopmentExpenses": 0,
    "generalAndAdministrativeExpenses": 55292000,
    "sellingAndMarketingExpenses": 0,
    "sellingGeneralAndAdministrativeExpenses": 55292000,
    "otherExpenses": 681708000,
    "operatingExpenses": 737000000,
    "costAndExpenses": 757555000,
    "interestIncome": 0,
    "interestExpense": 20828000,
    "depreciationAndAmortization": 0,
    "ebitda": 0,
    "ebitdaratio": 0,
    "operatingIncome": 192784000,
    "operatingIncomeRatio": 0.202858138,
    "totalOtherIncomeExpensesNet": 0,
    "incomeBeforeTax": 192784000,
    "incomeBeforeTaxRatio": 0.202858138,
    "incomeTaxExpense": 58883000,
    "netIncome": 133901000,
    "netIncomeRatio": 0.1408981427,
    "eps": 0.97,
    "epsdiluted": 0.96,
    "weightedAverageShsOut": 138293052,
    "weightedAverageShsOutDil": 139945903,
    "link": "https://www.sec.gov/Archives/edgar/data/320335/000119312513326079/0001193125-13-326079-index.htm",
    "finalLink": "https://www.sec.gov/Archives/edgar/data/320335/000119312513326079/d545956d10q.htm"
  },
  {
    "date": "2013-03-31",
    "symbol": "GL",
    "reportedCurrency": "USD",
    "cik": "0000320335",
    "fillingDate": "2013-05-09",
    "acceptedDate": "2013-05-09 14:21:09",
    "calendarYear": "2013",
    "period": "Q1",
    "revenue": 958216000,
    "costOfRevenue": 52308000,
    "grossProfit": 905908000,
    "grossProfitRatio": 0.9454110555,
    "researchAndDevelopmentExpenses": 0,
    "generalAndAdministrativeExpenses": 50188000,
    "sellingAndMarketingExpenses": 0,
    "sellingGeneralAndAdministrativeExpenses": 50188000,
    "otherExpenses": 713812000,
    "operatingExpenses": 764000000,
    "costAndExpenses": 785153000,
    "interestIncome": 0,
    "interestExpense": 20877000,
    "depreciationAndAmortization": 0,
    "ebitda": 0,
    "ebitdaratio": 0,
    "operatingIncome": 173063000,
    "operatingIncomeRatio": 0.1806095912,
    "totalOtherIncomeExpensesNet": 0,
    "incomeBeforeTax": 173063000,
    "incomeBeforeTaxRatio": 0.1806095912,
    "incomeTaxExpense": 53431000,
    "netIncome": 119632000,
    "netIncomeRatio": 0.1248486771,
    "eps": 0.85,
    "epsdiluted": 0.84,
    "weightedAverageShsOut": 140371167,
    "weightedAverageShsOutDil": 141854865,
    "link": "https://www.sec.gov/Archives/edgar/data/320335/000119312513210593/0001193125-13-210593-index.htm",
    "finalLink": "https://www.sec.gov/Archives/edgar/data/320335/000119312513210593/d505972d10q.htm"
  },
  {
    "date": "2012-12-31",
    "symbol": "GL",
    "reportedCurrency": "USD",
    "cik": "0000320335",
    "fillingDate": "2013-02-28",
    "acceptedDate": "2013-02-28 16:22:20",
    "calendarYear": "2012",
    "period": "Q4",
    "revenue": 928698000,
    "costOfRevenue": 198176000,
    "grossProfit": 730522000,
    "grossProfitRatio": 0.7866087792,
    "researchAndDevelopmentExpenses": 0,
    "generalAndAdministrativeExpenses": 38756000,
    "sellingAndMarketingExpenses": 0,
    "sellingGeneralAndAdministrativeExpenses": 38756000,
    "otherExpenses": 648244000,
    "operatingExpenses": 687000000,
    "costAndExpenses": 708111000,
    "interestIncome": 0,
    "interestExpense": 21349000,
    "depreciationAndAmortization": 0,
    "ebitda": 0,
    "ebitdaratio": 0,
    "operatingIncome": 220587000,
    "operatingIncomeRatio": 0.2375228546,
    "totalOtherIncomeExpensesNet": 0,
    "incomeBeforeTax": 220587000,
    "incomeBeforeTaxRatio": 0.2375228546,
    "incomeTaxExpense": 69600000,
    "netIncome": 150987000,
    "netIncomeRatio": 0.1625792238,
    "eps": 1.08,
    "epsdiluted": 1.08,
    "weightedAverageShsOut": 140371167,
    "weightedAverageShsOutDil": 140371167,
    "link": "https://www.sec.gov/Archives/edgar/data/320335/000119312513084290/0001193125-13-084290-index.htm",
    "finalLink": "https://www.sec.gov/Archives/edgar/data/320335/000119312513084290/d424244d10k.htm"
  },
  {
    "date": "2012-09-30",
    "symbol": "GL",
    "reportedCurrency": "USD",
    "cik": "0000320335",
    "fillingDate": "2012-11-08",
    "acceptedDate": "2012-11-08 14:36:50",
    "calendarYear": "2012",
    "period": "Q3",
    "revenue": 877100000,
    "costOfRevenue": 48433000,
    "grossProfit": 828667000,
    "grossProfitRatio": 0.9447805267,
    "researchAndDevelopmentExpenses": 0,
    "generalAndAdministrativeExpenses": 0,
    "sellingAndMarketingExpenses": 46898000,
    "sellingGeneralAndAdministrativeExpenses": 46898000,
    "otherExpenses": 621102000,
    "operatingExpenses": 668000000,
    "costAndExpenses": 688309000,
    "interestIncome": 0,
    "interestExpense": 19843000,
    "depreciationAndAmortization": 0,
    "ebitda": 0,
    "ebitdaratio": 0,
    "operatingIncome": 188791000,
    "operatingIncomeRatio": 0.2152445559,
    "totalOtherIncomeExpensesNet": 0,
    "incomeBeforeTax": 188791000,
    "incomeBeforeTaxRatio": 0.2152445559,
    "incomeTaxExpense": 58119000,
    "netIncome": 130672000,
    "netIncomeRatio": 0.1489818721,
    "eps": 0.92,
    "epsdiluted": 0.9,
    "weightedAverageShsOut": 142688764,
    "weightedAverageShsOutDil": 144513183,
    "link": "https://www.sec.gov/Archives/edgar/data/320335/000119312512460061/0001193125-12-460061-index.htm",
    "finalLink": "https://www.sec.gov/Archives/edgar/data/320335/000119312512460061/d405945d10q.htm"
  },
  {
    "date": "2012-06-30",
    "symbol": "GL",
    "reportedCurrency": "USD",
    "cik": "0000320335",
    "fillingDate": "2012-08-08",
    "acceptedDate": "2012-08-08 10:22:43",
    "calendarYear": "2012",
    "period": "Q2",
    "revenue": 885795000,
    "costOfRevenue": 47758000,
    "grossProfit": 838037000,
    "grossProfitRatio": 0.9460845907,
    "researchAndDevelopmentExpenses": 0,
    "generalAndAdministrativeExpenses": 0,
    "sellingAndMarketingExpenses": 50600000,
    "sellingGeneralAndAdministrativeExpenses": 50600000,
    "otherExpenses": 629400000,
    "operatingExpenses": 680000000,
    "costAndExpenses": 699415000,
    "interestIncome": 0,
    "interestExpense": 19649000,
    "depreciationAndAmortization": 0,
    "ebitda": 0,
    "ebitdaratio": 0,
    "operatingIncome": 186380000,
    "operatingIncomeRatio": 0.2104098578,
    "totalOtherIncomeExpensesNet": 0,
    "incomeBeforeTax": 186380000,
    "incomeBeforeTaxRatio": 0.2104098578,
    "incomeTaxExpense": 57392000,
    "netIncome": 128988000,
    "netIncomeRatio": 0.1456183428,
    "eps": 0.89,
    "epsdiluted": 0.88,
    "weightedAverageShsOut": 145344451,
    "weightedAverageShsOutDil": 146739001,
    "link": "https://www.sec.gov/Archives/edgar/data/320335/000119312512342840/0001193125-12-342840-index.htm",
    "finalLink": "https://www.sec.gov/Archives/edgar/data/320335/000119312512342840/d368599d10q.htm"
  },
  {
    "date": "2012-03-31",
    "symbol": "GL",
    "reportedCurrency": "USD",
    "cik": "0000320335",
    "fillingDate": "2012-05-09",
    "acceptedDate": "2012-05-09 15:53:16",
    "calendarYear": "2012",
    "period": "Q1",
    "revenue": 897923000,
    "costOfRevenue": 48116000,
    "grossProfit": 849807000,
    "grossProfitRatio": 0.9464141135,
    "researchAndDevelopmentExpenses": 0,
    "generalAndAdministrativeExpenses": 0,
    "sellingAndMarketingExpenses": 50756000,
    "sellingGeneralAndAdministrativeExpenses": 50756000,
    "otherExpenses": 657244000,
    "operatingExpenses": 708000000,
    "costAndExpenses": 727688000,
    "interestIncome": 0,
    "interestExpense": 19671000,
    "depreciationAndAmortization": 0,
    "ebitda": 0,
    "ebitdaratio": 0,
    "operatingIncome": 170235000,
    "operatingIncomeRatio": 0.1895875259,
    "totalOtherIncomeExpensesNet": 0,
    "incomeBeforeTax": 170235000,
    "incomeBeforeTaxRatio": 0.1895875259,
    "incomeTaxExpense": 51558000,
    "netIncome": 118677000,
    "netIncomeRatio": 0.1321683485,
    "eps": 0.79,
    "epsdiluted": 0.78,
    "weightedAverageShsOut": 150102540,
    "weightedAverageShsOutDil": 151890438,
    "link": "https://www.sec.gov/Archives/edgar/data/320335/000119312512221919/0001193125-12-221919-index.htm",
    "finalLink": "https://www.sec.gov/Archives/edgar/data/320335/000119312512221919/d321445d10q.htm"
  },
  {
    "date": "2011-12-31",
    "symbol": "GL",
    "reportedCurrency": "USD",
    "cik": "0000320335",
    "fillingDate": "2012-02-28",
    "acceptedDate": "2012-02-28 15:43:56",
    "calendarYear": "2011",
    "period": "Q4",
    "revenue": 833554000,
    "costOfRevenue": 201636000,
    "grossProfit": 631918000,
    "grossProfitRatio": 0.7581008549,
    "researchAndDevelopmentExpenses": 0,
    "generalAndAdministrativeExpenses": 0,
    "sellingAndMarketingExpenses": 30738000,
    "sellingGeneralAndAdministrativeExpenses": 30738000,
    "otherExpenses": 606262000,
    "operatingExpenses": 637000000,
    "costAndExpenses": 651050000,
    "interestIncome": 0,
    "interestExpense": 19527000,
    "depreciationAndAmortization": 0,
    "ebitda": 0,
    "ebitdaratio": 0,
    "operatingIncome": 182504000,
    "operatingIncomeRatio": 0.2189468229,
    "totalOtherIncomeExpensesNet": 0,
    "incomeBeforeTax": 182504000,
    "incomeBeforeTaxRatio": 0.2189468229,
    "incomeTaxExpense": 56147000,
    "netIncome": 126357000,
    "netIncomeRatio": 0.1515882594,
    "eps": 0.84,
    "epsdiluted": 0.84,
    "weightedAverageShsOut": 150102540,
    "weightedAverageShsOutDil": 150102540,
    "link": "https://www.sec.gov/Archives/edgar/data/320335/000119312512085031/0001193125-12-085031-index.htm",
    "finalLink": "https://www.sec.gov/Archives/edgar/data/320335/000119312512085031/d245246d10k.htm"
  },
  {
    "date": "2011-09-30",
    "symbol": "GL",
    "reportedCurrency": "USD",
    "cik": "0000320335",
    "fillingDate": "2011-11-08",
    "acceptedDate": "2011-11-08 11:40:31",
    "calendarYear": "2011",
    "period": "Q3",
    "revenue": 837241000,
    "costOfRevenue": 45268000,
    "grossProfit": 791973000,
    "grossProfitRatio": 0.945931936,
    "researchAndDevelopmentExpenses": 0,
    "generalAndAdministrativeExpenses": 0,
    "sellingAndMarketingExpenses": 30063000,
    "sellingGeneralAndAdministrativeExpenses": 30063000,
    "otherExpenses": 597937000,
    "operatingExpenses": 628000000,
    "costAndExpenses": 638419000,
    "interestIncome": 0,
    "interestExpense": 19510000,
    "depreciationAndAmortization": 0,
    "ebitda": 0,
    "ebitdaratio": 0,
    "operatingIncome": 190123000,
    "operatingIncomeRatio": 0.2270827635,
    "totalOtherIncomeExpensesNet": 0,
    "incomeBeforeTax": 198822000,
    "incomeBeforeTaxRatio": 0.2374728423,
    "incomeTaxExpense": 61911000,
    "netIncome": 131400000,
    "netIncomeRatio": 0.1569440579,
    "eps": 0.87,
    "epsdiluted": 0.87,
    "weightedAverageShsOut": 157169133,
    "weightedAverageShsOutDil": 157968213,
    "link": "https://www.sec.gov/Archives/edgar/data/320335/000119312511301448/0001193125-11-301448-index.htm",
    "finalLink": "https://www.sec.gov/Archives/edgar/data/320335/000119312511301448/d230052d10q.htm"
  },
  {
    "date": "2011-06-30",
    "symbol": "GL",
    "reportedCurrency": "USD",
    "cik": "0000320335",
    "fillingDate": "2011-08-08",
    "acceptedDate": "2011-08-08 10:52:11",
    "calendarYear": "2011",
    "period": "Q2",
    "revenue": 877334000,
    "costOfRevenue": 46514000,
    "grossProfit": 830820000,
    "grossProfitRatio": 0.9469825631,
    "researchAndDevelopmentExpenses": 0,
    "generalAndAdministrativeExpenses": 0,
    "sellingAndMarketingExpenses": 31435000,
    "sellingGeneralAndAdministrativeExpenses": 31435000,
    "otherExpenses": 617565000,
    "operatingExpenses": 649000000,
    "costAndExpenses": 658806000,
    "interestIncome": 0,
    "interestExpense": 19411000,
    "depreciationAndAmortization": 0,
    "ebitda": 0,
    "ebitdaratio": 0,
    "operatingIncome": 209052000,
    "operatingIncomeRatio": 0.238280974,
    "totalOtherIncomeExpensesNet": 0,
    "incomeBeforeTax": 218528000,
    "incomeBeforeTaxRatio": 0.2490818776,
    "incomeTaxExpense": 69588000,
    "netIncome": 142781000,
    "netIncomeRatio": 0.1627441772,
    "eps": 0.89,
    "epsdiluted": 0.88,
    "weightedAverageShsOut": 166515201,
    "weightedAverageShsOutDil": 169246812,
    "link": "https://www.sec.gov/Archives/edgar/data/320335/000119312511213567/0001193125-11-213567-index.htm",
    "finalLink": "https://www.sec.gov/Archives/edgar/data/320335/000119312511213567/d10q.htm"
  },
  {
    "date": "2011-03-31",
    "symbol": "GL",
    "reportedCurrency": "USD",
    "cik": "0000320335",
    "fillingDate": "2011-08-02",
    "acceptedDate": "2011-08-02 11:52:42",
    "calendarYear": "2011",
    "period": "Q1",
    "revenue": 829272000,
    "costOfRevenue": 50187000,
    "grossProfit": 779085000,
    "grossProfitRatio": 0.9394806529,
    "researchAndDevelopmentExpenses": 0,
    "generalAndAdministrativeExpenses": 0,
    "sellingAndMarketingExpenses": 31898000,
    "sellingGeneralAndAdministrativeExpenses": 31898000,
    "otherExpenses": 630102000,
    "operatingExpenses": 662000000,
    "costAndExpenses": 673460000,
    "interestIncome": 0,
    "interestExpense": 19460000,
    "depreciationAndAmortization": 0,
    "ebitda": 0,
    "ebitdaratio": 0,
    "operatingIncome": 147517000,
    "operatingIncomeRatio": 0.1778873518,
    "totalOtherIncomeExpensesNet": 0,
    "incomeBeforeTax": 155812000,
    "incomeBeforeTaxRatio": 0.1878901012,
    "incomeTaxExpense": 49680000,
    "netIncome": 100141000,
    "netIncomeRatio": 0.1207577248,
    "eps": 0.6,
    "epsdiluted": 0.59,
    "weightedAverageShsOut": 175225990,
    "weightedAverageShsOutDil": 178521228,
    "link": "https://www.sec.gov/Archives/edgar/data/320335/000119312511205883/0001193125-11-205883-index.htm",
    "finalLink": "https://www.sec.gov/Archives/edgar/data/320335/000119312511205883/d10qa.htm"
  },
  {
    "date": "2010-12-31",
    "symbol": "GL",
    "reportedCurrency": "USD",
    "cik": "0000320335",
    "fillingDate": "2011-02-28",
    "acceptedDate": "2011-02-28 15:32:30",
    "calendarYear": "2010",
    "period": "Q4",
    "revenue": 847171000,
    "costOfRevenue": 176272000,
    "grossProfit": 670899000,
    "grossProfitRatio": 0.7919286661,
    "researchAndDevelopmentExpenses": 0,
    "generalAndAdministrativeExpenses": 0,
    "sellingAndMarketingExpenses": 30738000,
    "sellingGeneralAndAdministrativeExpenses": 30738000,
    "otherExpenses": 610262000,
    "operatingExpenses": 641000000,
    "costAndExpenses": 631691000,
    "interestIncome": 0,
    "interestExpense": 18990000,
    "depreciationAndAmortization": 0,
    "ebitda": 0,
    "ebitdaratio": 0,
    "operatingIncome": 215480000,
    "operatingIncomeRatio": 0.2543524271,
    "totalOtherIncomeExpensesNet": 0,
    "incomeBeforeTax": 215480000,
    "incomeBeforeTaxRatio": 0.2543524271,
    "incomeTaxExpense": 66525000,
    "netIncome": 154808000,
    "netIncomeRatio": 0.1827352447,
    "eps": 0.88,
    "epsdiluted": 0.88,
    "weightedAverageShsOut": 175225990,
    "weightedAverageShsOutDil": 175225990,
    "link": "https://www.sec.gov/Archives/edgar/data/320335/000119312511049737/0001193125-11-049737-index.htm",
    "finalLink": "https://www.sec.gov/Archives/edgar/data/320335/000119312511049737/d10k.htm"
  },
  {
    "date": "2010-09-30",
    "symbol": "GL",
    "reportedCurrency": "USD",
    "cik": "0000320335",
    "fillingDate": "2010-11-08",
    "acceptedDate": "2010-11-08 14:44:17",
    "calendarYear": "2010",
    "period": "Q3",
    "revenue": 838888000,
    "costOfRevenue": 43154000,
    "grossProfit": 795734000,
    "grossProfitRatio": 0.9485580912,
    "researchAndDevelopmentExpenses": 0,
    "generalAndAdministrativeExpenses": 0,
    "sellingAndMarketingExpenses": 31072000,
    "sellingGeneralAndAdministrativeExpenses": 31072000,
    "otherExpenses": 580928000,
    "operatingExpenses": 612000000,
    "costAndExpenses": 630575000,
    "interestIncome": 0,
    "interestExpense": 18790000,
    "depreciationAndAmortization": 0,
    "ebitda": 0,
    "ebitdaratio": 0,
    "operatingIncome": 208313000,
    "operatingIncomeRatio": 0.2483203956,
    "totalOtherIncomeExpensesNet": 0,
    "incomeBeforeTax": 208313000,
    "incomeBeforeTaxRatio": 0.2483203956,
    "incomeTaxExpense": 70216000,
    "netIncome": 114531000,
    "netIncomeRatio": 0.1365271645,
    "eps": 0.63,
    "epsdiluted": 0.63,
    "weightedAverageShsOut": 181745350,
    "weightedAverageShsOutDil": 183049770,
    "link": "https://www.sec.gov/Archives/edgar/data/320335/000119312510251848/0001193125-10-251848-index.htm",
    "finalLink": "https://www.sec.gov/Archives/edgar/data/320335/000119312510251848/d10q.htm"
  },
  {
    "date": "2010-06-30",
    "symbol": "GL",
    "reportedCurrency": "USD",
    "cik": "0000320335",
    "fillingDate": "2010-08-06",
    "acceptedDate": "2010-08-06 15:18:47",
    "calendarYear": "2010",
    "period": "Q2",
    "revenue": 864977000,
    "costOfRevenue": 45840000,
    "grossProfit": 819137000,
    "grossProfitRatio": 0.9470043712,
    "researchAndDevelopmentExpenses": 0,
    "generalAndAdministrativeExpenses": 0,
    "sellingAndMarketingExpenses": 33027000,
    "sellingGeneralAndAdministrativeExpenses": 33027000,
    "otherExpenses": 602973000,
    "operatingExpenses": 636000000,
    "costAndExpenses": 675003000,
    "interestIncome": 0,
    "interestExpense": 18812000,
    "depreciationAndAmortization": 0,
    "ebitda": 0,
    "ebitdaratio": 0,
    "operatingIncome": 180720000,
    "operatingIncomeRatio": 0.2089304109,
    "totalOtherIncomeExpensesNet": 0,
    "incomeBeforeTax": 189974000,
    "incomeBeforeTaxRatio": 0.2196289612,
    "incomeTaxExpense": 63925000,
    "netIncome": 126049000,
    "netIncomeRatio": 0.1457252621,
    "eps": 0.68,
    "epsdiluted": 0.68,
    "weightedAverageShsOut": 184074841,
    "weightedAverageShsOutDil": 185140379,
    "link": "https://www.sec.gov/Archives/edgar/data/320335/000119312510181240/0001193125-10-181240-index.htm",
    "finalLink": "https://www.sec.gov/Archives/edgar/data/320335/000119312510181240/d10q.htm"
  },
  {
    "date": "2010-03-31",
    "symbol": "GL",
    "reportedCurrency": "USD",
    "cik": "0000320335",
    "fillingDate": "2010-05-07",
    "acceptedDate": "2010-05-07 10:47:43",
    "calendarYear": "2010",
    "period": "Q1",
    "revenue": 874805000,
    "costOfRevenue": 43430000,
    "grossProfit": 831375000,
    "grossProfitRatio": 0.9503546505,
    "researchAndDevelopmentExpenses": 0,
    "generalAndAdministrativeExpenses": 0,
    "sellingAndMarketingExpenses": 31824000,
    "sellingGeneralAndAdministrativeExpenses": 31824000,
    "otherExpenses": 621176000,
    "operatingExpenses": 653000000,
    "costAndExpenses": 691370000,
    "interestIncome": 0,
    "interestExpense": 18937000,
    "depreciationAndAmortization": 0,
    "ebitda": 0,
    "ebitdaratio": 0,
    "operatingIncome": 174054000,
    "operatingIncomeRatio": 0.1989631975,
    "totalOtherIncomeExpensesNet": 0,
    "incomeBeforeTax": 183435000,
    "incomeBeforeTaxRatio": 0.2096867302,
    "incomeTaxExpense": 61759000,
    "netIncome": 121676000,
    "netIncomeRatio": 0.1390892828,
    "eps": 0.65,
    "epsdiluted": 0.65,
    "weightedAverageShsOut": 186404332,
    "weightedAverageShsOutDil": 187230987,
    "link": "https://www.sec.gov/Archives/edgar/data/320335/000119312510112180/0001193125-10-112180-index.htm",
    "finalLink": "https://www.sec.gov/Archives/edgar/data/320335/000119312510112180/d10q.htm"
  },
  {
    "date": "2009-12-31",
    "symbol": "GL",
    "reportedCurrency": "USD",
    "cik": "0000320335",
    "fillingDate": "2010-02-26",
    "acceptedDate": "2010-02-26 15:47:11",
    "calendarYear": "2009",
    "period": "Q4",
    "revenue": 808171000,
    "costOfRevenue": -2240137000,
    "grossProfit": 3048308000,
    "grossProfitRatio": 3.7718601633,
    "researchAndDevelopmentExpenses": 0,
    "generalAndAdministrativeExpenses": 0,
    "sellingAndMarketingExpenses": 34347000,
    "sellingGeneralAndAdministrativeExpenses": 34347000,
    "otherExpenses": 523653000,
    "operatingExpenses": 558000000,
    "costAndExpenses": 636738000,
    "interestIncome": 0,
    "interestExpense": 19009000,
    "depreciationAndAmortization": 0,
    "ebitda": 0,
    "ebitdaratio": 0,
    "operatingIncome": 171433000,
    "operatingIncomeRatio": 0.2121246617,
    "totalOtherIncomeExpensesNet": 0,
    "incomeBeforeTax": 171433000,
    "incomeBeforeTaxRatio": 0.2121246617,
    "incomeTaxExpense": 58104000,
    "netIncome": 113329000,
    "netIncomeRatio": 0.1402289862,
    "eps": 0.61,
    "epsdiluted": 0.61,
    "weightedAverageShsOut": 186278250,
    "weightedAverageShsOutDil": 186404332,
    "link": "https://www.sec.gov/Archives/edgar/data/320335/000119312510042810/0001193125-10-042810-index.htm",
    "finalLink": "https://www.sec.gov/Archives/edgar/data/320335/000119312510042810/d10k.htm"
  },
  {
    "date": "2009-09-30",
    "symbol": "GL",
    "reportedCurrency": "USD",
    "cik": "0000320335",
    "fillingDate": "2009-11-06",
    "acceptedDate": "2009-11-06 13:03:13",
    "calendarYear": "2009",
    "period": "Q3",
    "revenue": 784854000,
    "costOfRevenue": 42613000,
    "grossProfit": 742241000,
    "grossProfitRatio": 0.9457058255,
    "researchAndDevelopmentExpenses": 0,
    "generalAndAdministrativeExpenses": 0,
    "sellingAndMarketingExpenses": 34542000,
    "sellingGeneralAndAdministrativeExpenses": 34542000,
    "otherExpenses": 563458000,
    "operatingExpenses": 598000000,
    "costAndExpenses": 637797000,
    "interestIncome": 0,
    "interestExpense": 20343000,
    "depreciationAndAmortization": 0,
    "ebitda": 0,
    "ebitdaratio": 0,
    "operatingIncome": 143760000,
    "operatingIncomeRatio": 0.1831678248,
    "totalOtherIncomeExpensesNet": 0,
    "incomeBeforeTax": 147057000,
    "incomeBeforeTaxRatio": 0.1873686061,
    "incomeTaxExpense": 46257000,
    "netIncome": 100800000,
    "netIncomeRatio": 0.1284315299,
    "eps": 0.54,
    "epsdiluted": 0.54,
    "weightedAverageShsOut": 186179049,
    "weightedAverageShsOutDil": 186398041,
    "link": "https://www.sec.gov/Archives/edgar/data/320335/000119312509227080/0001193125-09-227080-index.htm",
    "finalLink": "https://www.sec.gov/Archives/edgar/data/320335/000119312509227080/d10q.htm"
  },
  {
    "date": "2009-06-30",
    "symbol": "GL",
    "reportedCurrency": "USD",
    "cik": "0000320335",
    "fillingDate": "2009-08-07",
    "acceptedDate": "2009-08-07 10:34:36",
    "calendarYear": "2009",
    "period": "Q2",
    "revenue": 819734000,
    "costOfRevenue": 45236000,
    "grossProfit": 774498000,
    "grossProfitRatio": 0.9448162453,
    "researchAndDevelopmentExpenses": 0,
    "generalAndAdministrativeExpenses": 0,
    "sellingAndMarketingExpenses": 30635000,
    "sellingGeneralAndAdministrativeExpenses": 30635000,
    "otherExpenses": 613365000,
    "operatingExpenses": 644000000,
    "costAndExpenses": 659327000,
    "interestIncome": 0,
    "interestExpense": 14916000,
    "depreciationAndAmortization": 0,
    "ebitda": 0,
    "ebitdaratio": 0,
    "operatingIncome": 160407000,
    "operatingIncomeRatio": 0.1956817699,
    "totalOtherIncomeExpensesNet": 0,
    "incomeBeforeTax": 160407000,
    "incomeBeforeTaxRatio": 0.1956817699,
    "incomeTaxExpense": 46289000,
    "netIncome": 114118000,
    "netIncomeRatio": 0.1392134522,
    "eps": 0.61,
    "epsdiluted": 0.61,
    "weightedAverageShsOut": 186153221,
    "weightedAverageShsOutDil": 186153221,
    "link": "https://www.sec.gov/Archives/edgar/data/320335/000119312509168413/0001193125-09-168413-index.htm",
    "finalLink": "https://www.sec.gov/Archives/edgar/data/320335/000119312509168413/d10q.htm"
  },
  {
    "date": "2009-03-31",
    "symbol": "GL",
    "reportedCurrency": "USD",
    "cik": "0000320335",
    "fillingDate": "2009-05-08",
    "acceptedDate": "2009-05-08 15:36:11",
    "calendarYear": "2009",
    "period": "Q1",
    "revenue": 809638000,
    "costOfRevenue": 43790000,
    "grossProfit": 765848000,
    "grossProfitRatio": 0.9459140999,
    "researchAndDevelopmentExpenses": 0,
    "generalAndAdministrativeExpenses": 0,
    "sellingAndMarketingExpenses": 31606000,
    "sellingGeneralAndAdministrativeExpenses": 31606000,
    "otherExpenses": 636394000,
    "operatingExpenses": 668000000,
    "costAndExpenses": 683342000,
    "interestIncome": 0,
    "interestExpense": 15664000,
    "depreciationAndAmortization": 0,
    "ebitda": 0,
    "ebitdaratio": 0,
    "operatingIncome": 126296000,
    "operatingIncomeRatio": 0.155990702,
    "totalOtherIncomeExpensesNet": 0,
    "incomeBeforeTax": 126296000,
    "incomeBeforeTaxRatio": 0.155990702,
    "incomeTaxExpense": 49590000,
    "netIncome": 76706000,
    "netIncomeRatio": 0.0947411065,
    "eps": 0.41,
    "epsdiluted": 0.41,
    "weightedAverageShsOut": 188719708,
    "weightedAverageShsOutDil": 188719708,
    "link": "https://www.sec.gov/Archives/edgar/data/320335/000119312509105258/0001193125-09-105258-index.htm",
    "finalLink": "https://www.sec.gov/Archives/edgar/data/320335/000119312509105258/d10q.htm"
  },
  {
    "date": "2008-12-31",
    "symbol": "GL",
    "reportedCurrency": "USD",
    "cik": "0000320335",
    "fillingDate": "2009-02-27",
    "acceptedDate": "2009-02-27 15:00:31",
    "calendarYear": "2008",
    "period": "Q4",
    "revenue": 840641000,
    "costOfRevenue": -2301065000,
    "grossProfit": 3141706000,
    "grossProfitRatio": 3.7372742943,
    "researchAndDevelopmentExpenses": 0,
    "generalAndAdministrativeExpenses": 0,
    "sellingAndMarketingExpenses": 34663000,
    "sellingGeneralAndAdministrativeExpenses": 34663000,
    "otherExpenses": 498337000,
    "operatingExpenses": 533000000,
    "costAndExpenses": 648051000,
    "interestIncome": 0,
    "interestExpense": 16732000,
    "depreciationAndAmortization": 0,
    "ebitda": 0,
    "ebitdaratio": 0,
    "operatingIncome": 192590000,
    "operatingIncomeRatio": 0.2290989852,
    "totalOtherIncomeExpensesNet": 0,
    "incomeBeforeTax": 192590000,
    "incomeBeforeTaxRatio": 0.2290989852,
    "incomeTaxExpense": 55381000,
    "netIncome": 137209000,
    "netIncomeRatio": 0.1632194956,
    "eps": 0.73,
    "epsdiluted": 0.73,
    "weightedAverageShsOut": 188719708,
    "weightedAverageShsOutDil": 188719708,
    "link": "https://www.sec.gov/Archives/edgar/data/320335/000119312509040782/0001193125-09-040782-index.htm",
    "finalLink": "https://www.sec.gov/Archives/edgar/data/320335/000119312509040782/d10k.htm"
  },
  {
    "date": "2008-09-30",
    "symbol": "GL",
    "reportedCurrency": "USD",
    "cik": "0000320335",
    "fillingDate": "2008-11-07",
    "acceptedDate": "2008-11-07 15:22:58",
    "calendarYear": "2008",
    "period": "Q3",
    "revenue": 753352000,
    "costOfRevenue": 45035000,
    "grossProfit": 708317000,
    "grossProfitRatio": 0.9402205078,
    "researchAndDevelopmentExpenses": 0,
    "generalAndAdministrativeExpenses": 0,
    "sellingAndMarketingExpenses": 34514000,
    "sellingGeneralAndAdministrativeExpenses": 34514000,
    "otherExpenses": 597486000,
    "operatingExpenses": 632000000,
    "costAndExpenses": 647721000,
    "interestIncome": 0,
    "interestExpense": 15507000,
    "depreciationAndAmortization": 0,
    "ebitda": 0,
    "ebitdaratio": 0,
    "operatingIncome": 105631000,
    "operatingIncomeRatio": 0.1402146672,
    "totalOtherIncomeExpensesNet": 0,
    "incomeBeforeTax": 105631000,
    "incomeBeforeTaxRatio": 0.1402146672,
    "incomeTaxExpense": 42480000,
    "netIncome": 63151000,
    "netIncomeRatio": 0.0838266839,
    "eps": 0.32,
    "epsdiluted": 0.32,
    "weightedAverageShsOut": 195793222,
    "weightedAverageShsOutDil": 197575350,
    "link": "https://www.sec.gov/Archives/edgar/data/320335/000119312508229885/0001193125-08-229885-index.htm",
    "finalLink": "https://www.sec.gov/Archives/edgar/data/320335/000119312508229885/d10q.htm"
  },
  {
    "date": "2008-06-30",
    "symbol": "GL",
    "reportedCurrency": "USD",
    "cik": "0000320335",
    "fillingDate": "2008-08-08",
    "acceptedDate": "2008-08-08 16:20:37",
    "calendarYear": "2008",
    "period": "Q2",
    "revenue": 860492000,
    "costOfRevenue": 43967000,
    "grossProfit": 816525000,
    "grossProfitRatio": 0.9489048126,
    "researchAndDevelopmentExpenses": 0,
    "generalAndAdministrativeExpenses": 0,
    "sellingAndMarketingExpenses": 38069000,
    "sellingGeneralAndAdministrativeExpenses": 38069000,
    "otherExpenses": 622931000,
    "operatingExpenses": 661000000,
    "costAndExpenses": 675886000,
    "interestIncome": 0,
    "interestExpense": 14818000,
    "depreciationAndAmortization": 0,
    "ebitda": 0,
    "ebitdaratio": 0,
    "operatingIncome": 184606000,
    "operatingIncomeRatio": 0.2145354053,
    "totalOtherIncomeExpensesNet": 0,
    "incomeBeforeTax": 184606000,
    "incomeBeforeTaxRatio": 0.2145354053,
    "incomeTaxExpense": 50880000,
    "netIncome": 133726000,
    "netIncomeRatio": 0.1554064419,
    "eps": 0.66,
    "epsdiluted": 0.66,
    "weightedAverageShsOut": 201288215,
    "weightedAverageShsOutDil": 204069897,
    "link": "https://www.sec.gov/Archives/edgar/data/320335/000119312508171953/0001193125-08-171953-index.htm",
    "finalLink": "https://www.sec.gov/Archives/edgar/data/320335/000119312508171953/d10q.htm"
  },
  {
    "date": "2008-03-31",
    "symbol": "GL",
    "reportedCurrency": "USD",
    "cik": "0000320335",
    "fillingDate": "2008-05-12",
    "acceptedDate": "2008-05-12 10:43:43",
    "calendarYear": "2008",
    "period": "Q1",
    "revenue": 872433000,
    "costOfRevenue": 46057000,
    "grossProfit": 826376000,
    "grossProfitRatio": 0.9472085536,
    "researchAndDevelopmentExpenses": 0,
    "generalAndAdministrativeExpenses": 0,
    "sellingAndMarketingExpenses": 38735000,
    "sellingGeneralAndAdministrativeExpenses": 38735000,
    "otherExpenses": 678000000,
    "operatingExpenses": 678000000,
    "costAndExpenses": 694003000,
    "interestIncome": 0,
    "interestExpense": 16172000,
    "depreciationAndAmortization": 0,
    "ebitda": 0,
    "ebitdaratio": 0,
    "operatingIncome": 178430000,
    "operatingIncomeRatio": 0.2045200033,
    "totalOtherIncomeExpensesNet": 0,
    "incomeBeforeTax": 178430000,
    "incomeBeforeTaxRatio": 0.2045200033,
    "incomeTaxExpense": 60257000,
    "netIncome": 118173000,
    "netIncomeRatio": 0.1354522353,
    "eps": 0.58,
    "epsdiluted": 0.57,
    "weightedAverageShsOut": 204273697,
    "weightedAverageShsOutDil": 206722478,
    "link": "https://www.sec.gov/Archives/edgar/data/320335/000119312508110923/0001193125-08-110923-index.htm",
    "finalLink": "https://www.sec.gov/Archives/edgar/data/320335/000119312508110923/d10q.htm"
  },
  {
    "date": "2007-12-31",
    "symbol": "GL",
    "reportedCurrency": "USD",
    "cik": "0000320335",
    "fillingDate": "2008-02-29",
    "acceptedDate": "2008-02-29 14:29:10",
    "calendarYear": "2007",
    "period": "Q4",
    "revenue": 840539000,
    "costOfRevenue": -2472752000,
    "grossProfit": 3313291000,
    "grossProfitRatio": 3.9418646844,
    "researchAndDevelopmentExpenses": 0,
    "generalAndAdministrativeExpenses": 0,
    "sellingAndMarketingExpenses": 0,
    "sellingGeneralAndAdministrativeExpenses": 0,
    "otherExpenses": 625000000,
    "operatingExpenses": 625000000,
    "costAndExpenses": 641650000,
    "interestIncome": 0,
    "interestExpense": 16187000,
    "depreciationAndAmortization": 0,
    "ebitda": 0,
    "ebitdaratio": 0,
    "operatingIncome": 198889000,
    "operatingIncomeRatio": 0.2366207874,
    "totalOtherIncomeExpensesNet": 0,
    "incomeBeforeTax": 198889000,
    "incomeBeforeTaxRatio": 0.2366207874,
    "incomeTaxExpense": 66544000,
    "netIncome": 132345000,
    "netIncomeRatio": 0.1574525394,
    "eps": 0.65,
    "epsdiluted": 0.65,
    "weightedAverageShsOut": 204530192,
    "weightedAverageShsOutDil": 204530192,
    "link": "https://www.sec.gov/Archives/edgar/data/320335/000119312508043419/0001193125-08-043419-index.htm",
    "finalLink": "https://www.sec.gov/Archives/edgar/data/320335/000119312508043419/d10k.htm"
  },
  {
    "date": "2007-09-30",
    "symbol": "GL",
    "reportedCurrency": "USD",
    "cik": "0000320335",
    "fillingDate": "2007-11-08",
    "acceptedDate": "2007-11-08 09:36:22",
    "calendarYear": "2007",
    "period": "Q3",
    "revenue": 863614000,
    "costOfRevenue": 44074000,
    "grossProfit": 819540000,
    "grossProfitRatio": 0.9489656258,
    "researchAndDevelopmentExpenses": 0,
    "generalAndAdministrativeExpenses": 0,
    "sellingAndMarketingExpenses": 38646000,
    "sellingGeneralAndAdministrativeExpenses": 38646000,
    "otherExpenses": 644000000,
    "operatingExpenses": 644000000,
    "costAndExpenses": 662030000,
    "interestIncome": 0,
    "interestExpense": 17579000,
    "depreciationAndAmortization": 0,
    "ebitda": 0,
    "ebitdaratio": 0,
    "operatingIncome": 201584000,
    "operatingIncomeRatio": 0.233419097,
    "totalOtherIncomeExpensesNet": 0,
    "incomeBeforeTax": 201584000,
    "incomeBeforeTaxRatio": 0.233419097,
    "incomeTaxExpense": 68702000,
    "netIncome": 132882000,
    "netIncomeRatio": 0.1538673528,
    "eps": 0.64,
    "epsdiluted": 0.63,
    "weightedAverageShsOut": 208601565,
    "weightedAverageShsOutDil": 211638210,
    "link": "https://www.sec.gov/Archives/edgar/data/320335/000119312507239575/0001193125-07-239575-index.htm",
    "finalLink": "https://www.sec.gov/Archives/edgar/data/320335/000119312507239575/d10q.htm"
  },
  {
    "date": "2007-06-30",
    "symbol": "GL",
    "reportedCurrency": "USD",
    "cik": "0000320335",
    "fillingDate": "2007-08-08",
    "acceptedDate": "2007-08-08 12:02:27",
    "calendarYear": "2007",
    "period": "Q2",
    "revenue": 876569000,
    "costOfRevenue": 42206000,
    "grossProfit": 834363000,
    "grossProfitRatio": 0.9518509096,
    "researchAndDevelopmentExpenses": 0,
    "generalAndAdministrativeExpenses": 0,
    "sellingAndMarketingExpenses": 39155000,
    "sellingGeneralAndAdministrativeExpenses": 39155000,
    "otherExpenses": 668000000,
    "operatingExpenses": 668000000,
    "costAndExpenses": 684532000,
    "interestIncome": 0,
    "interestExpense": 16541000,
    "depreciationAndAmortization": 0,
    "ebitda": 0,
    "ebitdaratio": 0,
    "operatingIncome": 192037000,
    "operatingIncomeRatio": 0.219078019,
    "totalOtherIncomeExpensesNet": 0,
    "incomeBeforeTax": 192037000,
    "incomeBeforeTaxRatio": 0.219078019,
    "incomeTaxExpense": 64920000,
    "netIncome": 127117000,
    "netIncomeRatio": 0.1450165361,
    "eps": 0.59,
    "epsdiluted": 0.58,
    "weightedAverageShsOut": 213670838,
    "weightedAverageShsOutDil": 217466066,
    "link": "https://www.sec.gov/Archives/edgar/data/320335/000119312507175075/0001193125-07-175075-index.htm",
    "finalLink": "https://www.sec.gov/Archives/edgar/data/320335/000119312507175075/d10q.htm"
  },
  {
    "date": "2007-03-31",
    "symbol": "GL",
    "reportedCurrency": "USD",
    "cik": "0000320335",
    "fillingDate": "2007-05-09",
    "acceptedDate": "2007-05-09 10:35:52",
    "calendarYear": "2007",
    "period": "Q1",
    "revenue": 905975000,
    "costOfRevenue": 42881000,
    "grossProfit": 863094000,
    "grossProfitRatio": 0.9526686719,
    "researchAndDevelopmentExpenses": 0,
    "generalAndAdministrativeExpenses": 0,
    "sellingAndMarketingExpenses": 0,
    "sellingGeneralAndAdministrativeExpenses": 0,
    "otherExpenses": 684000000,
    "operatingExpenses": 684000000,
    "costAndExpenses": 701680000,
    "interestIncome": 0,
    "interestExpense": 17257000,
    "depreciationAndAmortization": 0,
    "ebitda": 0,
    "ebitdaratio": 0,
    "operatingIncome": 204295000,
    "operatingIncomeRatio": 0.2254973923,
    "totalOtherIncomeExpensesNet": 0,
    "incomeBeforeTax": 204295000,
    "incomeBeforeTaxRatio": 0.2254973923,
    "incomeTaxExpense": 69104000,
    "netIncome": 135191000,
    "netIncomeRatio": 0.1492215569,
    "eps": 0.62,
    "epsdiluted": 0.61,
    "weightedAverageShsOut": 218834353,
    "weightedAverageShsOutDil": 222029015,
    "link": "https://www.sec.gov/Archives/edgar/data/320335/000119312507107532/0001193125-07-107532-index.htm",
    "finalLink": "https://www.sec.gov/Archives/edgar/data/320335/000119312507107532/d10q.htm"
  },
  {
    "date": "2006-12-31",
    "symbol": "GL",
    "reportedCurrency": "USD",
    "cik": "0000320335",
    "fillingDate": "2007-03-01",
    "acceptedDate": "2007-03-01 12:39:58",
    "calendarYear": "2006",
    "period": "Q4",
    "revenue": 857096000,
    "costOfRevenue": -2394314000,
    "grossProfit": 3251410000,
    "grossProfitRatio": 3.7935190457,
    "researchAndDevelopmentExpenses": 0,
    "generalAndAdministrativeExpenses": 0,
    "sellingAndMarketingExpenses": 0,
    "sellingGeneralAndAdministrativeExpenses": 0,
    "otherExpenses": 633000000,
    "operatingExpenses": 633000000,
    "costAndExpenses": 650777000,
    "interestIncome": 0,
    "interestExpense": 18071000,
    "depreciationAndAmortization": 0,
    "ebitda": 0,
    "ebitdaratio": 0,
    "operatingIncome": 206319000,
    "operatingIncomeRatio": 0.2407186593,
    "totalOtherIncomeExpensesNet": 0,
    "incomeBeforeTax": 206319000,
    "incomeBeforeTaxRatio": 0.2407186593,
    "incomeTaxExpense": 63881000,
    "netIncome": 142438000,
    "netIncomeRatio": 0.1661867515,
    "eps": 0.65,
    "epsdiluted": 0.65,
    "weightedAverageShsOut": 218834353,
    "weightedAverageShsOutDil": 218834353,
    "link": "https://www.sec.gov/Archives/edgar/data/320335/000119312507043904/0001193125-07-043904-index.htm",
    "finalLink": "https://www.sec.gov/Archives/edgar/data/320335/000119312507043904/d10k.htm"
  },
  {
    "date": "2006-09-30",
    "symbol": "GL",
    "reportedCurrency": "USD",
    "cik": "0000320335",
    "fillingDate": "2006-11-08",
    "acceptedDate": "2006-11-08 11:27:54",
    "calendarYear": "2006",
    "period": "Q3",
    "revenue": 837939000,
    "costOfRevenue": 40734000,
    "grossProfit": 797205000,
    "grossProfitRatio": 0.9513878695,
    "researchAndDevelopmentExpenses": 0,
    "generalAndAdministrativeExpenses": 0,
    "sellingAndMarketingExpenses": 0,
    "sellingGeneralAndAdministrativeExpenses": 0,
    "otherExpenses": 627000000,
    "operatingExpenses": 627000000,
    "costAndExpenses": 648666000,
    "interestIncome": 0,
    "interestExpense": 21437000,
    "depreciationAndAmortization": 0,
    "ebitda": 0,
    "ebitdaratio": 0,
    "operatingIncome": 189273000,
    "operatingIncomeRatio": 0.2258792108,
    "totalOtherIncomeExpensesNet": 0,
    "incomeBeforeTax": 189273000,
    "incomeBeforeTaxRatio": 0.2258792108,
    "incomeTaxExpense": 60729000,
    "netIncome": 128544000,
    "netIncomeRatio": 0.1534049615,
    "eps": 0.58,
    "epsdiluted": 0.57,
    "weightedAverageShsOut": 222480000,
    "weightedAverageShsOutDil": 225956250,
    "link": "https://www.sec.gov/Archives/edgar/data/320335/000119312506227873/0001193125-06-227873-index.htm",
    "finalLink": "https://www.sec.gov/Archives/edgar/data/320335/000119312506227873/d10q.htm"
  },
  {
    "date": "2006-06-30",
    "symbol": "GL",
    "reportedCurrency": "USD",
    "cik": "0000320335",
    "fillingDate": "2006-08-08",
    "acceptedDate": "2006-08-08 16:14:55",
    "calendarYear": "2006",
    "period": "Q2",
    "revenue": 869135000,
    "costOfRevenue": 43544000,
    "grossProfit": 825591000,
    "grossProfitRatio": 0.9498996128,
    "researchAndDevelopmentExpenses": 0,
    "generalAndAdministrativeExpenses": 0,
    "sellingAndMarketingExpenses": 0,
    "sellingGeneralAndAdministrativeExpenses": 0,
    "otherExpenses": 657000000,
    "operatingExpenses": 657000000,
    "costAndExpenses": 675128000,
    "interestIncome": 0,
    "interestExpense": 17638000,
    "depreciationAndAmortization": 0,
    "ebitda": 0,
    "ebitdaratio": 0,
    "operatingIncome": 194007000,
    "operatingIncomeRatio": 0.2232184873,
    "totalOtherIncomeExpensesNet": 0,
    "incomeBeforeTax": 194007000,
    "incomeBeforeTaxRatio": 0.2232184873,
    "incomeTaxExpense": 66632000,
    "netIncome": 127375000,
    "netIncomeRatio": 0.1465537575,
    "eps": 0.57,
    "epsdiluted": 0.56,
    "weightedAverageShsOut": 223901367,
    "weightedAverageShsOutDil": 227455357,
    "link": "https://www.sec.gov/Archives/edgar/data/320335/000119312506165709/0001193125-06-165709-index.htm",
    "finalLink": "https://www.sec.gov/Archives/edgar/data/320335/000119312506165709/d10q.htm"
  },
  {
    "date": "2006-03-31",
    "symbol": "GL",
    "reportedCurrency": "USD",
    "cik": "0000320335",
    "fillingDate": "2006-05-05",
    "acceptedDate": "2006-05-05 16:30:00",
    "calendarYear": "2006",
    "period": "Q1",
    "revenue": 857008000,
    "costOfRevenue": 44264000,
    "grossProfit": 812744000,
    "grossProfitRatio": 0.9483505405,
    "researchAndDevelopmentExpenses": 0,
    "generalAndAdministrativeExpenses": 0,
    "sellingAndMarketingExpenses": 0,
    "sellingGeneralAndAdministrativeExpenses": 0,
    "otherExpenses": 657000000,
    "operatingExpenses": 657000000,
    "costAndExpenses": 673037000,
    "interestIncome": 0,
    "interestExpense": 15990000,
    "depreciationAndAmortization": 0,
    "ebitda": 0,
    "ebitdaratio": 0,
    "operatingIncome": 183971000,
    "operatingIncomeRatio": 0.2146666075,
    "totalOtherIncomeExpensesNet": 0,
    "incomeBeforeTax": 183971000,
    "incomeBeforeTaxRatio": 0.2146666075,
    "incomeTaxExpense": 63697000,
    "netIncome": 120274000,
    "netIncomeRatio": 0.1403417471,
    "eps": 0.52,
    "epsdiluted": 0.52,
    "weightedAverageShsOut": 231296154,
    "weightedAverageShsOutDil": 233290086,
    "link": "https://www.sec.gov/Archives/edgar/data/320335/000119312506102126/0001193125-06-102126-index.htm",
    "finalLink": "https://www.sec.gov/Archives/edgar/data/320335/000119312506102126/d10q.htm"
  },
  {
    "date": "2005-12-31",
    "symbol": "GL",
    "reportedCurrency": "USD",
    "cik": "0000320335",
    "fillingDate": "2006-03-06",
    "acceptedDate": "2006-03-06 17:29:33",
    "calendarYear": "2005",
    "period": "Q4",
    "revenue": 769097000,
    "costOfRevenue": -2183860000,
    "grossProfit": 2952957000,
    "grossProfitRatio": 3.8395117911,
    "researchAndDevelopmentExpenses": 0,
    "generalAndAdministrativeExpenses": 0,
    "sellingAndMarketingExpenses": 0,
    "sellingGeneralAndAdministrativeExpenses": 0,
    "otherExpenses": 585000000,
    "operatingExpenses": 585000000,
    "costAndExpenses": 600651000,
    "interestIncome": 0,
    "interestExpense": 15567000,
    "depreciationAndAmortization": 0,
    "ebitda": 0,
    "ebitdaratio": 0,
    "operatingIncome": 168446000,
    "operatingIncomeRatio": 0.2190178872,
    "totalOtherIncomeExpensesNet": 0,
    "incomeBeforeTax": 168446000,
    "incomeBeforeTaxRatio": 0.2190178872,
    "incomeTaxExpense": 42310000,
    "netIncome": 126136000,
    "netIncomeRatio": 0.1640053205,
    "eps": 0.55,
    "epsdiluted": 0.55,
    "weightedAverageShsOut": 231296154,
    "weightedAverageShsOutDil": 231296154,
    "link": "https://www.sec.gov/Archives/edgar/data/320335/000119312506046266/0001193125-06-046266-index.htm",
    "finalLink": "https://www.sec.gov/Archives/edgar/data/320335/000119312506046266/d10k.htm"
  },
  {
    "date": "2005-09-30",
    "symbol": "GL",
    "reportedCurrency": "USD",
    "cik": "0000320335",
    "fillingDate": "2005-11-08",
    "acceptedDate": "2005-11-08 13:57:03",
    "calendarYear": "2005",
    "period": "Q3",
    "revenue": 769022000,
    "costOfRevenue": 38418000,
    "grossProfit": 730604000,
    "grossProfitRatio": 0.9500430417,
    "researchAndDevelopmentExpenses": 0,
    "generalAndAdministrativeExpenses": 0,
    "sellingAndMarketingExpenses": 0,
    "sellingGeneralAndAdministrativeExpenses": 0,
    "otherExpenses": 572000000,
    "operatingExpenses": 572000000,
    "costAndExpenses": 587630000,
    "interestIncome": 0,
    "interestExpense": 15281000,
    "depreciationAndAmortization": 0,
    "ebitda": 0,
    "ebitdaratio": 0,
    "operatingIncome": 181392000,
    "operatingIncomeRatio": 0.2358736161,
    "totalOtherIncomeExpensesNet": 0,
    "incomeBeforeTax": 181392000,
    "incomeBeforeTaxRatio": 0.2358736161,
    "incomeTaxExpense": 62346000,
    "netIncome": 119046000,
    "netIncomeRatio": 0.1548018132,
    "eps": 0.51,
    "epsdiluted": 0.51,
    "weightedAverageShsOut": 234959211,
    "weightedAverageShsOutDil": 234959211,
    "link": "https://www.sec.gov/Archives/edgar/data/320335/000119312505219580/0001193125-05-219580-index.htm",
    "finalLink": "https://www.sec.gov/Archives/edgar/data/320335/000119312505219580/d10q.htm"
  },
  {
    "date": "2005-06-30",
    "symbol": "GL",
    "reportedCurrency": "USD",
    "cik": "0000320335",
    "fillingDate": "2005-08-05",
    "acceptedDate": "2005-08-05 11:38:02",
    "calendarYear": "2005",
    "period": "Q2",
    "revenue": 804797000,
    "costOfRevenue": 43189000,
    "grossProfit": 761608000,
    "grossProfitRatio": 0.9463355355,
    "researchAndDevelopmentExpenses": 0,
    "generalAndAdministrativeExpenses": 0,
    "sellingAndMarketingExpenses": 0,
    "sellingGeneralAndAdministrativeExpenses": 0,
    "otherExpenses": 587000000,
    "operatingExpenses": 587000000,
    "costAndExpenses": 602251000,
    "interestIncome": 0,
    "interestExpense": 15350000,
    "depreciationAndAmortization": 0,
    "ebitda": 0,
    "ebitdaratio": 0,
    "operatingIncome": 202546000,
    "operatingIncomeRatio": 0.2516734034,
    "totalOtherIncomeExpensesNet": 0,
    "incomeBeforeTax": 202546000,
    "incomeBeforeTaxRatio": 0.2516734034,
    "incomeTaxExpense": 70181000,
    "netIncome": 132365000,
    "netIncomeRatio": 0.1644700465,
    "eps": 0.56,
    "epsdiluted": 0.56,
    "weightedAverageShsOut": 236366071,
    "weightedAverageShsOutDil": 238257000,
    "link": "https://www.sec.gov/Archives/edgar/data/320335/000119312505158726/0001193125-05-158726-index.htm",
    "finalLink": "https://www.sec.gov/Archives/edgar/data/320335/000119312505158726/d10q.htm"
  },
  {
    "date": "2005-03-31",
    "symbol": "GL",
    "reportedCurrency": "USD",
    "cik": "0000320335",
    "fillingDate": "2005-05-09",
    "acceptedDate": "2005-05-09 10:32:16",
    "calendarYear": "2005",
    "period": "Q1",
    "revenue": 782900000,
    "costOfRevenue": 39000000,
    "grossProfit": 743900000,
    "grossProfitRatio": 0.9501852088,
    "researchAndDevelopmentExpenses": 0,
    "generalAndAdministrativeExpenses": 0,
    "sellingAndMarketingExpenses": 0,
    "sellingGeneralAndAdministrativeExpenses": 0,
    "otherExpenses": 589000000,
    "operatingExpenses": 589000000,
    "costAndExpenses": 603800000,
    "interestIncome": 0,
    "interestExpense": 14700000,
    "depreciationAndAmortization": 0,
    "ebitda": 0,
    "ebitdaratio": 0,
    "operatingIncome": 179137000,
    "operatingIncomeRatio": 0.2288121088,
    "totalOtherIncomeExpensesNet": 0,
    "incomeBeforeTax": 179100000,
    "incomeBeforeTaxRatio": 0.2287648486,
    "incomeTaxExpense": 61300000,
    "netIncome": 117843000,
    "netIncomeRatio": 0.1505211394,
    "eps": 0.49,
    "epsdiluted": 0.48,
    "weightedAverageShsOut": 238870946,
    "weightedAverageShsOutDil": 243253899,
    "link": "https://www.sec.gov/Archives/edgar/data/320335/000119312505100284/0001193125-05-100284-index.htm",
    "finalLink": "https://www.sec.gov/Archives/edgar/data/320335/000119312505100284/d10q.htm"
  },
  {
    "date": "2004-12-31",
    "symbol": "GL",
    "reportedCurrency": "USD",
    "cik": "0000320335",
    "fillingDate": "2005-03-15",
    "acceptedDate": "2005-03-15 17:04:16",
    "calendarYear": "2004",
    "period": "Q4",
    "revenue": 760800000,
    "costOfRevenue": -2159500000,
    "grossProfit": 2920300000,
    "grossProfitRatio": 3.8384595163,
    "researchAndDevelopmentExpenses": 0,
    "generalAndAdministrativeExpenses": 0,
    "sellingAndMarketingExpenses": 0,
    "sellingGeneralAndAdministrativeExpenses": 0,
    "otherExpenses": 393730000,
    "operatingExpenses": 393730000,
    "costAndExpenses": 584930000,
    "interestIncome": 0,
    "interestExpense": 14360000,
    "depreciationAndAmortization": 0,
    "ebitda": 0,
    "ebitdaratio": 0,
    "operatingIncome": 175870000,
    "operatingIncomeRatio": 0.2311645636,
    "totalOtherIncomeExpensesNet": 0,
    "incomeBeforeTax": 175870000,
    "incomeBeforeTaxRatio": 0.2311645636,
    "incomeTaxExpense": 60377000,
    "netIncome": 115556000,
    "netIncomeRatio": 0.1518874869,
    "eps": 0.48,
    "epsdiluted": 0.48,
    "weightedAverageShsOut": 238783784,
    "weightedAverageShsOutDil": 238783784,
    "link": "https://www.sec.gov/Archives/edgar/data/320335/000119312505051197/0001193125-05-051197-index.htm",
    "finalLink": "https://www.sec.gov/Archives/edgar/data/320335/000119312505051197/d10k.htm"
  },
  {
    "date": "2004-09-30",
    "symbol": "GL",
    "reportedCurrency": "USD",
    "cik": "0000320335",
    "fillingDate": "2004-11-09",
    "acceptedDate": "2004-11-09 08:56:26",
    "calendarYear": "2004",
    "period": "Q3",
    "revenue": 774199000,
    "costOfRevenue": 37395000,
    "grossProfit": 736804000,
    "grossProfitRatio": 0.9516984651,
    "researchAndDevelopmentExpenses": 0,
    "generalAndAdministrativeExpenses": 0,
    "sellingAndMarketingExpenses": 0,
    "sellingGeneralAndAdministrativeExpenses": 0,
    "otherExpenses": -533289000,
    "operatingExpenses": -533289000,
    "costAndExpenses": 584739000,
    "interestIncome": 0,
    "interestExpense": 14055000,
    "depreciationAndAmortization": 0,
    "ebitda": 0,
    "ebitdaratio": 0,
    "operatingIncome": 189460000,
    "operatingIncomeRatio": 0.2447174434,
    "totalOtherIncomeExpensesNet": 0,
    "incomeBeforeTax": 189460000,
    "incomeBeforeTaxRatio": 0.2447174434,
    "incomeTaxExpense": 65328000,
    "netIncome": 124132000,
    "netIncomeRatio": 0.1603360376,
    "eps": 0.51,
    "epsdiluted": 0.5,
    "weightedAverageShsOut": 244997368,
    "weightedAverageShsOutDil": 249372321,
    "link": "https://www.sec.gov/Archives/edgar/data/320335/000119312504190456/0001193125-04-190456-index.htm",
    "finalLink": "https://www.sec.gov/Archives/edgar/data/320335/000119312504190456/d10q.htm"
  },
  {
    "date": "2004-06-30",
    "symbol": "GL",
    "reportedCurrency": "USD",
    "cik": "0000320335",
    "fillingDate": "2004-08-06",
    "acceptedDate": "2004-08-06 14:31:34",
    "calendarYear": "2004",
    "period": "Q2",
    "revenue": 763959000,
    "costOfRevenue": 38001000,
    "grossProfit": 725958000,
    "grossProfitRatio": 0.9502578018,
    "researchAndDevelopmentExpenses": 0,
    "generalAndAdministrativeExpenses": 0,
    "sellingAndMarketingExpenses": 0,
    "sellingGeneralAndAdministrativeExpenses": 0,
    "otherExpenses": -538646000,
    "operatingExpenses": -538646000,
    "costAndExpenses": 590725000,
    "interestIncome": 0,
    "interestExpense": 14078000,
    "depreciationAndAmortization": 0,
    "ebitda": 0,
    "ebitdaratio": 0,
    "operatingIncome": 173234000,
    "operatingIncomeRatio": 0.2267582423,
    "totalOtherIncomeExpensesNet": 0,
    "incomeBeforeTax": 173234000,
    "incomeBeforeTaxRatio": 0.2267582423,
    "incomeTaxExpense": 56673000,
    "netIncome": 116561000,
    "netIncomeRatio": 0.1525749418,
    "eps": 0.47,
    "epsdiluted": 0.46,
    "weightedAverageShsOut": 249773571,
    "weightedAverageShsOutDil": 252175240,
    "link": "https://www.sec.gov/Archives/edgar/data/320335/000119312504134156/0001193125-04-134156-index.htm",
    "finalLink": "https://www.sec.gov/Archives/edgar/data/320335/000119312504134156/d10q.htm"
  },
  {
    "date": "2004-03-31",
    "symbol": "GL",
    "reportedCurrency": "USD",
    "cik": "0000320335",
    "fillingDate": "2004-05-07",
    "acceptedDate": "2004-05-07 15:40:40",
    "calendarYear": "2004",
    "period": "Q1",
    "revenue": 772542000,
    "costOfRevenue": 37234000,
    "grossProfit": 735308000,
    "grossProfitRatio": 0.9518032677,
    "researchAndDevelopmentExpenses": 0,
    "generalAndAdministrativeExpenses": 0,
    "sellingAndMarketingExpenses": 0,
    "sellingGeneralAndAdministrativeExpenses": 0,
    "otherExpenses": -546228000,
    "operatingExpenses": -546228000,
    "costAndExpenses": 590306000,
    "interestIncome": 0,
    "interestExpense": 14007000,
    "depreciationAndAmortization": 0,
    "ebitda": 0,
    "ebitdaratio": 0,
    "operatingIncome": 182200000,
    "operatingIncomeRatio": 0.2358447825,
    "totalOtherIncomeExpensesNet": 0,
    "incomeBeforeTax": 182236000,
    "incomeBeforeTaxRatio": 0.235891382,
    "incomeTaxExpense": 62722000,
    "netIncome": 112400000,
    "netIncomeRatio": 0.1454937078,
    "eps": 0.44,
    "epsdiluted": 0.44,
    "weightedAverageShsOut": 252900000,
    "weightedAverageShsOutDil": 255454545,
    "link": "https://www.sec.gov/Archives/edgar/data/320335/000119312504082033/0001193125-04-082033-index.htm",
    "finalLink": "https://www.sec.gov/Archives/edgar/data/320335/000119312504082033/d10q.htm"
  },
  {
    "date": "2003-12-31",
    "symbol": "GL",
    "reportedCurrency": "USD",
    "cik": "0000320335",
    "fillingDate": "2004-03-15",
    "acceptedDate": "2004-03-15 15:46:13",
    "calendarYear": "2003",
    "period": "Q4",
    "revenue": 747503000,
    "costOfRevenue": -2027862000,
    "grossProfit": 2775365000,
    "grossProfitRatio": 3.7128479752,
    "researchAndDevelopmentExpenses": 0,
    "generalAndAdministrativeExpenses": 0,
    "sellingAndMarketingExpenses": 0,
    "sellingGeneralAndAdministrativeExpenses": 0,
    "otherExpenses": 2358142000,
    "operatingExpenses": 2358142000,
    "costAndExpenses": 577823000,
    "interestIncome": 0,
    "interestExpense": 13853000,
    "depreciationAndAmortization": 0,
    "ebitda": 0,
    "ebitdaratio": 0,
    "operatingIncome": 169680000,
    "operatingIncomeRatio": 0.2269957445,
    "totalOtherIncomeExpensesNet": 0,
    "incomeBeforeTax": 169680000,
    "incomeBeforeTaxRatio": 0.2269957445,
    "incomeTaxExpense": 57646000,
    "netIncome": 112034000,
    "netIncomeRatio": 0.1498776594,
    "eps": 0.44,
    "epsdiluted": 0.44,
    "weightedAverageShsOut": 251431909,
    "weightedAverageShsOutDil": 255510000,
    "link": "https://www.sec.gov/Archives/edgar/data/320335/000119312504042167/0001193125-04-042167-index.htm",
    "finalLink": "https://www.sec.gov/Archives/edgar/data/320335/000119312504042167/d10k.htm"
  },
  {
    "date": "2003-09-30",
    "symbol": "GL",
    "reportedCurrency": "USD",
    "cik": "0000320335",
    "fillingDate": "2003-11-12",
    "acceptedDate": "2003-11-12 14:57:14",
    "calendarYear": "2003",
    "period": "Q3",
    "revenue": 730389000,
    "costOfRevenue": 35064000,
    "grossProfit": 695325000,
    "grossProfitRatio": 0.9519927053,
    "researchAndDevelopmentExpenses": 0,
    "generalAndAdministrativeExpenses": 0,
    "sellingAndMarketingExpenses": 0,
    "sellingGeneralAndAdministrativeExpenses": 0,
    "otherExpenses": -517202000,
    "operatingExpenses": -517202000,
    "costAndExpenses": 566163000,
    "interestIncome": 0,
    "interestExpense": 13897000,
    "depreciationAndAmortization": 0,
    "ebitda": 0,
    "ebitdaratio": 0,
    "operatingIncome": 164226000,
    "operatingIncomeRatio": 0.2248473074,
    "totalOtherIncomeExpensesNet": 0,
    "incomeBeforeTax": 164226000,
    "incomeBeforeTaxRatio": 0.2248473074,
    "incomeTaxExpense": 56344000,
    "netIncome": 107882000,
    "netIncomeRatio": 0.1477048532,
    "eps": 0.42,
    "epsdiluted": 0.42,
    "weightedAverageShsOut": 255510000,
    "weightedAverageShsOutDil": 258228191,
    "link": "https://www.sec.gov/Archives/edgar/data/320335/000119312503078307/0001193125-03-078307-index.htm",
    "finalLink": "https://www.sec.gov/Archives/edgar/data/320335/000119312503078307/d10q.htm"
  },
  {
    "date": "2003-06-30",
    "symbol": "GL",
    "reportedCurrency": "USD",
    "cik": "0000320335",
    "fillingDate": "2003-08-12",
    "acceptedDate": "2003-08-12 16:22:34",
    "calendarYear": "2003",
    "period": "Q2",
    "revenue": 727840000,
    "costOfRevenue": 34059000,
    "grossProfit": 693781000,
    "grossProfitRatio": 0.9532053748,
    "researchAndDevelopmentExpenses": 0,
    "generalAndAdministrativeExpenses": 0,
    "sellingAndMarketingExpenses": 0,
    "sellingGeneralAndAdministrativeExpenses": 0,
    "otherExpenses": -520590000,
    "operatingExpenses": -520590000,
    "costAndExpenses": 560004000,
    "interestIncome": 0,
    "interestExpense": 6199000,
    "depreciationAndAmortization": 0,
    "ebitda": 0,
    "ebitdaratio": 0,
    "operatingIncome": 166539000,
    "operatingIncomeRatio": 0.2288126511,
    "totalOtherIncomeExpensesNet": 0,
    "incomeBeforeTax": 167836000,
    "incomeBeforeTaxRatio": 0.2305946362,
    "incomeTaxExpense": 57400000,
    "netIncome": 109592000,
    "netIncomeRatio": 0.1505715542,
    "eps": 0.42,
    "epsdiluted": 0.42,
    "weightedAverageShsOut": 259560000,
    "weightedAverageShsOutDil": 259560000,
    "link": "https://www.sec.gov/Archives/edgar/data/320335/000119312503034329/0001193125-03-034329-index.htm",
    "finalLink": "https://www.sec.gov/Archives/edgar/data/320335/000119312503034329/d10q.htm"
  },
  {
    "date": "2003-03-31",
    "symbol": "GL",
    "reportedCurrency": "USD",
    "cik": "0000320335",
    "fillingDate": "2003-05-14",
    "acceptedDate": "2003-05-14 13:31:49",
    "calendarYear": "2003",
    "period": "Q1",
    "revenue": 711988000,
    "costOfRevenue": 36073000,
    "grossProfit": 675915000,
    "grossProfitRatio": 0.9493348202,
    "researchAndDevelopmentExpenses": 0,
    "generalAndAdministrativeExpenses": 0,
    "sellingAndMarketingExpenses": 0,
    "sellingGeneralAndAdministrativeExpenses": 0,
    "otherExpenses": -516492000,
    "operatingExpenses": -516492000,
    "costAndExpenses": 558005000,
    "interestIncome": 0,
    "interestExpense": 6295000,
    "depreciationAndAmortization": -476000,
    "ebitda": 166330000,
    "ebitdaratio": 0.2336134879,
    "operatingIncome": 152667000,
    "operatingIncomeRatio": 0.2144235577,
    "totalOtherIncomeExpensesNet": 0,
    "incomeBeforeTax": 153983000,
    "incomeBeforeTaxRatio": 0.2162719035,
    "incomeTaxExpense": 52495000,
    "netIncome": 100633000,
    "netIncomeRatio": 0.1413408653,
    "eps": 0.38,
    "epsdiluted": 0.38,
    "weightedAverageShsOut": 263284012,
    "weightedAverageShsOutDil": 266381471,
    "link": "https://www.sec.gov/Archives/edgar/data/320335/000093176303001581/0000931763-03-001581-index.htm",
    "finalLink": "https://www.sec.gov/Archives/edgar/data/320335/000093176303001581/d10q.htm"
  },
  {
    "date": "2002-12-31",
    "symbol": "GL",
    "reportedCurrency": "USD",
    "cik": "0000320335",
    "fillingDate": "2003-03-24",
    "acceptedDate": "2003-03-24 08:20:31",
    "calendarYear": "2002",
    "period": "Q4",
    "revenue": 698987000,
    "costOfRevenue": 0,
    "grossProfit": 698987000,
    "grossProfitRatio": 1,
    "researchAndDevelopmentExpenses": 0,
    "generalAndAdministrativeExpenses": 0,
    "sellingAndMarketingExpenses": 0,
    "sellingGeneralAndAdministrativeExpenses": 0,
    "otherExpenses": 10215000,
    "operatingExpenses": 10215000,
    "costAndExpenses": 538248000,
    "interestIncome": 0,
    "interestExpense": 6857000,
    "depreciationAndAmortization": 0,
    "ebitda": 0,
    "ebitdaratio": 0,
    "operatingIncome": 160739000,
    "operatingIncomeRatio": 0.2299599277,
    "totalOtherIncomeExpensesNet": 0,
    "incomeBeforeTax": 160739000,
    "incomeBeforeTaxRatio": 0.2299599277,
    "incomeTaxExpense": 54647000,
    "netIncome": 105192000,
    "netIncomeRatio": 0.1504920692,
    "eps": 0.39,
    "epsdiluted": 0.39,
    "weightedAverageShsOut": 265775978,
    "weightedAverageShsOutDil": 268195500,
    "link": "https://www.sec.gov/Archives/edgar/data/320335/000093176303000621/0000931763-03-000621-index.htm",
    "finalLink": "https://www.sec.gov/Archives/edgar/data/320335/000093176303000621/d10k.htm"
  },
  {
    "date": "2002-09-30",
    "symbol": "GL",
    "reportedCurrency": "USD",
    "cik": "0000320335",
    "fillingDate": "2002-11-13",
    "acceptedDate": "2002-11-13 12:40:00",
    "calendarYear": "2002",
    "period": "Q3",
    "revenue": 715825000,
    "costOfRevenue": 34135000,
    "grossProfit": 681690000,
    "grossProfitRatio": 0.9523137638,
    "researchAndDevelopmentExpenses": 0,
    "generalAndAdministrativeExpenses": 0,
    "sellingAndMarketingExpenses": 0,
    "sellingGeneralAndAdministrativeExpenses": 0,
    "otherExpenses": -496154000,
    "operatingExpenses": -496154000,
    "costAndExpenses": 536505000,
    "interestIncome": 0,
    "interestExpense": 7188000,
    "depreciationAndAmortization": 0,
    "ebitda": 0,
    "ebitdaratio": 0,
    "operatingIncome": 290863000,
    "operatingIncomeRatio": 0.4063325533,
    "totalOtherIncomeExpensesNet": -290863000,
    "incomeBeforeTax": 179320000,
    "incomeBeforeTaxRatio": 0.2505081549,
    "incomeTaxExpense": 60973000,
    "netIncome": 117375000,
    "netIncomeRatio": 0.1639716411,
    "eps": 0.44,
    "epsdiluted": 0.44,
    "weightedAverageShsOut": 268195833,
    "weightedAverageShsOutDil": 268888842,
    "link": "https://www.sec.gov/Archives/edgar/data/320335/000093176302003414/0000931763-02-003414-index.htm",
    "finalLink": "https://www.sec.gov/Archives/edgar/data/320335/000093176302003414/d10q.htm"
  },
  {
    "date": "2002-06-30",
    "symbol": "GL",
    "reportedCurrency": "USD",
    "cik": "0000320335",
    "fillingDate": "2002-08-13",
    "acceptedDate": "2002-08-12 19:57:01",
    "calendarYear": "2002",
    "period": "Q2",
    "revenue": 633480000,
    "costOfRevenue": 32338000,
    "grossProfit": 601142000,
    "grossProfitRatio": 0.9489518217,
    "researchAndDevelopmentExpenses": 0,
    "generalAndAdministrativeExpenses": 0,
    "sellingAndMarketingExpenses": 0,
    "sellingGeneralAndAdministrativeExpenses": 0,
    "otherExpenses": -499951000,
    "operatingExpenses": -499951000,
    "costAndExpenses": 538548000,
    "interestIncome": 0,
    "interestExpense": 7230000,
    "depreciationAndAmortization": 0,
    "ebitda": 0,
    "ebitdaratio": 0,
    "operatingIncome": 94932000,
    "operatingIncomeRatio": 0.1498579276,
    "totalOtherIncomeExpensesNet": 0,
    "incomeBeforeTax": 94932000,
    "incomeBeforeTaxRatio": 0.1498579276,
    "incomeTaxExpense": 31249000,
    "netIncome": 62712000,
    "netIncomeRatio": 0.098996022,
    "eps": 0.23,
    "epsdiluted": 0.23,
    "weightedAverageShsOut": 271350000,
    "weightedAverageShsOutDil": 271350000,
    "link": "https://www.sec.gov/Archives/edgar/data/320335/000093176302002736/0000931763-02-002736-index.htm",
    "finalLink": "https://www.sec.gov/Archives/edgar/data/320335/000093176302002736/d10q.htm"
  },
  {
    "date": "2002-03-31",
    "symbol": "GL",
    "reportedCurrency": "USD",
    "cik": "0000320335",
    "fillingDate": "2002-05-14",
    "acceptedDate": "2002-05-14 13:30:52",
    "calendarYear": "2002",
    "period": "Q1",
    "revenue": 689674000,
    "costOfRevenue": 0,
    "grossProfit": 689674000,
    "grossProfitRatio": 1,
    "researchAndDevelopmentExpenses": 0,
    "generalAndAdministrativeExpenses": 0,
    "sellingAndMarketingExpenses": 0,
    "sellingGeneralAndAdministrativeExpenses": 0,
    "otherExpenses": -534034000,
    "operatingExpenses": -534034000,
    "costAndExpenses": 540345000,
    "interestIncome": 0,
    "interestExpense": 7318000,
    "depreciationAndAmortization": 0,
    "ebitda": 0,
    "ebitdaratio": 0,
    "operatingIncome": 149329000,
    "operatingIncomeRatio": 0.216521139,
    "totalOtherIncomeExpensesNet": 0,
    "incomeBeforeTax": 149329000,
    "incomeBeforeTaxRatio": 0.216521139,
    "incomeTaxExpense": 50168000,
    "netIncome": 98154000,
    "netIncomeRatio": 0.1423194147,
    "eps": 0.36,
    "epsdiluted": 0.36,
    "weightedAverageShsOut": 276058125,
    "weightedAverageShsOutDil": 276058125,
    "link": "https://www.sec.gov/Archives/edgar/data/320335/000093176302001770/0000931763-02-001770-index.htm",
    "finalLink": "https://www.sec.gov/Archives/edgar/data/320335/000093176302001770/d10q.txt"
  },
  {
    "date": "2001-12-31",
    "symbol": "GL",
    "reportedCurrency": "USD",
    "cik": "0000320335",
    "fillingDate": "2002-03-22",
    "acceptedDate": "2002-03-22 00:00:00",
    "calendarYear": "2001",
    "period": "Q4",
    "revenue": 656556000,
    "costOfRevenue": 0,
    "grossProfit": 656556000,
    "grossProfitRatio": 1,
    "researchAndDevelopmentExpenses": 0,
    "generalAndAdministrativeExpenses": 0,
    "sellingAndMarketingExpenses": 0,
    "sellingGeneralAndAdministrativeExpenses": 0,
    "otherExpenses": -522370000,
    "operatingExpenses": -522370000,
    "costAndExpenses": 526796000,
    "interestIncome": 0,
    "interestExpense": 9757000,
    "depreciationAndAmortization": 3020000,
    "ebitda": 142537000,
    "ebitdaratio": 0.2170980084,
    "operatingIncome": 129760000,
    "operatingIncomeRatio": 0.1976373683,
    "totalOtherIncomeExpensesNet": 0,
    "incomeBeforeTax": 129760000,
    "incomeBeforeTaxRatio": 0.1976373683,
    "incomeTaxExpense": 44323000,
    "netIncome": 83126000,
    "netIncomeRatio": 0.1266091544,
    "eps": 0.3,
    "epsdiluted": 0.3,
    "weightedAverageShsOut": 281426205,
    "weightedAverageShsOutDil": 281426205,
    "link": "https://www.sec.gov/Archives/edgar/data/320335/000093176302000748/0000931763-02-000748-index.htm",
    "finalLink": "https://www.sec.gov/Archives/edgar/data/320335/000093176302000748/d10k.txt"
  },
  {
    "date": "2001-09-30",
    "symbol": "GL",
    "reportedCurrency": "USD",
    "cik": "0000320335",
    "fillingDate": "2001-11-14",
    "acceptedDate": "2001-11-14 00:00:00",
    "calendarYear": "2001",
    "period": "Q3",
    "revenue": 686690000,
    "costOfRevenue": 0,
    "grossProfit": 686690000,
    "grossProfitRatio": 1,
    "researchAndDevelopmentExpenses": 0,
    "generalAndAdministrativeExpenses": 0,
    "sellingAndMarketingExpenses": 0,
    "sellingGeneralAndAdministrativeExpenses": 0,
    "otherExpenses": -520447000,
    "operatingExpenses": -520447000,
    "costAndExpenses": 526024000,
    "interestIncome": 0,
    "interestExpense": 10422000,
    "depreciationAndAmortization": 3018000,
    "ebitda": 174106000,
    "ebitdaratio": 0.2535438116,
    "operatingIncome": 160666000,
    "operatingIncomeRatio": 0.2339716612,
    "totalOtherIncomeExpensesNet": 0,
    "incomeBeforeTax": 160666000,
    "incomeBeforeTaxRatio": 0.2339716612,
    "incomeTaxExpense": 55024000,
    "netIncome": 103815000,
    "netIncomeRatio": 0.151181756,
    "eps": 0.37,
    "epsdiluted": 0.36,
    "weightedAverageShsOut": 281426205,
    "weightedAverageShsOutDil": 284858232,
    "link": "https://www.sec.gov/Archives/edgar/data/320335/000093176301502108/0000931763-01-502108-index.htm",
    "finalLink": "https://www.sec.gov/Archives/edgar/data/320335/000093176301502108/d10q.txt"
  },
  {
    "date": "2001-06-30",
    "symbol": "GL",
    "reportedCurrency": "USD",
    "cik": "0000320335",
    "fillingDate": "2001-08-14",
    "acceptedDate": "2001-08-14 00:00:00",
    "calendarYear": "2001",
    "period": "Q2",
    "revenue": 689030000,
    "costOfRevenue": 0,
    "grossProfit": 689030000,
    "grossProfitRatio": 1,
    "researchAndDevelopmentExpenses": 0,
    "generalAndAdministrativeExpenses": 0,
    "sellingAndMarketingExpenses": 0,
    "sellingGeneralAndAdministrativeExpenses": 0,
    "otherExpenses": -553689000,
    "operatingExpenses": -553689000,
    "costAndExpenses": 533305000,
    "interestIncome": 0,
    "interestExpense": 11760000,
    "depreciationAndAmortization": 3019000,
    "ebitda": 170504000,
    "ebitdaratio": 0.2474551181,
    "operatingIncome": 155725000,
    "operatingIncomeRatio": 0.2260061246,
    "totalOtherIncomeExpensesNet": 0,
    "incomeBeforeTax": 155725000,
    "incomeBeforeTaxRatio": 0.2260061246,
    "incomeTaxExpense": 53426000,
    "netIncome": 73174000,
    "netIncomeRatio": 0.106198569,
    "eps": 0.26,
    "epsdiluted": 0.26,
    "weightedAverageShsOut": 283864655,
    "weightedAverageShsOutDil": 283864655,
    "link": "https://www.sec.gov/Archives/edgar/data/320335/000093176301501466/0000931763-01-501466-index.htm",
    "finalLink": "https://www.sec.gov/Archives/edgar/data/320335/000093176301501466/d10q.txt"
  },
  {
    "date": "2001-03-31",
    "symbol": "GL",
    "reportedCurrency": "USD",
    "cik": "0000320335",
    "fillingDate": "2001-05-14",
    "acceptedDate": "2001-05-14 00:00:00",
    "calendarYear": "2001",
    "period": "Q1",
    "revenue": 674766000,
    "costOfRevenue": 0,
    "grossProfit": 674766000,
    "grossProfitRatio": 1,
    "researchAndDevelopmentExpenses": 0,
    "generalAndAdministrativeExpenses": 0,
    "sellingAndMarketingExpenses": 0,
    "sellingGeneralAndAdministrativeExpenses": 0,
    "otherExpenses": -515625000,
    "operatingExpenses": -515625000,
    "costAndExpenses": 519488000,
    "interestIncome": 0,
    "interestExpense": 12567000,
    "depreciationAndAmortization": 3018000,
    "ebitda": 15585000,
    "ebitdaratio": 0.0230968958,
    "operatingIncome": 263127000,
    "operatingIncomeRatio": 0.3899529615,
    "totalOtherIncomeExpensesNet": -263127000,
    "incomeBeforeTax": 155278000,
    "incomeBeforeTaxRatio": 0.2301212569,
    "incomeTaxExpense": 53194000,
    "netIncome": 96398000,
    "netIncomeRatio": 0.1428613771,
    "eps": 0.34,
    "epsdiluted": 0.34,
    "weightedAverageShsOut": 283915325,
    "weightedAverageShsOutDil": 285237654,
    "link": "https://www.sec.gov/Archives/edgar/data/320335/000093176301500605/0000931763-01-500605-index.htm",
    "finalLink": "https://www.sec.gov/Archives/edgar/data/320335/000093176301500605/d10q.txt"
  },
  {
    "date": "2000-12-31",
    "symbol": "GL",
    "reportedCurrency": "USD",
    "cik": "0000320335",
    "fillingDate": "2001-03-26",
    "acceptedDate": "2001-03-26 00:00:00",
    "calendarYear": "2000",
    "period": "Q4",
    "revenue": 641190000,
    "costOfRevenue": 0,
    "grossProfit": 641190000,
    "grossProfitRatio": 1,
    "researchAndDevelopmentExpenses": 0,
    "generalAndAdministrativeExpenses": 0,
    "sellingAndMarketingExpenses": 0,
    "sellingGeneralAndAdministrativeExpenses": 0,
    "otherExpenses": -490086000,
    "operatingExpenses": -490086000,
    "costAndExpenses": 497752000,
    "interestIncome": 0,
    "interestExpense": 13156000,
    "depreciationAndAmortization": 3020000,
    "ebitda": 159614000,
    "ebitdaratio": 0.2489340133,
    "operatingIncome": 143438000,
    "operatingIncomeRatio": 0.2237059218,
    "totalOtherIncomeExpensesNet": 0,
    "incomeBeforeTax": 143438000,
    "incomeBeforeTaxRatio": 0.2237059218,
    "incomeTaxExpense": 48845000,
    "netIncome": 92123000,
    "netIncomeRatio": 0.1436750417,
    "eps": 0.32,
    "epsdiluted": 0.32,
    "weightedAverageShsOut": 283662463,
    "weightedAverageShsOutDil": 285592208,
    "link": "https://www.sec.gov/Archives/edgar/data/320335/000093176301000503/0000931763-01-000503-index.htm",
    "finalLink": "https://www.sec.gov/Archives/edgar/data/320335/000093176301000503/0000931763-01-000503-0001.txt"
  },
  {
    "date": "2000-09-30",
    "symbol": "GL",
    "reportedCurrency": "USD",
    "cik": "0000320335",
    "fillingDate": "2000-11-13",
    "acceptedDate": "2000-11-13 00:00:00",
    "calendarYear": "2000",
    "period": "Q3",
    "revenue": 640554000,
    "costOfRevenue": 0,
    "grossProfit": 640554000,
    "grossProfitRatio": 1,
    "researchAndDevelopmentExpenses": 0,
    "generalAndAdministrativeExpenses": 0,
    "sellingAndMarketingExpenses": 0,
    "sellingGeneralAndAdministrativeExpenses": 0,
    "otherExpenses": -481064000,
    "operatingExpenses": -481064000,
    "costAndExpenses": 488718000,
    "interestIncome": 0,
    "interestExpense": 13352000,
    "depreciationAndAmortization": 3018000,
    "ebitda": 168206000,
    "ebitdaratio": 0.2625945666,
    "operatingIncome": 151836000,
    "operatingIncomeRatio": 0.2370385635,
    "totalOtherIncomeExpensesNet": 0,
    "incomeBeforeTax": 151836000,
    "incomeBeforeTaxRatio": 0.2370385635,
    "incomeTaxExpense": 51420000,
    "netIncome": 97736000,
    "netIncomeRatio": 0.1525804226,
    "eps": 0.34,
    "epsdiluted": 0.34,
    "weightedAverageShsOut": 285592208,
    "weightedAverageShsOutDil": 285592208,
    "link": "https://www.sec.gov/Archives/edgar/data/320335/000093176300002437/0000931763-00-002437-index.htm",
    "finalLink": "https://www.sec.gov/Archives/edgar/data/320335/000093176300002437/0000931763-00-002437-0001.txt"
  },
  {
    "date": "2000-06-30",
    "symbol": "GL",
    "reportedCurrency": "USD",
    "cik": "0000320335",
    "fillingDate": "2000-08-11",
    "acceptedDate": "2000-08-11 00:00:00",
    "calendarYear": "2000",
    "period": "Q2",
    "revenue": 615133000,
    "costOfRevenue": 0,
    "grossProfit": 615133000,
    "grossProfitRatio": 1,
    "researchAndDevelopmentExpenses": 0,
    "generalAndAdministrativeExpenses": 0,
    "sellingAndMarketingExpenses": 0,
    "sellingGeneralAndAdministrativeExpenses": 0,
    "otherExpenses": -476752000,
    "operatingExpenses": -476752000,
    "costAndExpenses": 485359000,
    "interestIncome": 0,
    "interestExpense": 14169000,
    "depreciationAndAmortization": 3019000,
    "ebitda": 17188000,
    "ebitdaratio": 0.0279419248,
    "operatingIncome": 200070000,
    "operatingIncomeRatio": 0.3252467353,
    "totalOtherIncomeExpensesNet": -200070000,
    "incomeBeforeTax": 129774000,
    "incomeBeforeTaxRatio": 0.21096901,
    "incomeTaxExpense": 43937000,
    "netIncome": 83294000,
    "netIncomeRatio": 0.135408115,
    "eps": 0.29,
    "epsdiluted": 0.29,
    "weightedAverageShsOut": 288113629,
    "weightedAverageShsOutDil": 288584478,
    "link": "https://www.sec.gov/Archives/edgar/data/320335/000093176300001913/0000931763-00-001913-index.htm",
    "finalLink": "https://www.sec.gov/Archives/edgar/data/320335/000093176300001913/0000931763-00-001913-0001.txt"
  },
  {
    "date": "2000-03-31",
    "symbol": "GL",
    "reportedCurrency": "USD",
    "cik": "0000320335",
    "fillingDate": "2000-05-12",
    "acceptedDate": "2000-05-12 00:00:00",
    "calendarYear": "2000",
    "period": "Q1",
    "revenue": 619017000,
    "costOfRevenue": 0,
    "grossProfit": 619017000,
    "grossProfitRatio": 1,
    "researchAndDevelopmentExpenses": 0,
    "generalAndAdministrativeExpenses": 0,
    "sellingAndMarketingExpenses": 0,
    "sellingGeneralAndAdministrativeExpenses": 0,
    "otherExpenses": -472704000,
    "operatingExpenses": -472704000,
    "costAndExpenses": 481107000,
    "interestIncome": 0,
    "interestExpense": 13810000,
    "depreciationAndAmortization": 3018000,
    "ebitda": 154738000,
    "ebitdaratio": 0.2499737487,
    "operatingIncome": 137910000,
    "operatingIncomeRatio": 0.2227887118,
    "totalOtherIncomeExpensesNet": 0,
    "incomeBeforeTax": 137910000,
    "incomeBeforeTaxRatio": 0.2227887118,
    "incomeTaxExpense": 46639000,
    "netIncome": 88882000,
    "netIncomeRatio": 0.1435857174,
    "eps": 0.3,
    "epsdiluted": 0.3,
    "weightedAverageShsOut": 294094853,
    "weightedAverageShsOutDil": 294094853,
    "link": "https://www.sec.gov/Archives/edgar/data/320335/000093176300001309/0000931763-00-001309-index.htm",
    "finalLink": "https://www.sec.gov/Archives/edgar/data/320335/000093176300001309/0000931763-00-001309.txt"
  },
  {
    "date": "1999-12-31",
    "symbol": "GL",
    "reportedCurrency": "USD",
    "cik": "0000320335",
    "fillingDate": "2000-03-23",
    "acceptedDate": "2000-03-23 00:00:00",
    "calendarYear": "1999",
    "period": "Q4",
    "revenue": 586378000,
    "costOfRevenue": 0,
    "grossProfit": 586378000,
    "grossProfitRatio": 1,
    "researchAndDevelopmentExpenses": 0,
    "generalAndAdministrativeExpenses": 0,
    "sellingAndMarketingExpenses": 0,
    "sellingGeneralAndAdministrativeExpenses": 0,
    "otherExpenses": -468470000,
    "operatingExpenses": -468470000,
    "costAndExpenses": 1681452000,
    "interestIncome": 0,
    "interestExpense": 13688000,
    "depreciationAndAmortization": 0,
    "ebitda": 0,
    "ebitdaratio": 0,
    "operatingIncome": -1095074000,
    "operatingIncomeRatio": -1.867522315,
    "totalOtherIncomeExpensesNet": 1497482000,
    "incomeBeforeTax": 402408000,
    "incomeBeforeTaxRatio": 0.6862603986,
    "incomeTaxExpense": 35256000,
    "netIncome": 68964000,
    "netIncomeRatio": 0.1176101423,
    "eps": 0.23,
    "epsdiluted": 0.23,
    "weightedAverageShsOut": 298053310,
    "weightedAverageShsOutDil": 298053310,
    "link": "https://www.sec.gov/Archives/edgar/data/320335/000093176300000595/0000931763-00-000595-index.htm",
    "finalLink": "https://www.sec.gov/Archives/edgar/data/320335/000093176300000595/0000931763-00-000595.txt"
  },
  {
    "date": "1999-09-30",
    "symbol": "GL",
    "reportedCurrency": "USD",
    "cik": "0000320335",
    "fillingDate": "1999-11-12",
    "acceptedDate": "1999-11-12 00:00:00",
    "calendarYear": "1999",
    "period": "Q3",
    "revenue": 565779000,
    "costOfRevenue": 0,
    "grossProfit": 565779000,
    "grossProfitRatio": 1,
    "researchAndDevelopmentExpenses": 0,
    "generalAndAdministrativeExpenses": 0,
    "sellingAndMarketingExpenses": 0,
    "sellingGeneralAndAdministrativeExpenses": 0,
    "otherExpenses": -441121000,
    "operatingExpenses": -441121000,
    "costAndExpenses": 47960000,
    "interestIncome": 0,
    "interestExpense": 13327000,
    "depreciationAndAmortization": 0,
    "ebitda": 0,
    "ebitdaratio": 0,
    "operatingIncome": 517819000,
    "operatingIncomeRatio": 0.9152319192,
    "totalOtherIncomeExpensesNet": -517819000,
    "incomeBeforeTax": 218587000,
    "incomeBeforeTaxRatio": 0.3863469659,
    "incomeTaxExpense": 38019000,
    "netIncome": 73312000,
    "netIncomeRatio": 0.1295770964,
    "eps": 0.25,
    "epsdiluted": 0.24,
    "weightedAverageShsOut": 298053310,
    "weightedAverageShsOutDil": 299863516,
    "link": "https://www.sec.gov/Archives/edgar/data/320335/000093176399003183/0000931763-99-003183-index.htm",
    "finalLink": "https://www.sec.gov/Archives/edgar/data/320335/000093176399003183/0000931763-99-003183.txt"
  },
  {
    "date": "1999-06-30",
    "symbol": "GL",
    "reportedCurrency": "USD",
    "cik": "0000320335",
    "fillingDate": "1999-08-12",
    "acceptedDate": "1999-08-12 00:00:00",
    "calendarYear": "1999",
    "period": "Q2",
    "revenue": 507228000,
    "costOfRevenue": 0,
    "grossProfit": 507228000,
    "grossProfitRatio": 1,
    "researchAndDevelopmentExpenses": 0,
    "generalAndAdministrativeExpenses": 0,
    "sellingAndMarketingExpenses": 0,
    "sellingGeneralAndAdministrativeExpenses": 0,
    "otherExpenses": -440592000,
    "operatingExpenses": -440592000,
    "costAndExpenses": 47867000,
    "interestIncome": 0,
    "interestExpense": 12750000,
    "depreciationAndAmortization": 0,
    "ebitda": 0,
    "ebitdaratio": 0,
    "operatingIncome": 459361000,
    "operatingIncomeRatio": 0.9056302097,
    "totalOtherIncomeExpensesNet": -459361000,
    "incomeBeforeTax": 103854000,
    "incomeBeforeTaxRatio": 0.2047481606,
    "incomeTaxExpense": 18640000,
    "netIncome": 35246000,
    "netIncomeRatio": 0.0694874889,
    "eps": 0.12,
    "epsdiluted": 0.12,
    "weightedAverageShsOut": 300090278,
    "weightedAverageShsOutDil": 302226045,
    "link": "https://www.sec.gov/Archives/edgar/data/320335/000093176399002308/0000931763-99-002308-index.html",
    "finalLink": "https://www.sec.gov/Archives/edgar/data/320335/000093176399002308/"
  },
  {
    "date": "1999-03-31",
    "symbol": "GL",
    "reportedCurrency": "USD",
    "cik": "0000320335",
    "fillingDate": "1999-05-14",
    "acceptedDate": "1999-05-14 00:00:00",
    "calendarYear": "1999",
    "period": "Q1",
    "revenue": 572149000,
    "costOfRevenue": 0,
    "grossProfit": 572149000,
    "grossProfitRatio": 1,
    "researchAndDevelopmentExpenses": 0,
    "generalAndAdministrativeExpenses": 0,
    "sellingAndMarketingExpenses": 0,
    "sellingGeneralAndAdministrativeExpenses": 0,
    "otherExpenses": -432181000,
    "operatingExpenses": -432181000,
    "costAndExpenses": 47208000,
    "interestIncome": 0,
    "interestExpense": 12576000,
    "depreciationAndAmortization": 0,
    "ebitda": 0,
    "ebitdaratio": 0,
    "operatingIncome": 187630000,
    "operatingIncomeRatio": 0.3279390508,
    "totalOtherIncomeExpensesNet": -187630000,
    "incomeBeforeTax": 249353000,
    "incomeBeforeTaxRatio": 0.4358182921,
    "incomeTaxExpense": 44028000,
    "netIncome": 96434000,
    "netIncomeRatio": 0.1685470044,
    "eps": 0.27,
    "epsdiluted": 0.27,
    "weightedAverageShsOut": 305600704,
    "weightedAverageShsOutDil": 305600704,
    "link": "https://www.sec.gov/Archives/edgar/data/320335/000093176399001629/0000931763-99-001629-index.htm",
    "finalLink": "https://www.sec.gov/Archives/edgar/data/320335/0000931763-99-001629.txt"
  },
  {
    "date": "1998-12-31",
    "symbol": "GL",
    "reportedCurrency": "USD",
    "cik": "0000320335",
    "fillingDate": "1999-03-12",
    "acceptedDate": "1999-03-12 00:00:00",
    "calendarYear": "1998",
    "period": "Q4",
    "revenue": 540142000,
    "costOfRevenue": 0,
    "grossProfit": 540142000,
    "grossProfitRatio": 1,
    "researchAndDevelopmentExpenses": 0,
    "generalAndAdministrativeExpenses": 0,
    "sellingAndMarketingExpenses": 0,
    "sellingGeneralAndAdministrativeExpenses": 0,
    "otherExpenses": -418673000,
    "operatingExpenses": -418673000,
    "costAndExpenses": 1536956000,
    "interestIncome": 0,
    "interestExpense": 10534000,
    "depreciationAndAmortization": 0,
    "ebitda": 0,
    "ebitdaratio": 0,
    "operatingIncome": -996814000,
    "operatingIncomeRatio": -1.8454665625,
    "totalOtherIncomeExpensesNet": 1443805000,
    "incomeBeforeTax": 446991000,
    "incomeBeforeTaxRatio": 0.8275434978,
    "incomeTaxExpense": 37100000,
    "netIncome": 73835000,
    "netIncomeRatio": 0.1366955356,
    "eps": 0.23,
    "epsdiluted": 0.23,
    "weightedAverageShsOut": 315590105,
    "weightedAverageShsOutDil": 315590105,
    "link": "https://www.sec.gov/Archives/edgar/data/320335/000093176399000710/0000931763-99-000710-index.htm",
    "finalLink": "https://www.sec.gov/Archives/edgar/data/320335/0000931763-99-000710.txt"
  },
  {
    "date": "1998-09-30",
    "symbol": "GL",
    "reportedCurrency": "USD",
    "cik": "0000320335",
    "fillingDate": "1998-11-13",
    "acceptedDate": "1998-11-13 00:00:00",
    "calendarYear": "1998",
    "period": "Q3",
    "revenue": 511271000,
    "costOfRevenue": 0,
    "grossProfit": 511271000,
    "grossProfitRatio": 1,
    "researchAndDevelopmentExpenses": 0,
    "generalAndAdministrativeExpenses": 0,
    "sellingAndMarketingExpenses": 0,
    "sellingGeneralAndAdministrativeExpenses": 0,
    "otherExpenses": -456212000,
    "operatingExpenses": -456212000,
    "costAndExpenses": 49420000,
    "interestIncome": 0,
    "interestExpense": 12981000,
    "depreciationAndAmortization": 0,
    "ebitda": 0,
    "ebitdaratio": 0,
    "operatingIncome": 143500000,
    "operatingIncomeRatio": 0.2806730677,
    "totalOtherIncomeExpensesNet": -143500000,
    "incomeBeforeTax": 128366000,
    "incomeBeforeTaxRatio": 0.2510723276,
    "incomeTaxExpense": 27532000,
    "netIncome": 14600000,
    "netIncomeRatio": 0.0285562842,
    "eps": 0.0443,
    "epsdiluted": 0.0443,
    "weightedAverageShsOut": 328500000,
    "weightedAverageShsOutDil": 328500000,
    "link": "https://www.sec.gov/Archives/edgar/data/320335/000093176398002930/0000931763-98-002930-index.htm",
    "finalLink": "https://www.sec.gov/Archives/edgar/data/320335/0000931763-98-002930.txt"
  },
  {
    "date": "1998-06-30",
    "symbol": "GL",
    "reportedCurrency": "USD",
    "cik": "0000320335",
    "fillingDate": "1998-08-14",
    "acceptedDate": "1998-08-14 00:00:00",
    "calendarYear": "1998",
    "period": "Q2",
    "revenue": 621981000,
    "costOfRevenue": 0,
    "grossProfit": 621981000,
    "grossProfitRatio": 1,
    "researchAndDevelopmentExpenses": 0,
    "generalAndAdministrativeExpenses": 0,
    "sellingAndMarketingExpenses": 0,
    "sellingGeneralAndAdministrativeExpenses": 0,
    "otherExpenses": -481606000,
    "operatingExpenses": -481606000,
    "costAndExpenses": 70454000,
    "interestIncome": 0,
    "interestExpense": 14472000,
    "depreciationAndAmortization": 0,
    "ebitda": 0,
    "ebitdaratio": 0,
    "operatingIncome": 164300000,
    "operatingIncomeRatio": 0.264155979,
    "totalOtherIncomeExpensesNet": -164300000,
    "incomeBeforeTax": 322992000,
    "incomeBeforeTaxRatio": 0.5192956055,
    "incomeTaxExpense": 62761000,
    "netIncome": 63100000,
    "netIncomeRatio": 0.1014500443,
    "eps": 0.2,
    "epsdiluted": 0.2,
    "weightedAverageShsOut": 315500000,
    "weightedAverageShsOutDil": 315500000,
    "link": "https://www.sec.gov/Archives/edgar/data/320335/000093176398002154/0000931763-98-002154-index.htm",
    "finalLink": "https://www.sec.gov/Archives/edgar/data/320335/0000931763-98-002154.txt"
  },
  {
    "date": "1998-03-31",
    "symbol": "GL",
    "reportedCurrency": "USD",
    "cik": "0000320335",
    "fillingDate": "1998-05-13",
    "acceptedDate": "1998-05-13 00:00:00",
    "calendarYear": "1998",
    "period": "Q1",
    "revenue": 605762000,
    "costOfRevenue": 0,
    "grossProfit": 605762000,
    "grossProfitRatio": 1,
    "researchAndDevelopmentExpenses": 0,
    "generalAndAdministrativeExpenses": 0,
    "sellingAndMarketingExpenses": 0,
    "sellingGeneralAndAdministrativeExpenses": 0,
    "otherExpenses": -442015000,
    "operatingExpenses": -442015000,
    "costAndExpenses": 54273000,
    "interestIncome": 0,
    "interestExpense": 18338000,
    "depreciationAndAmortization": 0,
    "ebitda": 0,
    "ebitdaratio": 0,
    "operatingIncome": 182500000,
    "operatingIncomeRatio": 0.3012734374,
    "totalOtherIncomeExpensesNet": -182500000,
    "incomeBeforeTax": 336492000,
    "incomeBeforeTaxRatio": 0.5554854877,
    "incomeTaxExpense": 52491000,
    "netIncome": 92900000,
    "netIncomeRatio": 0.1533605607,
    "eps": 0.29,
    "epsdiluted": 0.29,
    "weightedAverageShsOut": 316704545,
    "weightedAverageShsOutDil": 316704545,
    "link": "https://www.sec.gov/Archives/edgar/data/320335/000093176398001313/0000931763-98-001313-index.htm",
    "finalLink": "https://www.sec.gov/Archives/edgar/data/320335/0000931763-98-001313.txt"
  },
  {
    "date": "1997-12-31",
    "symbol": "GL",
    "reportedCurrency": "USD",
    "cik": "0000320335",
    "fillingDate": "1998-07-02",
    "acceptedDate": "1998-07-02 00:00:00",
    "calendarYear": "1997",
    "period": "Q4",
    "revenue": 574939000,
    "costOfRevenue": 0,
    "grossProfit": 574939000,
    "grossProfitRatio": 1,
    "researchAndDevelopmentExpenses": 0,
    "generalAndAdministrativeExpenses": 0,
    "sellingAndMarketingExpenses": 0,
    "sellingGeneralAndAdministrativeExpenses": 0,
    "otherExpenses": -421216000,
    "operatingExpenses": -421216000,
    "costAndExpenses": 1614676000,
    "interestIncome": 0,
    "interestExpense": 18319000,
    "depreciationAndAmortization": 0,
    "ebitda": 0,
    "ebitdaratio": 0,
    "operatingIncome": -1039737000,
    "operatingIncomeRatio": -1.8084301117,
    "totalOtherIncomeExpensesNet": 1549131000,
    "incomeBeforeTax": 509394000,
    "incomeBeforeTaxRatio": 0.8859966014,
    "incomeTaxExpense": 42553000,
    "netIncome": 92851000,
    "netIncomeRatio": 0.1614971327,
    "eps": 0.3,
    "epsdiluted": 0.3,
    "weightedAverageShsOut": 311495131,
    "weightedAverageShsOutDil": 311569922,
    "link": "https://www.sec.gov/Archives/edgar/data/320335/000093176398001751/0000931763-98-001751-index.html",
    "finalLink": "https://www.sec.gov/Archives/edgar/data/320335/"
  },
  {
    "date": "1997-09-30",
    "symbol": "GL",
    "reportedCurrency": "USD",
    "cik": "0000320335",
    "fillingDate": "1997-11-13",
    "acceptedDate": "1997-11-13 00:00:00",
    "calendarYear": "1997",
    "period": "Q3",
    "revenue": 588560000,
    "costOfRevenue": 0,
    "grossProfit": 588560000,
    "grossProfitRatio": 1,
    "researchAndDevelopmentExpenses": 0,
    "generalAndAdministrativeExpenses": 0,
    "sellingAndMarketingExpenses": 0,
    "sellingGeneralAndAdministrativeExpenses": 0,
    "otherExpenses": -427143000,
    "operatingExpenses": -427143000,
    "costAndExpenses": 51706000,
    "interestIncome": 0,
    "interestExpense": 17385000,
    "depreciationAndAmortization": 0,
    "ebitda": 0,
    "ebitdaratio": 0,
    "operatingIncome": 197800000,
    "operatingIncomeRatio": 0.3360744869,
    "totalOtherIncomeExpensesNet": -197800000,
    "incomeBeforeTax": 329750000,
    "incomeBeforeTaxRatio": 0.5602657333,
    "incomeTaxExpense": 51058000,
    "netIncome": 93000000,
    "netIncomeRatio": 0.1580127769,
    "eps": 0.3,
    "epsdiluted": 0.29,
    "weightedAverageShsOut": 312313433,
    "weightedAverageShsOutDil": 317045455,
    "link": "https://www.sec.gov/Archives/edgar/data/320335/000093176397001935/0000931763-97-001935-index.html",
    "finalLink": "https://www.sec.gov/Archives/edgar/data/320335/"
  },
  {
    "date": "1997-06-30",
    "symbol": "GL",
    "reportedCurrency": "USD",
    "cik": "0000320335",
    "fillingDate": "1997-08-14",
    "acceptedDate": "1997-08-14 00:00:00",
    "calendarYear": "1997",
    "period": "Q2",
    "revenue": 558399000,
    "costOfRevenue": 0,
    "grossProfit": 558399000,
    "grossProfitRatio": 1,
    "researchAndDevelopmentExpenses": 0,
    "generalAndAdministrativeExpenses": 0,
    "sellingAndMarketingExpenses": 0,
    "sellingGeneralAndAdministrativeExpenses": 0,
    "otherExpenses": -424101000,
    "operatingExpenses": -424101000,
    "costAndExpenses": 52818000,
    "interestIncome": 0,
    "interestExpense": 18285000,
    "depreciationAndAmortization": 0,
    "ebitda": 0,
    "ebitdaratio": 0,
    "operatingIncome": 505581000,
    "operatingIncomeRatio": 0.9054117217,
    "totalOtherIncomeExpensesNet": -505581000,
    "incomeBeforeTax": 272810000,
    "incomeBeforeTaxRatio": 0.4885574652,
    "incomeTaxExpense": 41423000,
    "netIncome": 74590000,
    "netIncomeRatio": 0.1335783194,
    "eps": 0.24,
    "epsdiluted": 0.24,
    "weightedAverageShsOut": 312048846,
    "weightedAverageShsOutDil": 313081870,
    "link": "https://www.sec.gov/Archives/edgar/data/320335/000093176397001386/0000931763-97-001386-index.html",
    "finalLink": "https://www.sec.gov/Archives/edgar/data/320335/"
  },
  {
    "date": "1997-03-31",
    "symbol": "GL",
    "reportedCurrency": "USD",
    "cik": "0000320335",
    "fillingDate": "1997-05-14",
    "acceptedDate": "1997-05-14 00:00:00",
    "calendarYear": "1997",
    "period": "Q1",
    "revenue": 560552000,
    "costOfRevenue": 0,
    "grossProfit": 560552000,
    "grossProfitRatio": 1,
    "researchAndDevelopmentExpenses": 0,
    "generalAndAdministrativeExpenses": 0,
    "sellingAndMarketingExpenses": 0,
    "sellingGeneralAndAdministrativeExpenses": 0,
    "otherExpenses": -421894000,
    "operatingExpenses": -421894000,
    "costAndExpenses": 53856000,
    "interestIncome": 0,
    "interestExpense": 17874000,
    "depreciationAndAmortization": 0,
    "ebitda": 0,
    "ebitdaratio": 0,
    "operatingIncome": 506696000,
    "operatingIncomeRatio": 0.9039232756,
    "totalOtherIncomeExpensesNet": -506696000,
    "incomeBeforeTax": 283520000,
    "incomeBeforeTaxRatio": 0.5057871527,
    "incomeTaxExpense": 43456000,
    "netIncome": 77328000,
    "netIncomeRatio": 0.1379497353,
    "eps": 0.25,
    "epsdiluted": 0.25,
    "weightedAverageShsOut": 314126374,
    "weightedAverageShsOutDil": 314126374,
    "link": "https://www.sec.gov/Archives/edgar/data/320335/000093176397000836/0000931763-97-000836-index.html",
    "finalLink": "https://www.sec.gov/Archives/edgar/data/320335/"
  },
  {
    "date": "1996-12-31",
    "symbol": "GL",
    "reportedCurrency": "USD",
    "cik": "0000320335",
    "fillingDate": "1997-03-25",
    "acceptedDate": "1997-03-25 00:00:00",
    "calendarYear": "1996",
    "period": "Q4",
    "revenue": 541565000,
    "costOfRevenue": 0,
    "grossProfit": 541565000,
    "grossProfitRatio": 1,
    "researchAndDevelopmentExpenses": 0,
    "generalAndAdministrativeExpenses": 0,
    "sellingAndMarketingExpenses": 0,
    "sellingGeneralAndAdministrativeExpenses": 0,
    "otherExpenses": -395508000,
    "operatingExpenses": -395508000,
    "costAndExpenses": 1548758000,
    "interestIncome": 0,
    "interestExpense": 18125000,
    "depreciationAndAmortization": 0,
    "ebitda": 0,
    "ebitdaratio": 0,
    "operatingIncome": -1007193000,
    "operatingIncomeRatio": -1.8597822976,
    "totalOtherIncomeExpensesNet": 1502325000,
    "incomeBeforeTax": 495132000,
    "incomeBeforeTaxRatio": 0.914261446,
    "incomeTaxExpense": 45566000,
    "netIncome": 82366000,
    "netIncomeRatio": 0.1520888536,
    "eps": 0.26,
    "epsdiluted": 0.26,
    "weightedAverageShsOut": 316048441,
    "weightedAverageShsOutDil": 320914678,
    "link": "https://www.sec.gov/Archives/edgar/data/320335/000095010997002410/0000950109-97-002410-index.htm",
    "finalLink": "https://www.sec.gov/Archives/edgar/data/320335/0000950109-97-002410.txt"
  },
  {
    "date": "1996-09-30",
    "symbol": "GL",
    "reportedCurrency": "USD",
    "cik": "0000320335",
    "fillingDate": "1996-11-14",
    "acceptedDate": "1996-11-14 00:00:00",
    "calendarYear": "1996",
    "period": "Q3",
    "revenue": 554739000,
    "costOfRevenue": 0,
    "grossProfit": 554739000,
    "grossProfitRatio": 1,
    "researchAndDevelopmentExpenses": 0,
    "generalAndAdministrativeExpenses": 0,
    "sellingAndMarketingExpenses": 0,
    "sellingGeneralAndAdministrativeExpenses": 0,
    "otherExpenses": -417409000,
    "operatingExpenses": -417409000,
    "costAndExpenses": 52555000,
    "interestIncome": 0,
    "interestExpense": 17655000,
    "depreciationAndAmortization": 0,
    "ebitda": 0,
    "ebitdaratio": 0,
    "operatingIncome": 502184000,
    "operatingIncomeRatio": 0.9052617537,
    "totalOtherIncomeExpensesNet": -502184000,
    "incomeBeforeTax": 289484000,
    "incomeBeforeTaxRatio": 0.5218381978,
    "incomeTaxExpense": 45982000,
    "netIncome": 73693000,
    "netIncomeRatio": 0.1328426521,
    "eps": 0.23,
    "epsdiluted": 0.23,
    "weightedAverageShsOut": 320914678,
    "weightedAverageShsOutDil": 320914678,
    "link": "https://www.sec.gov/Archives/edgar/data/320335/000032033596000016/0000320335-96-000016-index.html",
    "finalLink": "https://www.sec.gov/Archives/edgar/data/320335/"
  },
  {
    "date": "1996-06-30",
    "symbol": "GL",
    "reportedCurrency": "USD",
    "cik": "0000320335",
    "fillingDate": "1996-08-14",
    "acceptedDate": "1996-08-14 00:00:00",
    "calendarYear": "1996",
    "period": "Q2",
    "revenue": 555643000,
    "costOfRevenue": 0,
    "grossProfit": 555643000,
    "grossProfitRatio": 1,
    "researchAndDevelopmentExpenses": 0,
    "generalAndAdministrativeExpenses": 0,
    "sellingAndMarketingExpenses": 0,
    "sellingGeneralAndAdministrativeExpenses": 0,
    "otherExpenses": -412986000,
    "operatingExpenses": -412986000,
    "costAndExpenses": 53709000,
    "interestIncome": 0,
    "interestExpense": 18187000,
    "depreciationAndAmortization": 0,
    "ebitda": 0,
    "ebitdaratio": 0,
    "operatingIncome": 501934000,
    "operatingIncomeRatio": 0.9033390144,
    "totalOtherIncomeExpensesNet": -501934000,
    "incomeBeforeTax": 294766000,
    "incomeBeforeTaxRatio": 0.5304953,
    "incomeTaxExpense": 45431000,
    "netIncome": 79039000,
    "netIncomeRatio": 0.1422478102,
    "eps": 0.24,
    "epsdiluted": 0.24,
    "weightedAverageShsOut": 322872147,
    "weightedAverageShsOutDil": 322872147,
    "link": "https://www.sec.gov/Archives/edgar/data/320335/000032033596000012/0000320335-96-000012-index.htm",
    "finalLink": "https://www.sec.gov/Archives/edgar/data/320335/0000320335-96-000012.txt"
  },
  {
    "date": "1996-03-31",
    "symbol": "GL",
    "reportedCurrency": "USD",
    "cik": "0000320335",
    "fillingDate": "1996-05-15",
    "acceptedDate": "1996-05-15 00:00:00",
    "calendarYear": "1996",
    "period": "Q1",
    "revenue": 553863000,
    "costOfRevenue": 0,
    "grossProfit": 553863000,
    "grossProfitRatio": 1,
    "researchAndDevelopmentExpenses": 0,
    "generalAndAdministrativeExpenses": 0,
    "sellingAndMarketingExpenses": 0,
    "sellingGeneralAndAdministrativeExpenses": 0,
    "otherExpenses": -414302000,
    "operatingExpenses": -414302000,
    "costAndExpenses": 55656000,
    "interestIncome": 0,
    "interestExpense": 19644000,
    "depreciationAndAmortization": 0,
    "ebitda": 0,
    "ebitdaratio": 0,
    "operatingIncome": 498207000,
    "operatingIncomeRatio": 0.8995130565,
    "totalOtherIncomeExpensesNet": -498207000,
    "incomeBeforeTax": 291236000,
    "incomeBeforeTaxRatio": 0.5258267839,
    "incomeTaxExpense": 43643000,
    "netIncome": 76274000,
    "netIncomeRatio": 0.1377127557,
    "eps": 0.24,
    "epsdiluted": 0.24,
    "weightedAverageShsOut": 322717585,
    "weightedAverageShsOutDil": 322717585,
    "link": "https://www.sec.gov/Archives/edgar/data/320335/000032033596000008/0000320335-96-000008-index.htm",
    "finalLink": "https://www.sec.gov/Archives/edgar/data/320335/0000320335-96-000008.txt"
  },
  {
    "date": "1995-12-31",
    "symbol": "GL",
    "reportedCurrency": "USD",
    "cik": "0000320335",
    "fillingDate": "1996-03-26",
    "acceptedDate": "1996-03-26 00:00:00",
    "calendarYear": "1995",
    "period": "Q4",
    "revenue": 490382000,
    "costOfRevenue": 0,
    "grossProfit": 490382000,
    "grossProfitRatio": 1,
    "researchAndDevelopmentExpenses": 0,
    "generalAndAdministrativeExpenses": 0,
    "sellingAndMarketingExpenses": 0,
    "sellingGeneralAndAdministrativeExpenses": 0,
    "otherExpenses": -474614000,
    "operatingExpenses": -474614000,
    "costAndExpenses": 1467707000,
    "interestIncome": 0,
    "interestExpense": 18694000,
    "depreciationAndAmortization": 0,
    "ebitda": 0,
    "ebitdaratio": 0,
    "operatingIncome": -977325000,
    "operatingIncomeRatio": -1.9929870999,
    "totalOtherIncomeExpensesNet": 1405500000,
    "incomeBeforeTax": 428175000,
    "incomeBeforeTaxRatio": 0.8731458332,
    "incomeTaxExpense": 53439000,
    "netIncome": -56365000,
    "netIncomeRatio": -0.1149410052,
    "eps": -0.17,
    "epsdiluted": -0.17,
    "weightedAverageShsOut": 322221244,
    "weightedAverageShsOutDil": 322221244,
    "link": "https://www.sec.gov/Archives/edgar/data/320335/000093176396000091/0000931763-96-000091-index.htm",
    "finalLink": "https://www.sec.gov/Archives/edgar/data/320335/0000931763-96-000091.txt"
  },
  {
    "date": "1995-09-30",
    "symbol": "GL",
    "reportedCurrency": "USD",
    "cik": "0000320335",
    "fillingDate": "1995-11-14",
    "acceptedDate": "1995-11-14 00:00:00",
    "calendarYear": "1995",
    "period": "Q3",
    "revenue": 514400000,
    "costOfRevenue": 0,
    "grossProfit": 514400000,
    "grossProfitRatio": 1,
    "researchAndDevelopmentExpenses": 0,
    "generalAndAdministrativeExpenses": 0,
    "sellingAndMarketingExpenses": 0,
    "sellingGeneralAndAdministrativeExpenses": 0,
    "otherExpenses": -400800000,
    "operatingExpenses": -400800000,
    "costAndExpenses": 55000000,
    "interestIncome": 0,
    "interestExpense": 19900000,
    "depreciationAndAmortization": 0,
    "ebitda": 0,
    "ebitdaratio": 0,
    "operatingIncome": 459400000,
    "operatingIncomeRatio": 0.8930793157,
    "totalOtherIncomeExpensesNet": -459400000,
    "incomeBeforeTax": 244000000,
    "incomeBeforeTaxRatio": 0.4743390358,
    "incomeTaxExpense": 32800000,
    "netIncome": 60900000,
    "netIncomeRatio": 0.1183903577,
    "eps": 0.19,
    "epsdiluted": 0.19,
    "weightedAverageShsOut": 322221244,
    "weightedAverageShsOutDil": 322221244,
    "link": "https://www.sec.gov/Archives/edgar/data/320335/000032033595000008/0000320335-95-000008-index.htm",
    "finalLink": "https://www.sec.gov/Archives/edgar/data/320335/0000320335-95-000008.txt"
  }
]