[
  {
    "date": "2024-12-31",
    "symbol": "GL",
    "reportedCurrency": "USD",
    "cik": "0000320335",
    "fillingDate": "2025-02-26",
    "acceptedDate": "2025-02-26 17:16:57",
    "calendarYear": "2024",
    "period": "FY",
    "revenue": 5778069000,
    "costOfRevenue": 3304444000,
    "grossProfit": 2473625000,
    "grossProfitRatio": 0.4281058257,
    "researchAndDevelopmentExpenses": 0,
    "generalAndAdministrativeExpenses": 382548000,
    "sellingAndMarketingExpenses": 0,
    "sellingGeneralAndAdministrativeExpenses": 382548000,
    "otherExpenses": 764440000,
    "operatingExpenses": 1146988000,
    "costAndExpenses": 4269667000,
    "interestIncome": 0,
    "interestExpense": 127092000,
    "depreciationAndAmortization": 0,
    "ebitda": 1453729000,
    "ebitdaratio": 0.251594261,
    "operatingIncome": 1508402000,
    "operatingIncomeRatio": 0.2610564187,
    "totalOtherIncomeExpensesNet": -181765000,
    "incomeBeforeTax": 1326637000,
    "incomeBeforeTaxRatio": 0.2295986773,
    "incomeTaxExpense": 255875000,
    "netIncome": 1070762000,
    "netIncomeRatio": 0.1853148517,
    "eps": 11.99,
    "epsdiluted": 11.94,
    "weightedAverageShsOut": 83946000,
    "weightedAverageShsOutDil": 84749000,
    "link": "https://www.sec.gov/Archives/edgar/data/320335/000032033525000013/0000320335-25-000013-index.htm",
    "finalLink": "https://www.sec.gov/Archives/edgar/data/320335/000032033525000013/gl-20241231.htm"
  },
  {
    "date": "2023-12-31",
    "symbol": "GL",
    "reportedCurrency": "USD",
    "cik": "0000320335",
    "fillingDate": "2024-02-28",
    "acceptedDate": "2024-02-28 17:17:26",
    "calendarYear": "2023",
    "period": "FY",
    "revenue": 5447533000,
    "costOfRevenue": 347833000,
    "grossProfit": 5099700000,
    "grossProfitRatio": 0.9361485282,
    "researchAndDevelopmentExpenses": 0,
    "generalAndAdministrativeExpenses": 331897000,
    "sellingAndMarketingExpenses": 0,
    "sellingGeneralAndAdministrativeExpenses": 331897000,
    "otherExpenses": 5115636000,
    "operatingExpenses": 5447533000,
    "costAndExpenses": 5447533000,
    "interestIncome": 0,
    "interestExpense": 102316000,
    "depreciationAndAmortization": 0,
    "ebitda": 1296582000,
    "ebitdaratio": 0.2380126931,
    "operatingIncome": 1316987000,
    "operatingIncomeRatio": 0.2417584253,
    "totalOtherIncomeExpensesNet": -122721000,
    "incomeBeforeTax": 1194266000,
    "incomeBeforeTaxRatio": 0.2192306132,
    "incomeTaxExpense": 223511000,
    "netIncome": 970755000,
    "netIncomeRatio": 0.178200848,
    "eps": 10.21,
    "epsdiluted": 10.07,
    "weightedAverageShsOut": 95078844,
    "weightedAverageShsOutDil": 96363841,
    "link": "https://www.sec.gov/Archives/edgar/data/320335/000032033524000006/0000320335-24-000006-index.htm",
    "finalLink": "https://www.sec.gov/Archives/edgar/data/320335/000032033524000006/gl-20231231.htm"
  },
  {
    "date": "2022-12-31",
    "symbol": "GL",
    "reportedCurrency": "USD",
    "cik": "0000320335",
    "fillingDate": "2023-02-23",
    "acceptedDate": "2023-02-23 16:57:58",
    "calendarYear": "2022",
    "period": "FY",
    "revenue": 5214906000,
    "costOfRevenue": 353954000,
    "grossProfit": 4860952000,
    "grossProfitRatio": 0.9321264851,
    "researchAndDevelopmentExpenses": 0,
    "generalAndAdministrativeExpenses": 35650000,
    "sellingAndMarketingExpenses": 9400000,
    "sellingGeneralAndAdministrativeExpenses": 45050000,
    "otherExpenses": -4199237000,
    "operatingExpenses": -3864246000,
    "costAndExpenses": 4308595000,
    "interestIncome": 0,
    "interestExpense": 90395000,
    "depreciationAndAmortization": 0,
    "ebitda": 1192506000,
    "ebitdaratio": 0.2286725782,
    "operatingIncome": 1212369000,
    "operatingIncomeRatio": 0.2324814675,
    "totalOtherIncomeExpensesNet": -110258000,
    "incomeBeforeTax": 1102111000,
    "incomeBeforeTaxRatio": 0.2113386128,
    "incomeTaxExpense": 207725000,
    "netIncome": 894386000,
    "netIncomeRatio": 0.1715056801,
    "eps": 7.55,
    "epsdiluted": 7.47,
    "weightedAverageShsOut": 97927770,
    "weightedAverageShsOutDil": 98984644,
    "link": "https://www.sec.gov/Archives/edgar/data/320335/000032033523000008/0000320335-23-000008-index.htm",
    "finalLink": "https://www.sec.gov/Archives/edgar/data/320335/000032033523000008/gl-20221231.htm"
  },
  {
    "date": "2021-12-31",
    "symbol": "GL",
    "reportedCurrency": "USD",
    "cik": "0000320335",
    "fillingDate": "2022-02-24",
    "acceptedDate": "2022-02-24 15:56:49",
    "calendarYear": "2021",
    "period": "FY",
    "revenue": 5112869000,
    "costOfRevenue": 322029000,
    "grossProfit": 4790840000,
    "grossProfitRatio": 0.9370159885,
    "researchAndDevelopmentExpenses": 0,
    "generalAndAdministrativeExpenses": 30272000,
    "sellingAndMarketingExpenses": 10000000,
    "sellingGeneralAndAdministrativeExpenses": 40272000,
    "otherExpenses": -4503598000,
    "operatingExpenses": -4201695000,
    "costAndExpenses": 4200479000,
    "interestIncome": 0,
    "interestExpense": 83486000,
    "depreciationAndAmortization": 0,
    "ebitda": 1358097000,
    "ebitdaratio": 0.2656232734,
    "operatingIncome": 1358097000,
    "operatingIncomeRatio": 0.2656232734,
    "totalOtherIncomeExpensesNet": -83486000,
    "incomeBeforeTax": 1274611000,
    "incomeBeforeTaxRatio": 0.2492946719,
    "incomeTaxExpense": 243497000,
    "netIncome": 1031114000,
    "netIncomeRatio": 0.2016703342,
    "eps": 7.3,
    "epsdiluted": 7.22,
    "weightedAverageShsOut": 102069781,
    "weightedAverageShsOutDil": 103170132,
    "link": "https://www.sec.gov/Archives/edgar/data/320335/000032033522000006/0000320335-22-000006-index.htm",
    "finalLink": "https://www.sec.gov/Archives/edgar/data/320335/000032033522000006/gl-20211231.htm"
  },
  {
    "date": "2020-12-31",
    "symbol": "GL",
    "reportedCurrency": "USD",
    "cik": "0000320335",
    "fillingDate": "2021-02-25",
    "acceptedDate": "2021-02-25 16:45:08",
    "calendarYear": "2020",
    "period": "FY",
    "revenue": 4737921000,
    "costOfRevenue": 301038000,
    "grossProfit": 4436883000,
    "grossProfitRatio": 0.9364620052,
    "researchAndDevelopmentExpenses": 0,
    "generalAndAdministrativeExpenses": 35892000,
    "sellingAndMarketingExpenses": 9800000,
    "sellingGeneralAndAdministrativeExpenses": 45692000,
    "otherExpenses": -4129401000,
    "operatingExpenses": -3842562000,
    "costAndExpenses": 3841237000,
    "interestIncome": 0,
    "interestExpense": 86704000,
    "depreciationAndAmortization": 0,
    "ebitda": 983388000,
    "ebitdaratio": 0.2075568588,
    "operatingIncome": 997919000,
    "operatingIncomeRatio": 0.2106238158,
    "totalOtherIncomeExpensesNet": -101235000,
    "incomeBeforeTax": 896684000,
    "incomeBeforeTaxRatio": 0.1892568492,
    "incomeTaxExpense": 164911000,
    "netIncome": 731773000,
    "netIncomeRatio": 0.1544502325,
    "eps": 6.9,
    "epsdiluted": 6.82,
    "weightedAverageShsOut": 106075267,
    "weightedAverageShsOutDil": 107224594,
    "link": "https://www.sec.gov/Archives/edgar/data/320335/000032033521000010/0000320335-21-000010-index.htm",
    "finalLink": "https://www.sec.gov/Archives/edgar/data/320335/000032033521000010/gl-20201231.htm"
  },
  {
    "date": "2019-12-31",
    "symbol": "GL",
    "reportedCurrency": "USD",
    "cik": "0000320335",
    "fillingDate": "2020-02-27",
    "acceptedDate": "2020-02-27 16:12:53",
    "calendarYear": "2019",
    "period": "FY",
    "revenue": 4527532000,
    "costOfRevenue": 304825000,
    "grossProfit": 4222707000,
    "grossProfitRatio": 0.9326730325,
    "researchAndDevelopmentExpenses": 0,
    "generalAndAdministrativeExpenses": 44843000,
    "sellingAndMarketingExpenses": 9500000,
    "sellingGeneralAndAdministrativeExpenses": 54343000,
    "otherExpenses": -3902488000,
    "operatingExpenses": -3597663000,
    "costAndExpenses": 3596253000,
    "interestIncome": 0,
    "interestExpense": 84306000,
    "depreciationAndAmortization": 0,
    "ebitda": 1015585000,
    "ebitdaratio": 0.2243131578,
    "operatingIncome": 1034229000,
    "operatingIncomeRatio": 0.2284310746,
    "totalOtherIncomeExpensesNet": -102950000,
    "incomeBeforeTax": 931279000,
    "incomeBeforeTaxRatio": 0.205692417,
    "incomeTaxExpense": 170397000,
    "netIncome": 760790000,
    "netIncomeRatio": 0.1680363606,
    "eps": 6.97,
    "epsdiluted": 6.83,
    "weightedAverageShsOut": 109152080,
    "weightedAverageShsOutDil": 111381000,
    "link": "https://www.sec.gov/Archives/edgar/data/320335/000032033520000008/0000320335-20-000008-index.htm",
    "finalLink": "https://www.sec.gov/Archives/edgar/data/320335/000032033520000008/gl-20191231.htm"
  },
  {
    "date": "2018-12-31",
    "symbol": "GL",
    "reportedCurrency": "USD",
    "cik": "0000320335",
    "fillingDate": "2019-03-01",
    "acceptedDate": "2019-02-28 18:04:51",
    "calendarYear": "2018",
    "period": "FY",
    "revenue": 4304000000,
    "costOfRevenue": 279585000,
    "grossProfit": 4024415000,
    "grossProfitRatio": 0.9350406599,
    "researchAndDevelopmentExpenses": 0,
    "generalAndAdministrativeExpenses": 267323000,
    "sellingAndMarketingExpenses": 0,
    "sellingGeneralAndAdministrativeExpenses": 267323000,
    "otherExpenses": 3082677000,
    "operatingExpenses": 3350000000,
    "costAndExpenses": 3440000000,
    "interestIncome": 0,
    "interestExpense": 90000000,
    "depreciationAndAmortization": 0,
    "ebitda": 953747000,
    "ebitdaratio": 0.2215954926,
    "operatingIncome": 962934000,
    "operatingIncomeRatio": 0.2237300186,
    "totalOtherIncomeExpensesNet": -99263000,
    "incomeBeforeTax": 863671000,
    "incomeBeforeTaxRatio": 0.2006670539,
    "incomeTaxExpense": 162161000,
    "netIncome": 701000000,
    "netIncomeRatio": 0.1628717472,
    "eps": 6.22,
    "epsdiluted": 6.08,
    "weightedAverageShsOut": 112700965,
    "weightedAverageShsOutDil": 115249000,
    "link": "https://www.sec.gov/Archives/edgar/data/320335/000032033519000006/0000320335-19-000006-index.htm",
    "finalLink": "https://www.sec.gov/Archives/edgar/data/320335/000032033519000006/tmk201810-kdocumentxq42018.htm"
  },
  {
    "date": "2017-12-31",
    "symbol": "GL",
    "reportedCurrency": "USD",
    "cik": "0000320335",
    "fillingDate": "2018-02-27",
    "acceptedDate": "2018-02-27 17:01:35",
    "calendarYear": "2017",
    "period": "FY",
    "revenue": 4156000000,
    "costOfRevenue": 257255000,
    "grossProfit": 3898745000,
    "grossProfitRatio": 0.9381003369,
    "researchAndDevelopmentExpenses": 0,
    "generalAndAdministrativeExpenses": 37034000,
    "sellingAndMarketingExpenses": 9300000,
    "sellingGeneralAndAdministrativeExpenses": 46334000,
    "otherExpenses": 2992376000,
    "operatingExpenses": 3240000000,
    "costAndExpenses": 3325000000,
    "interestIncome": 0,
    "interestExpense": 85000000,
    "depreciationAndAmortization": 0,
    "ebitda": 915180000,
    "ebitdaratio": 0.2202069297,
    "operatingIncome": 923932000,
    "operatingIncomeRatio": 0.2223128008,
    "totalOtherIncomeExpensesNet": -93284000,
    "incomeBeforeTax": 830648000,
    "incomeBeforeTaxRatio": 0.19986718,
    "incomeTaxExpense": -627615000,
    "netIncome": 1454000000,
    "netIncomeRatio": 0.3498556304,
    "eps": 12.5,
    "epsdiluted": 12.22,
    "weightedAverageShsOut": 116320000,
    "weightedAverageShsOutDil": 118983000,
    "link": "https://www.sec.gov/Archives/edgar/data/320335/000032033518000006/0000320335-18-000006-index.htm",
    "finalLink": "https://www.sec.gov/Archives/edgar/data/320335/000032033518000006/tmk201710-kdocument.htm"
  },
  {
    "date": "2016-12-31",
    "symbol": "GL",
    "reportedCurrency": "USD",
    "cik": "0000320335",
    "fillingDate": "2017-02-27",
    "acceptedDate": "2017-02-27 16:27:05",
    "calendarYear": "2016",
    "period": "FY",
    "revenue": 3934000000,
    "costOfRevenue": 232064000,
    "grossProfit": 3701936000,
    "grossProfitRatio": 0.9410106762,
    "researchAndDevelopmentExpenses": 0,
    "generalAndAdministrativeExpenses": 26326000,
    "sellingAndMarketingExpenses": 9300000,
    "sellingGeneralAndAdministrativeExpenses": 35626000,
    "otherExpenses": 2856076000,
    "operatingExpenses": 3079000000,
    "costAndExpenses": 3162000000,
    "interestIncome": 0,
    "interestExpense": 83000000,
    "depreciationAndAmortization": 0,
    "ebitda": 855580000,
    "ebitdaratio": 0.2174834774,
    "operatingIncome": 863881000,
    "operatingIncomeRatio": 0.2195935435,
    "totalOtherIncomeExpensesNet": -91646000,
    "incomeBeforeTax": 772235000,
    "incomeBeforeTaxRatio": 0.1962976614,
    "incomeTaxExpense": 232645000,
    "netIncome": 550000000,
    "netIncomeRatio": 0.1398068124,
    "eps": 4.58,
    "epsdiluted": 4.49,
    "weightedAverageShsOut": 120087336,
    "weightedAverageShsOutDil": 122368000,
    "link": "https://www.sec.gov/Archives/edgar/data/320335/000032033517000010/0000320335-17-000010-index.htm",
    "finalLink": "https://www.sec.gov/Archives/edgar/data/320335/000032033517000010/tmk201610-kdocumentq4.htm"
  },
  {
    "date": "2015-12-31",
    "symbol": "GL",
    "reportedCurrency": "USD",
    "cik": "0000320335",
    "fillingDate": "2016-02-26",
    "acceptedDate": "2016-02-26 16:43:01",
    "calendarYear": "2015",
    "period": "FY",
    "revenue": 3766065000,
    "costOfRevenue": 223858000,
    "grossProfit": 3542207000,
    "grossProfitRatio": 0.9405591778,
    "researchAndDevelopmentExpenses": 0,
    "generalAndAdministrativeExpenses": 28664000,
    "sellingAndMarketingExpenses": 9700000,
    "sellingGeneralAndAdministrativeExpenses": 38364000,
    "otherExpenses": 2708145000,
    "operatingExpenses": 2923000000,
    "costAndExpenses": 2999878000,
    "interestIncome": 0,
    "interestExpense": 76642000,
    "depreciationAndAmortization": 0,
    "ebitda": 842829000,
    "ebitdaratio": 0.2237956594,
    "operatingIncome": 850074000,
    "operatingIncomeRatio": 0.225719418,
    "totalOtherIncomeExpensesNet": -83887000,
    "incomeBeforeTax": 766187000,
    "incomeBeforeTaxRatio": 0.2034449751,
    "incomeTaxExpense": 249894000,
    "netIncome": 527100000,
    "netIncomeRatio": 0.1399604096,
    "eps": 4.21,
    "epsdiluted": 4.16,
    "weightedAverageShsOut": 125094628,
    "weightedAverageShsOutDil": 126757235,
    "link": "https://www.sec.gov/Archives/edgar/data/320335/000032033516000059/0000320335-16-000059-index.htm",
    "finalLink": "https://www.sec.gov/Archives/edgar/data/320335/000032033516000059/tmk201510-k.htm"
  },
  {
    "date": "2014-12-31",
    "symbol": "GL",
    "reportedCurrency": "USD",
    "cik": "0000320335",
    "fillingDate": "2015-02-27",
    "acceptedDate": "2015-02-27 15:32:32",
    "calendarYear": "2014",
    "period": "FY",
    "revenue": 3964554000,
    "costOfRevenue": 222654000,
    "grossProfit": 3741900000,
    "grossProfitRatio": 0.9438388278,
    "researchAndDevelopmentExpenses": 0,
    "generalAndAdministrativeExpenses": 32203000,
    "sellingAndMarketingExpenses": 8000000,
    "sellingGeneralAndAdministrativeExpenses": 40203000,
    "otherExpenses": 2546842000,
    "operatingExpenses": 2759000000,
    "costAndExpenses": 3186086000,
    "interestIncome": 0,
    "interestExpense": 76126000,
    "depreciationAndAmortization": 0,
    "ebitda": 860803000,
    "ebitdaratio": 0.2171248014,
    "operatingIncome": 873105000,
    "operatingIncomeRatio": 0.2202277986,
    "totalOtherIncomeExpensesNet": -88428000,
    "incomeBeforeTax": 784677000,
    "incomeBeforeTaxRatio": 0.197923146,
    "incomeTaxExpense": 256603000,
    "netIncome": 542939000,
    "netIncomeRatio": 0.1369483175,
    "eps": 4.15,
    "epsdiluted": 4.09,
    "weightedAverageShsOut": 130721738,
    "weightedAverageShsOutDil": 132640244,
    "link": "https://www.sec.gov/Archives/edgar/data/320335/000119312515069449/0001193125-15-069449-index.htm",
    "finalLink": "https://www.sec.gov/Archives/edgar/data/320335/000119312515069449/d820030d10k.htm"
  },
  {
    "date": "2013-12-31",
    "symbol": "GL",
    "reportedCurrency": "USD",
    "cik": "0000320335",
    "fillingDate": "2014-02-28",
    "acceptedDate": "2014-02-28 15:01:35",
    "calendarYear": "2013",
    "period": "FY",
    "revenue": 3771938000,
    "costOfRevenue": 214690000,
    "grossProfit": 3557248000,
    "grossProfitRatio": 0.9430823094,
    "researchAndDevelopmentExpenses": 0,
    "generalAndAdministrativeExpenses": 25642000,
    "sellingAndMarketingExpenses": 6000000,
    "sellingGeneralAndAdministrativeExpenses": 31642000,
    "otherExpenses": 2453460000,
    "operatingExpenses": 2658000000,
    "costAndExpenses": 3008812000,
    "interestIncome": 0,
    "interestExpense": 80461000,
    "depreciationAndAmortization": 0,
    "ebitda": 843587000,
    "ebitdaratio": 0.2236481618,
    "operatingIncome": 844087000,
    "operatingIncomeRatio": 0.2237807196,
    "totalOtherIncomeExpensesNet": -80961000,
    "incomeBeforeTax": 763126000,
    "incomeBeforeTaxRatio": 0.2023166871,
    "incomeTaxExpense": 234654000,
    "netIncome": 528472000,
    "netIncomeRatio": 0.1401062266,
    "eps": 3.84,
    "epsdiluted": 3.79,
    "weightedAverageShsOut": 137646885,
    "weightedAverageShsOutDil": 139563785,
    "link": "https://www.sec.gov/Archives/edgar/data/320335/000119312514076801/0001193125-14-076801-index.htm",
    "finalLink": "https://www.sec.gov/Archives/edgar/data/320335/000119312514076801/d622095d10k.htm"
  },
  {
    "date": "2012-12-31",
    "symbol": "GL",
    "reportedCurrency": "USD",
    "cik": "0000320335",
    "fillingDate": "2013-02-28",
    "acceptedDate": "2013-02-28 16:22:20",
    "calendarYear": "2012",
    "period": "FY",
    "revenue": 3589516000,
    "costOfRevenue": 198176000,
    "grossProfit": 3391340000,
    "grossProfitRatio": 0.9447903283,
    "researchAndDevelopmentExpenses": 0,
    "generalAndAdministrativeExpenses": 187010000,
    "sellingAndMarketingExpenses": 0,
    "sellingGeneralAndAdministrativeExpenses": 187010000,
    "otherExpenses": 2555990000,
    "operatingExpenses": 2743000000,
    "costAndExpenses": 2823523000,
    "interestIncome": 0,
    "interestExpense": 80512000,
    "depreciationAndAmortization": 0,
    "ebitda": 846505000,
    "ebitdaratio": 0.2358270586,
    "operatingIncome": 846505000,
    "operatingIncomeRatio": 0.2358270586,
    "totalOtherIncomeExpensesNet": -80512000,
    "incomeBeforeTax": 765993000,
    "incomeBeforeTaxRatio": 0.2133972937,
    "incomeTaxExpense": 236669000,
    "netIncome": 529324000,
    "netIncomeRatio": 0.1474638921,
    "eps": 3.65,
    "epsdiluted": 3.6,
    "weightedAverageShsOut": 144921299,
    "weightedAverageShsOutDil": 146847582,
    "link": "https://www.sec.gov/Archives/edgar/data/320335/000119312513084290/0001193125-13-084290-index.htm",
    "finalLink": "https://www.sec.gov/Archives/edgar/data/320335/000119312513084290/d424244d10k.htm"
  },
  {
    "date": "2011-12-31",
    "symbol": "GL",
    "reportedCurrency": "USD",
    "cik": "0000320335",
    "fillingDate": "2012-02-28",
    "acceptedDate": "2012-02-28 15:43:56",
    "calendarYear": "2011",
    "period": "FY",
    "revenue": 3377401000,
    "costOfRevenue": 201636000,
    "grossProfit": 3175765000,
    "grossProfitRatio": 0.9402984721,
    "researchAndDevelopmentExpenses": 0,
    "generalAndAdministrativeExpenses": 0,
    "sellingAndMarketingExpenses": 124134000,
    "sellingGeneralAndAdministrativeExpenses": 124134000,
    "otherExpenses": 2451866000,
    "operatingExpenses": 2576000000,
    "costAndExpenses": 2621735000,
    "interestIncome": 0,
    "interestExpense": 77908000,
    "depreciationAndAmortization": 0,
    "ebitda": 801690000,
    "ebitdaratio": 0.2373689118,
    "operatingIncome": 821570000,
    "operatingIncomeRatio": 0.2432550947,
    "totalOtherIncomeExpensesNet": -97788000,
    "incomeBeforeTax": 723782000,
    "incomeBeforeTaxRatio": 0.2143014703,
    "incomeTaxExpense": 226166000,
    "netIncome": 517885000,
    "netIncomeRatio": 0.1533383214,
    "eps": 3.19,
    "epsdiluted": 3.14,
    "weightedAverageShsOut": 162417169,
    "weightedAverageShsOutDil": 164723085,
    "link": "https://www.sec.gov/Archives/edgar/data/320335/000119312512085031/0001193125-12-085031-index.htm",
    "finalLink": "https://www.sec.gov/Archives/edgar/data/320335/000119312512085031/d245246d10k.htm"
  },
  {
    "date": "2010-12-31",
    "symbol": "GL",
    "reportedCurrency": "USD",
    "cik": "0000320335",
    "fillingDate": "2011-02-28",
    "acceptedDate": "2011-02-28 15:32:30",
    "calendarYear": "2010",
    "period": "FY",
    "revenue": 3367632000,
    "costOfRevenue": 176272000,
    "grossProfit": 3191360000,
    "grossProfitRatio": 0.9476569886,
    "researchAndDevelopmentExpenses": 0,
    "generalAndAdministrativeExpenses": 0,
    "sellingAndMarketingExpenses": 125330000,
    "sellingGeneralAndAdministrativeExpenses": 125330000,
    "otherExpenses": 2416670000,
    "operatingExpenses": 2542000000,
    "costAndExpenses": 2589065000,
    "interestIncome": 0,
    "interestExpense": 75529000,
    "depreciationAndAmortization": 0,
    "ebitda": 854096000,
    "ebitdaratio": 0.2536191603,
    "operatingIncome": 860823000,
    "operatingIncomeRatio": 0.2556167063,
    "totalOtherIncomeExpensesNet": -82256000,
    "incomeBeforeTax": 778567000,
    "incomeBeforeTaxRatio": 0.2311912347,
    "incomeTaxExpense": 256274000,
    "netIncome": 517064000,
    "netIncomeRatio": 0.1535393416,
    "eps": 2.83,
    "epsdiluted": 2.8,
    "weightedAverageShsOut": 183013842,
    "weightedAverageShsOutDil": 184685007,
    "link": "https://www.sec.gov/Archives/edgar/data/320335/000119312511049737/0001193125-11-049737-index.htm",
    "finalLink": "https://www.sec.gov/Archives/edgar/data/320335/000119312511049737/d10k.htm"
  },
  {
    "date": "2009-12-31",
    "symbol": "GL",
    "reportedCurrency": "USD",
    "cik": "0000320335",
    "fillingDate": "2010-02-26",
    "acceptedDate": "2010-02-26 15:47:11",
    "calendarYear": "2009",
    "period": "FY",
    "revenue": 3222397000,
    "costOfRevenue": 174089000,
    "grossProfit": 3048308000,
    "grossProfitRatio": 0.9459753097,
    "researchAndDevelopmentExpenses": 0,
    "generalAndAdministrativeExpenses": 0,
    "sellingAndMarketingExpenses": 131130000,
    "sellingGeneralAndAdministrativeExpenses": 131130000,
    "otherExpenses": 2336870000,
    "operatingExpenses": 2468000000,
    "costAndExpenses": 2617204000,
    "interestIncome": 0,
    "interestExpense": 69932000,
    "depreciationAndAmortization": 0,
    "ebitda": 647008000,
    "ebitdaratio": 0.2007846954,
    "operatingIncome": 655705000,
    "operatingIncomeRatio": 0.2034836179,
    "totalOtherIncomeExpensesNet": -78629000,
    "incomeBeforeTax": 577076000,
    "incomeBeforeTaxRatio": 0.179082838,
    "incomeTaxExpense": 191024000,
    "netIncome": 404953000,
    "netIncomeRatio": 0.1256682525,
    "eps": 2.17,
    "epsdiluted": 2.17,
    "weightedAverageShsOut": 186825576,
    "weightedAverageShsOutDil": 186825576,
    "link": "https://www.sec.gov/Archives/edgar/data/320335/000119312510042810/0001193125-10-042810-index.htm",
    "finalLink": "https://www.sec.gov/Archives/edgar/data/320335/000119312510042810/d10k.htm"
  },
  {
    "date": "2008-12-31",
    "symbol": "GL",
    "reportedCurrency": "USD",
    "cik": "0000320335",
    "fillingDate": "2009-02-27",
    "acceptedDate": "2009-02-27 15:00:31",
    "calendarYear": "2008",
    "period": "FY",
    "revenue": 3326918000,
    "costOfRevenue": 185212000,
    "grossProfit": 3141706000,
    "grossProfitRatio": 0.9443292561,
    "researchAndDevelopmentExpenses": 0,
    "generalAndAdministrativeExpenses": 0,
    "sellingAndMarketingExpenses": 145981000,
    "sellingGeneralAndAdministrativeExpenses": 145981000,
    "otherExpenses": 2359019000,
    "operatingExpenses": 2505000000,
    "costAndExpenses": 2665661000,
    "interestIncome": 0,
    "interestExpense": 63229000,
    "depreciationAndAmortization": 0,
    "ebitda": 724486000,
    "ebitdaratio": 0.2177649103,
    "operatingIncome": 836237000,
    "operatingIncomeRatio": 0.2513548576,
    "totalOtherIncomeExpensesNet": -174980000,
    "incomeBeforeTax": 661257000,
    "incomeBeforeTaxRatio": 0.1987596328,
    "incomeTaxExpense": 208998000,
    "netIncome": 452259000,
    "netIncomeRatio": 0.1359393288,
    "eps": 2.28,
    "epsdiluted": 2.27,
    "weightedAverageShsOut": 198118462,
    "weightedAverageShsOutDil": 199161213,
    "link": "https://www.sec.gov/Archives/edgar/data/320335/000119312509040782/0001193125-09-040782-index.htm",
    "finalLink": "https://www.sec.gov/Archives/edgar/data/320335/000119312509040782/d10k.htm"
  },
  {
    "date": "2007-12-31",
    "symbol": "GL",
    "reportedCurrency": "USD",
    "cik": "0000320335",
    "fillingDate": "2008-02-29",
    "acceptedDate": "2008-02-29 14:29:10",
    "calendarYear": "2007",
    "period": "FY",
    "revenue": 3486697000,
    "costOfRevenue": 173406000,
    "grossProfit": 3313291000,
    "grossProfitRatio": 0.9502663983,
    "researchAndDevelopmentExpenses": 0,
    "generalAndAdministrativeExpenses": 0,
    "sellingAndMarketingExpenses": 0,
    "sellingGeneralAndAdministrativeExpenses": 0,
    "otherExpenses": 2622000000,
    "operatingExpenses": 2622000000,
    "costAndExpenses": 2689892000,
    "interestIncome": 0,
    "interestExpense": 67564000,
    "depreciationAndAmortization": 0,
    "ebitda": 864369000,
    "ebitdaratio": 0.2479048222,
    "operatingIncome": 865302000,
    "operatingIncomeRatio": 0.2481724107,
    "totalOtherIncomeExpensesNet": -68497000,
    "incomeBeforeTax": 796805000,
    "incomeBeforeTaxRatio": 0.2285271706,
    "incomeTaxExpense": 269270000,
    "netIncome": 527535000,
    "netIncomeRatio": 0.1512993529,
    "eps": 2.49,
    "epsdiluted": 2.45,
    "weightedAverageShsOut": 212213569,
    "weightedAverageShsOutDil": 215653493,
    "link": "https://www.sec.gov/Archives/edgar/data/320335/000119312508043419/0001193125-08-043419-index.htm",
    "finalLink": "https://www.sec.gov/Archives/edgar/data/320335/000119312508043419/d10k.htm"
  },
  {
    "date": "2006-12-31",
    "symbol": "GL",
    "reportedCurrency": "USD",
    "cik": "0000320335",
    "fillingDate": "2007-03-01",
    "acceptedDate": "2007-03-01 12:39:58",
    "calendarYear": "2006",
    "period": "FY",
    "revenue": 3421178000,
    "costOfRevenue": 169768000,
    "grossProfit": 3251410000,
    "grossProfitRatio": 0.9503773262,
    "researchAndDevelopmentExpenses": 0,
    "generalAndAdministrativeExpenses": 0,
    "sellingAndMarketingExpenses": 0,
    "sellingGeneralAndAdministrativeExpenses": 0,
    "otherExpenses": 2574000000,
    "operatingExpenses": 2574000000,
    "costAndExpenses": 2647608000,
    "interestIncome": 0,
    "interestExpense": 73136000,
    "depreciationAndAmortization": 0,
    "ebitda": 846706000,
    "ebitdaratio": 0.2474896074,
    "operatingIncome": 852599000,
    "operatingIncomeRatio": 0.2492121135,
    "totalOtherIncomeExpensesNet": -79029000,
    "incomeBeforeTax": 773570000,
    "incomeBeforeTaxRatio": 0.2261121754,
    "incomeTaxExpense": 254939000,
    "netIncome": 518631000,
    "netIncomeRatio": 0.1515942754,
    "eps": 2.31,
    "epsdiluted": 2.28,
    "weightedAverageShsOut": 224407644,
    "weightedAverageShsOutDil": 227469737,
    "link": "https://www.sec.gov/Archives/edgar/data/320335/000119312507043904/0001193125-07-043904-index.htm",
    "finalLink": "https://www.sec.gov/Archives/edgar/data/320335/000119312507043904/d10k.htm"
  },
  {
    "date": "2005-12-31",
    "symbol": "GL",
    "reportedCurrency": "USD",
    "cik": "0000320335",
    "fillingDate": "2006-03-06",
    "acceptedDate": "2006-03-06 17:29:33",
    "calendarYear": "2005",
    "period": "FY",
    "revenue": 3125910000,
    "costOfRevenue": 172859000,
    "grossProfit": 2953051000,
    "grossProfitRatio": 0.944701223,
    "researchAndDevelopmentExpenses": 0,
    "generalAndAdministrativeExpenses": 0,
    "sellingAndMarketingExpenses": 0,
    "sellingGeneralAndAdministrativeExpenses": 0,
    "otherExpenses": 2333000000,
    "operatingExpenses": 2333000000,
    "costAndExpenses": 2394389000,
    "interestIncome": 0,
    "interestExpense": 60934000,
    "depreciationAndAmortization": 0,
    "ebitda": 792455000,
    "ebitdaratio": 0.2535117774,
    "operatingIncome": 807405000,
    "operatingIncomeRatio": 0.2582943847,
    "totalOtherIncomeExpensesNet": -75884000,
    "incomeBeforeTax": 731521000,
    "incomeBeforeTaxRatio": 0.2340185738,
    "incomeTaxExpense": 236131000,
    "netIncome": 495390000,
    "netIncomeRatio": 0.158478651,
    "eps": 2.1,
    "epsdiluted": 2.08,
    "weightedAverageShsOut": 235650634,
    "weightedAverageShsOutDil": 238168269,
    "link": "https://www.sec.gov/Archives/edgar/data/320335/000119312506046266/0001193125-06-046266-index.htm",
    "finalLink": "https://www.sec.gov/Archives/edgar/data/320335/000119312506046266/d10k.htm"
  },
  {
    "date": "2004-12-31",
    "symbol": "GL",
    "reportedCurrency": "USD",
    "cik": "0000320335",
    "fillingDate": "2005-03-15",
    "acceptedDate": "2005-03-15 17:04:16",
    "calendarYear": "2004",
    "period": "FY",
    "revenue": 3071500000,
    "costOfRevenue": 151200000,
    "grossProfit": 2920300000,
    "grossProfitRatio": 0.9507732378,
    "researchAndDevelopmentExpenses": 0,
    "generalAndAdministrativeExpenses": 0,
    "sellingAndMarketingExpenses": 0,
    "sellingGeneralAndAdministrativeExpenses": 0,
    "otherExpenses": -2150100000,
    "operatingExpenses": -2150100000,
    "costAndExpenses": 2350700000,
    "interestIncome": 9000,
    "interestExpense": 56500000,
    "depreciationAndAmortization": 4800000,
    "ebitda": 782100000,
    "ebitdaratio": 0.2546312876,
    "operatingIncome": 783300000,
    "operatingIncomeRatio": 0.2550219762,
    "totalOtherIncomeExpensesNet": -62500000,
    "incomeBeforeTax": 720800000,
    "incomeBeforeTaxRatio": 0.2346736122,
    "incomeTaxExpense": 245100000,
    "netIncome": 468600000,
    "netIncomeRatio": 0.1525638939,
    "eps": 1.89,
    "epsdiluted": 1.86,
    "weightedAverageShsOut": 247476232,
    "weightedAverageShsOutDil": 251610680,
    "link": "https://www.sec.gov/Archives/edgar/data/320335/000119312505051197/0001193125-05-051197-index.htm",
    "finalLink": "https://www.sec.gov/Archives/edgar/data/320335/000119312505051197/d10k.htm"
  },
  {
    "date": "2003-12-31",
    "symbol": "GL",
    "reportedCurrency": "USD",
    "cik": "0000320335",
    "fillingDate": "2004-03-15",
    "acceptedDate": "2004-03-15 15:46:13",
    "calendarYear": "2003",
    "period": "FY",
    "revenue": 2930638000,
    "costOfRevenue": 142355000,
    "grossProfit": 2788283000,
    "grossProfitRatio": 0.9514252528,
    "researchAndDevelopmentExpenses": 0,
    "generalAndAdministrativeExpenses": 0,
    "sellingAndMarketingExpenses": 0,
    "sellingGeneralAndAdministrativeExpenses": 0,
    "otherExpenses": 0,
    "operatingExpenses": 2358142000,
    "costAndExpenses": 2271703000,
    "interestIncome": 0,
    "interestExpense": 49952000,
    "depreciationAndAmortization": 4814000,
    "ebitda": 714014000,
    "ebitdaratio": 0.2436377335,
    "operatingIncome": 653100000,
    "operatingIncomeRatio": 0.2228524983,
    "totalOtherIncomeExpensesNet": 0,
    "incomeBeforeTax": 658935000,
    "incomeBeforeTaxRatio": 0.2248435324,
    "incomeTaxExpense": 225009000,
    "netIncome": 430141000,
    "netIncomeRatio": 0.1467738424,
    "eps": 1.67,
    "epsdiluted": 1.66,
    "weightedAverageShsOut": 258060000,
    "weightedAverageShsOutDil": 259443700,
    "link": "https://www.sec.gov/Archives/edgar/data/320335/000119312504042167/0001193125-04-042167-index.htm",
    "finalLink": "https://www.sec.gov/Archives/edgar/data/320335/000119312504042167/d10k.htm"
  },
  {
    "date": "2002-12-31",
    "symbol": "GL",
    "reportedCurrency": "USD",
    "cik": "0000320335",
    "fillingDate": "2003-03-24",
    "acceptedDate": "2003-03-24 08:20:31",
    "calendarYear": "2002",
    "period": "FY",
    "revenue": 2737966000,
    "costOfRevenue": 0,
    "grossProfit": 2737966000,
    "grossProfitRatio": 1,
    "researchAndDevelopmentExpenses": 0,
    "generalAndAdministrativeExpenses": 0,
    "sellingAndMarketingExpenses": 0,
    "sellingGeneralAndAdministrativeExpenses": 0,
    "otherExpenses": 10215000,
    "operatingExpenses": 10215000,
    "costAndExpenses": 2153646000,
    "interestIncome": 0,
    "interestExpense": 28593000,
    "depreciationAndAmortization": 302728000,
    "ebitda": 921369000,
    "ebitdaratio": 0.3365158662,
    "operatingIncome": 590048000,
    "operatingIncomeRatio": 0.2155059632,
    "totalOtherIncomeExpensesNet": 0,
    "incomeBeforeTax": 584320000,
    "incomeBeforeTaxRatio": 0.2134138992,
    "incomeTaxExpense": 197037000,
    "netIncome": 383433000,
    "netIncomeRatio": 0.14004301,
    "eps": 1.42,
    "epsdiluted": 1.41,
    "weightedAverageShsOut": 270446473,
    "weightedAverageShsOutDil": 271296934,
    "link": "https://www.sec.gov/Archives/edgar/data/320335/000093176303000621/0000931763-03-000621-index.htm",
    "finalLink": "https://www.sec.gov/Archives/edgar/data/320335/000093176303000621/d10k.htm"
  },
  {
    "date": "2001-12-31",
    "symbol": "GL",
    "reportedCurrency": "USD",
    "cik": "0000320335",
    "fillingDate": "2002-03-22",
    "acceptedDate": "2002-03-22 00:00:00",
    "calendarYear": "2001",
    "period": "FY",
    "revenue": 2707042000,
    "costOfRevenue": 0,
    "grossProfit": 2707042000,
    "grossProfitRatio": 1,
    "researchAndDevelopmentExpenses": 0,
    "generalAndAdministrativeExpenses": 0,
    "sellingAndMarketingExpenses": 0,
    "sellingGeneralAndAdministrativeExpenses": 0,
    "otherExpenses": -2100056000,
    "operatingExpenses": -2100056000,
    "costAndExpenses": 2105613000,
    "interestIncome": 0,
    "interestExpense": 44506000,
    "depreciationAndAmortization": 5822000,
    "ebitda": 651757000,
    "ebitdaratio": 0.2407635345,
    "operatingIncome": 601429000,
    "operatingIncomeRatio": 0.2221720239,
    "totalOtherIncomeExpensesNet": 0,
    "incomeBeforeTax": 601429000,
    "incomeBeforeTaxRatio": 0.2221720239,
    "incomeTaxExpense": 205967000,
    "netIncome": 356513000,
    "netIncomeRatio": 0.131698363,
    "eps": 1.28,
    "epsdiluted": 1.27,
    "weightedAverageShsOut": 277879737,
    "weightedAverageShsOutDil": 279843551,
    "link": "https://www.sec.gov/Archives/edgar/data/320335/000093176302000748/0000931763-02-000748-index.htm",
    "finalLink": "https://www.sec.gov/Archives/edgar/data/320335/000093176302000748/d10k.txt"
  },
  {
    "date": "2000-12-31",
    "symbol": "GL",
    "reportedCurrency": "USD",
    "cik": "0000320335",
    "fillingDate": "2001-03-26",
    "acceptedDate": "2001-03-26 00:00:00",
    "calendarYear": "2000",
    "period": "FY",
    "revenue": 2515894000,
    "costOfRevenue": 0,
    "grossProfit": 2515894000,
    "grossProfitRatio": 1,
    "researchAndDevelopmentExpenses": 0,
    "generalAndAdministrativeExpenses": 0,
    "sellingAndMarketingExpenses": 0,
    "sellingGeneralAndAdministrativeExpenses": 0,
    "otherExpenses": -1908531000,
    "operatingExpenses": -1908531000,
    "costAndExpenses": 1952936000,
    "interestIncome": 0,
    "interestExpense": 54487000,
    "depreciationAndAmortization": 6859000,
    "ebitda": 624304000,
    "ebitdaratio": 0.2481439997,
    "operatingIncome": 565864000,
    "operatingIncomeRatio": 0.2249156761,
    "totalOtherIncomeExpensesNet": -2906000,
    "incomeBeforeTax": 562958000,
    "incomeBeforeTaxRatio": 0.2237606195,
    "incomeTaxExpense": 190841000,
    "netIncome": 362035000,
    "netIncomeRatio": 0.1438991468,
    "eps": 1.26,
    "epsdiluted": 1.25,
    "weightedAverageShsOut": 287809187,
    "weightedAverageShsOutDil": 288829787,
    "link": "https://www.sec.gov/Archives/edgar/data/320335/000093176301000503/0000931763-01-000503-index.htm",
    "finalLink": "https://www.sec.gov/Archives/edgar/data/320335/000093176301000503/0000931763-01-000503-0001.txt"
  },
  {
    "date": "1999-12-31",
    "symbol": "GL",
    "reportedCurrency": "USD",
    "cik": "0000320335",
    "fillingDate": "2000-03-23",
    "acceptedDate": "2000-03-23 00:00:00",
    "calendarYear": "1999",
    "period": "FY",
    "revenue": 2226895000,
    "costOfRevenue": 0,
    "grossProfit": 2226895000,
    "grossProfitRatio": 1,
    "researchAndDevelopmentExpenses": 0,
    "generalAndAdministrativeExpenses": 0,
    "sellingAndMarketingExpenses": 0,
    "sellingGeneralAndAdministrativeExpenses": 0,
    "otherExpenses": -1766278000,
    "operatingExpenses": -1766278000,
    "costAndExpenses": 1824487000,
    "interestIncome": 0,
    "interestExpense": 52341000,
    "depreciationAndAmortization": 8840000,
    "ebitda": 463589000,
    "ebitdaratio": 0.2081773052,
    "operatingIncome": 402408000,
    "operatingIncomeRatio": 0.1807036255,
    "totalOtherIncomeExpensesNet": 0,
    "incomeBeforeTax": 402408000,
    "incomeBeforeTaxRatio": 0.1807036255,
    "incomeTaxExpense": 134320000,
    "netIncome": 273956000,
    "netIncomeRatio": 0.1230215165,
    "eps": 0.95,
    "epsdiluted": 0.94,
    "weightedAverageShsOut": 289221117,
    "weightedAverageShsOutDil": 292056618,
    "link": "https://www.sec.gov/Archives/edgar/data/320335/000093176300000595/0000931763-00-000595-index.htm",
    "finalLink": "https://www.sec.gov/Archives/edgar/data/320335/000093176300000595/0000931763-00-000595.txt"
  },
  {
    "date": "1998-12-31",
    "symbol": "GL",
    "reportedCurrency": "USD",
    "cik": "0000320335",
    "fillingDate": "1999-03-12",
    "acceptedDate": "1999-03-12 00:00:00",
    "calendarYear": "1998",
    "period": "FY",
    "revenue": 2157876000,
    "costOfRevenue": 0,
    "grossProfit": 2157876000,
    "grossProfitRatio": 1,
    "researchAndDevelopmentExpenses": 0,
    "generalAndAdministrativeExpenses": 0,
    "sellingAndMarketingExpenses": 0,
    "sellingGeneralAndAdministrativeExpenses": 0,
    "otherExpenses": -1702772000,
    "operatingExpenses": -1702772000,
    "costAndExpenses": 1710885000,
    "interestIncome": 0,
    "interestExpense": 56325000,
    "depreciationAndAmortization": 7934000,
    "ebitda": 511250000,
    "ebitdaratio": 0.2369227889,
    "operatingIncome": 446991000,
    "operatingIncomeRatio": 0.2071439693,
    "totalOtherIncomeExpensesNet": 0,
    "incomeBeforeTax": 446991000,
    "incomeBeforeTaxRatio": 0.2071439693,
    "incomeTaxExpense": 154338000,
    "netIncome": 244441000,
    "netIncomeRatio": 0.1132785202,
    "eps": 0.81,
    "epsdiluted": 0.8,
    "weightedAverageShsOut": 301710857,
    "weightedAverageShsOutDil": 305198844,
    "link": "https://www.sec.gov/Archives/edgar/data/320335/000093176399000710/0000931763-99-000710-index.htm",
    "finalLink": "https://www.sec.gov/Archives/edgar/data/320335/0000931763-99-000710.txt"
  },
  {
    "date": "1997-12-31",
    "symbol": "GL",
    "reportedCurrency": "USD",
    "cik": "0000320335",
    "fillingDate": "1998-07-02",
    "acceptedDate": "1998-07-02 00:00:00",
    "calendarYear": "1997",
    "period": "FY",
    "revenue": 2282450000,
    "costOfRevenue": 0,
    "grossProfit": 2282450000,
    "grossProfitRatio": 1,
    "researchAndDevelopmentExpenses": 0,
    "generalAndAdministrativeExpenses": 0,
    "sellingAndMarketingExpenses": 0,
    "sellingGeneralAndAdministrativeExpenses": 0,
    "otherExpenses": -1694354000,
    "operatingExpenses": -1694354000,
    "costAndExpenses": 1773056000,
    "interestIncome": 0,
    "interestExpense": 71863000,
    "depreciationAndAmortization": 8000000,
    "ebitda": 79900000,
    "ebitdaratio": 0.0350062433,
    "operatingIncome": 765700000,
    "operatingIncomeRatio": 0.3354728472,
    "totalOtherIncomeExpensesNet": -765700000,
    "incomeBeforeTax": 509394000,
    "incomeBeforeTaxRatio": 0.2231786019,
    "incomeTaxExpense": 178490000,
    "netIncome": 337743000,
    "netIncomeRatio": 0.1479738877,
    "eps": 1.08,
    "epsdiluted": 1.08,
    "weightedAverageShsOut": 312685185,
    "weightedAverageShsOutDil": 312685185,
    "link": "https://www.sec.gov/Archives/edgar/data/320335/000093176398001751/0000931763-98-001751-index.html",
    "finalLink": "https://www.sec.gov/Archives/edgar/data/320335/"
  },
  {
    "date": "1996-12-31",
    "symbol": "GL",
    "reportedCurrency": "USD",
    "cik": "0000320335",
    "fillingDate": "1997-03-25",
    "acceptedDate": "1997-03-25 00:00:00",
    "calendarYear": "1996",
    "period": "FY",
    "revenue": 2205810000,
    "costOfRevenue": 0,
    "grossProfit": 2205810000,
    "grossProfitRatio": 1,
    "researchAndDevelopmentExpenses": 0,
    "generalAndAdministrativeExpenses": 0,
    "sellingAndMarketingExpenses": 0,
    "sellingGeneralAndAdministrativeExpenses": 0,
    "otherExpenses": -1640205000,
    "operatingExpenses": -1640205000,
    "costAndExpenses": 1710678000,
    "interestIncome": 0,
    "interestExpense": 73611000,
    "depreciationAndAmortization": 9056000,
    "ebitda": 577799000,
    "ebitdaratio": 0.2619441384,
    "operatingIncome": 495132000,
    "operatingIncomeRatio": 0.2244672025,
    "totalOtherIncomeExpensesNet": 0,
    "incomeBeforeTax": 495132000,
    "incomeBeforeTaxRatio": 0.2244672025,
    "incomeTaxExpense": 180622000,
    "netIncome": 311372000,
    "netIncomeRatio": 0.1411599367,
    "eps": 0.97,
    "epsdiluted": 0.97,
    "weightedAverageShsOut": 320634783,
    "weightedAverageShsOutDil": 322163563,
    "link": "https://www.sec.gov/Archives/edgar/data/320335/000095010997002410/0000950109-97-002410-index.htm",
    "finalLink": "https://www.sec.gov/Archives/edgar/data/320335/0000950109-97-002410.txt"
  },
  {
    "date": "1995-12-31",
    "symbol": "GL",
    "reportedCurrency": "USD",
    "cik": "0000320335",
    "fillingDate": "1996-03-26",
    "acceptedDate": "1996-03-26 00:00:00",
    "calendarYear": "1995",
    "period": "FY",
    "revenue": 2067482000,
    "costOfRevenue": 0,
    "grossProfit": 2067482000,
    "grossProfitRatio": 1,
    "researchAndDevelopmentExpenses": 0,
    "generalAndAdministrativeExpenses": 0,
    "sellingAndMarketingExpenses": 0,
    "sellingGeneralAndAdministrativeExpenses": 0,
    "otherExpenses": -1685714000,
    "operatingExpenses": -1685714000,
    "costAndExpenses": 1639307000,
    "interestIncome": 0,
    "interestExpense": 80994000,
    "depreciationAndAmortization": 9603000,
    "ebitda": 518772000,
    "ebitdaratio": 0.2509197178,
    "operatingIncome": 428175000,
    "operatingIncomeRatio": 0.2070997474,
    "totalOtherIncomeExpensesNet": 0,
    "incomeBeforeTax": 428175000,
    "incomeBeforeTaxRatio": 0.2070997474,
    "incomeTaxExpense": 157539000,
    "netIncome": 143235000,
    "netIncomeRatio": 0.069279926,
    "eps": 0.44,
    "epsdiluted": 0.44,
    "weightedAverageShsOut": 322278750,
    "weightedAverageShsOutDil": 322278750,
    "link": "https://www.sec.gov/Archives/edgar/data/320335/000093176396000091/0000931763-96-000091-index.htm",
    "finalLink": "https://www.sec.gov/Archives/edgar/data/320335/0000931763-96-000091.txt"
  },
  {
    "date": "1994-12-31",
    "symbol": "GL",
    "reportedCurrency": "USD",
    "cik": "0000320335",
    "fillingDate": "1995-03-24",
    "acceptedDate": "1995-03-24 00:00:00",
    "calendarYear": "1994",
    "period": "FY",
    "revenue": 1922557000,
    "costOfRevenue": 0,
    "grossProfit": 1922557000,
    "grossProfitRatio": 1,
    "researchAndDevelopmentExpenses": 0,
    "generalAndAdministrativeExpenses": 0,
    "sellingAndMarketingExpenses": 0,
    "sellingGeneralAndAdministrativeExpenses": 0,
    "otherExpenses": -1452939000,
    "operatingExpenses": -1452939000,
    "costAndExpenses": 1535633000,
    "interestIncome": 0,
    "interestExpense": 76355000,
    "depreciationAndAmortization": 25300000,
    "ebitda": 101700000,
    "ebitdaratio": 0.0528983016,
    "operatingIncome": 629600000,
    "operatingIncomeRatio": 0.3274805376,
    "totalOtherIncomeExpensesNet": -629600000,
    "incomeBeforeTax": 386924000,
    "incomeBeforeTaxRatio": 0.2012548913,
    "incomeTaxExpense": 124317000,
    "netIncome": 268946000,
    "netIncomeRatio": 0.1398897406,
    "eps": 0.84,
    "epsdiluted": 0.83,
    "weightedAverageShsOut": 322082028,
    "weightedAverageShsOutDil": 322261056,
    "link": "https://www.sec.gov/Archives/edgar/data/320335/000095010995000857/0000950109-95-000857-index.html",
    "finalLink": "https://www.sec.gov/Archives/edgar/data/320335/"
  },
  {
    "date": "1993-12-31",
    "symbol": "GL",
    "reportedCurrency": "USD",
    "cik": "0000320335",
    "fillingDate": "1994-03-25",
    "acceptedDate": "1994-03-25 00:00:00",
    "calendarYear": "1993",
    "period": "FY",
    "revenue": 2178800000,
    "costOfRevenue": 0,
    "grossProfit": 2178800000,
    "grossProfitRatio": 1,
    "researchAndDevelopmentExpenses": 0,
    "generalAndAdministrativeExpenses": 0,
    "sellingAndMarketingExpenses": 0,
    "sellingGeneralAndAdministrativeExpenses": 0,
    "otherExpenses": -1660500000,
    "operatingExpenses": -1660500000,
    "costAndExpenses": 240100000,
    "interestIncome": 0,
    "interestExpense": 67300000,
    "depreciationAndAmortization": 35600000,
    "ebitda": 102900000,
    "ebitdaratio": 0.0472278318,
    "operatingIncome": 1938700000,
    "operatingIncomeRatio": 0.8898017257,
    "totalOtherIncomeExpensesNet": -1938700000,
    "incomeBeforeTax": 1204200000,
    "incomeBeforeTaxRatio": 0.5526895539,
    "incomeTaxExpense": 153100000,
    "netIncome": 297900000,
    "netIncomeRatio": 0.1367266385,
    "eps": 0.9,
    "epsdiluted": 0.9,
    "weightedAverageShsOut": 330757443,
    "weightedAverageShsOutDil": 330757443,
    "link": "https://www.sec.gov/Archives/edgar/data/320335/000095010994000538/0000950109-94-000538-index.htm",
    "finalLink": "https://www.sec.gov/Archives/edgar/data/320335/0000950109-94-000538.txt"
  },
  {
    "date": "1992-12-31",
    "symbol": "GL",
    "reportedCurrency": "USD",
    "cik": "0000320335",
    "fillingDate": "1992-12-31",
    "acceptedDate": "1992-12-31 00:00:00",
    "calendarYear": "1992",
    "period": "FY",
    "revenue": 2046600000,
    "costOfRevenue": 0,
    "grossProfit": 2046600000,
    "grossProfitRatio": 1,
    "researchAndDevelopmentExpenses": 0,
    "generalAndAdministrativeExpenses": 0,
    "sellingAndMarketingExpenses": 0,
    "sellingGeneralAndAdministrativeExpenses": 0,
    "otherExpenses": -1584600000,
    "operatingExpenses": -1584600000,
    "costAndExpenses": 1351300000,
    "interestIncome": 0,
    "interestExpense": 55700000,
    "depreciationAndAmortization": 33500000,
    "ebitda": 89200000,
    "ebitdaratio": 0.0435844816,
    "operatingIncome": 695300000,
    "operatingIncomeRatio": 0.3397341933,
    "totalOtherIncomeExpensesNet": -695300000,
    "incomeBeforeTax": 1054600000,
    "incomeBeforeTaxRatio": 0.5152936578,
    "incomeTaxExpense": 140800000,
    "netIncome": 265500000,
    "netIncomeRatio": 0.1297273527,
    "eps": 0.81,
    "epsdiluted": 0.81,
    "weightedAverageShsOut": 329329609,
    "weightedAverageShsOutDil": 329329609,
    "link": null,
    "finalLink": null
  },
  {
    "date": "1991-12-31",
    "symbol": "GL",
    "reportedCurrency": "USD",
    "cik": "0000320335",
    "fillingDate": "1991-12-31",
    "acceptedDate": "1991-12-31 00:00:00",
    "calendarYear": "1991",
    "period": "FY",
    "revenue": 1933100000,
    "costOfRevenue": 0,
    "grossProfit": 1933100000,
    "grossProfitRatio": 1,
    "researchAndDevelopmentExpenses": 0,
    "generalAndAdministrativeExpenses": 0,
    "sellingAndMarketingExpenses": 0,
    "sellingGeneralAndAdministrativeExpenses": 0,
    "otherExpenses": -1511000000,
    "operatingExpenses": -1511000000,
    "costAndExpenses": 1256400000,
    "interestIncome": 0,
    "interestExpense": 50200000,
    "depreciationAndAmortization": 25600000,
    "ebitda": 75800000,
    "ebitdaratio": 0.039211629,
    "operatingIncome": 676700000,
    "operatingIncomeRatio": 0.3500594899,
    "totalOtherIncomeExpensesNet": -676700000,
    "incomeBeforeTax": 989400000,
    "incomeBeforeTaxRatio": 0.5118203921,
    "incomeTaxExpense": 125400000,
    "netIncome": 246500000,
    "netIncomeRatio": 0.1275153898,
    "eps": 0.72,
    "epsdiluted": 0.72,
    "weightedAverageShsOut": 344522293,
    "weightedAverageShsOutDil": 344522293,
    "link": null,
    "finalLink": null
  },
  {
    "date": "1990-12-31",
    "symbol": "GL",
    "reportedCurrency": "USD",
    "cik": "0000320335",
    "fillingDate": "1990-12-31",
    "acceptedDate": "1990-12-31 00:00:00",
    "calendarYear": "1990",
    "period": "FY",
    "revenue": 1796500000,
    "costOfRevenue": 0,
    "grossProfit": 1796500000,
    "grossProfitRatio": 1,
    "researchAndDevelopmentExpenses": 0,
    "generalAndAdministrativeExpenses": 0,
    "sellingAndMarketingExpenses": 0,
    "sellingGeneralAndAdministrativeExpenses": 0,
    "otherExpenses": -1406700000,
    "operatingExpenses": -1406700000,
    "costAndExpenses": 1175000000,
    "interestIncome": 0,
    "interestExpense": 46200000,
    "depreciationAndAmortization": 16600000,
    "ebitda": 62800000,
    "ebitdaratio": 0.0349568606,
    "operatingIncome": 621500000,
    "operatingIncomeRatio": 0.3459504592,
    "totalOtherIncomeExpensesNet": -621500000,
    "incomeBeforeTax": 895000000,
    "incomeBeforeTaxRatio": 0.4981909268,
    "incomeTaxExpense": 114400000,
    "netIncome": 229200000,
    "netIncomeRatio": 0.1275814083,
    "eps": 0.66,
    "epsdiluted": 0.66,
    "weightedAverageShsOut": 349772727,
    "weightedAverageShsOutDil": 349772727,
    "link": null,
    "finalLink": null
  },
  {
    "date": "1989-12-31",
    "symbol": "GL",
    "reportedCurrency": "USD",
    "cik": "0000320335",
    "fillingDate": "1989-12-31",
    "acceptedDate": "1989-12-31 00:00:00",
    "calendarYear": "1989",
    "period": "FY",
    "revenue": 1633600000,
    "costOfRevenue": 0,
    "grossProfit": 1633600000,
    "grossProfitRatio": 1,
    "researchAndDevelopmentExpenses": 0,
    "generalAndAdministrativeExpenses": 0,
    "sellingAndMarketingExpenses": 0,
    "sellingGeneralAndAdministrativeExpenses": 0,
    "otherExpenses": -1269000000,
    "operatingExpenses": -1269000000,
    "costAndExpenses": 1067000000,
    "interestIncome": 0,
    "interestExpense": 48100000,
    "depreciationAndAmortization": 14500000,
    "ebitda": 62600000,
    "ebitdaratio": 0.0383202742,
    "operatingIncome": 566600000,
    "operatingIncomeRatio": 0.346841332,
    "totalOtherIncomeExpensesNet": -566600000,
    "incomeBeforeTax": 813800000,
    "incomeBeforeTaxRatio": 0.4981635651,
    "incomeTaxExpense": 105200000,
    "netIncome": 211300000,
    "netIncomeRatio": 0.1293462292,
    "eps": 0.6,
    "epsdiluted": 0.6,
    "weightedAverageShsOut": 352384615,
    "weightedAverageShsOutDil": 352384615,
    "link": null,
    "finalLink": null
  },
  {
    "date": "1988-12-31",
    "symbol": "GL",
    "reportedCurrency": "USD",
    "cik": "0000320335",
    "fillingDate": "1988-12-31",
    "acceptedDate": "1988-12-30 19:00:00",
    "calendarYear": "1988",
    "period": "FY",
    "revenue": 1664700000,
    "costOfRevenue": 0,
    "grossProfit": 1664700000,
    "grossProfitRatio": 1,
    "researchAndDevelopmentExpenses": 0,
    "generalAndAdministrativeExpenses": 0,
    "sellingAndMarketingExpenses": 0,
    "sellingGeneralAndAdministrativeExpenses": 0,
    "otherExpenses": -1350300000,
    "operatingExpenses": -1350300000,
    "costAndExpenses": 40800000,
    "interestIncome": 0,
    "interestExpense": 40800000,
    "depreciationAndAmortization": 0,
    "ebitda": 0,
    "ebitdaratio": 0,
    "operatingIncome": 1623900000,
    "operatingIncomeRatio": 0.9754910795,
    "totalOtherIncomeExpensesNet": -1623900000,
    "incomeBeforeTax": 0,
    "incomeBeforeTaxRatio": 0,
    "incomeTaxExpense": 93500000,
    "netIncome": 180100000,
    "netIncomeRatio": 0.1081876614,
    "eps": 0.46,
    "epsdiluted": 0.46,
    "weightedAverageShsOut": 391388889,
    "weightedAverageShsOutDil": 391388889,
    "link": "",
    "finalLink": ""
  },
  {
    "date": "1987-12-31",
    "symbol": "GL",
    "reportedCurrency": "USD",
    "cik": "0000320335",
    "fillingDate": "1987-12-31",
    "acceptedDate": "1987-12-30 19:00:00",
    "calendarYear": "1987",
    "period": "FY",
    "revenue": 1590500000,
    "costOfRevenue": 0,
    "grossProfit": 1590500000,
    "grossProfitRatio": 1,
    "researchAndDevelopmentExpenses": 0,
    "generalAndAdministrativeExpenses": 0,
    "sellingAndMarketingExpenses": 0,
    "sellingGeneralAndAdministrativeExpenses": 0,
    "otherExpenses": -1250400000,
    "operatingExpenses": -1250400000,
    "costAndExpenses": 32300000,
    "interestIncome": 0,
    "interestExpense": 32300000,
    "depreciationAndAmortization": 0,
    "ebitda": 0,
    "ebitdaratio": 0,
    "operatingIncome": 1558200000,
    "operatingIncomeRatio": 0.9796919208,
    "totalOtherIncomeExpensesNet": -1558200000,
    "incomeBeforeTax": 0,
    "incomeBeforeTaxRatio": 0,
    "incomeTaxExpense": 107300000,
    "netIncome": 200500000,
    "netIncomeRatio": 0.1260609871,
    "eps": 0.44,
    "epsdiluted": 0.44,
    "weightedAverageShsOut": 457397260,
    "weightedAverageShsOutDil": 457397260,
    "link": "",
    "finalLink": ""
  },
  {
    "date": "1986-12-31",
    "symbol": "GL",
    "reportedCurrency": "USD",
    "cik": "0000320335",
    "fillingDate": "1986-12-31",
    "acceptedDate": "1986-12-30 19:00:00",
    "calendarYear": "1986",
    "period": "FY",
    "revenue": 1555400000,
    "costOfRevenue": 0,
    "grossProfit": 1555400000,
    "grossProfitRatio": 1,
    "researchAndDevelopmentExpenses": 0,
    "generalAndAdministrativeExpenses": 0,
    "sellingAndMarketingExpenses": 0,
    "sellingGeneralAndAdministrativeExpenses": 0,
    "otherExpenses": -1306800000,
    "operatingExpenses": -1306800000,
    "costAndExpenses": 17700000,
    "interestIncome": 0,
    "interestExpense": 17700000,
    "depreciationAndAmortization": 0,
    "ebitda": 0,
    "ebitdaratio": 0,
    "operatingIncome": 1537700000,
    "operatingIncomeRatio": 0.9886202906,
    "totalOtherIncomeExpensesNet": -1537700000,
    "incomeBeforeTax": 0,
    "incomeBeforeTaxRatio": 0,
    "incomeTaxExpense": 25900000,
    "netIncome": 205000000,
    "netIncomeRatio": 0.1317988942,
    "eps": 0.42,
    "epsdiluted": 0.42,
    "weightedAverageShsOut": 487829670,
    "weightedAverageShsOutDil": 487829670,
    "link": "",
    "finalLink": ""
  },
  {
    "date": "1985-12-31",
    "symbol": "GL",
    "reportedCurrency": "USD",
    "cik": "0000320335",
    "fillingDate": "1985-12-31",
    "acceptedDate": "1985-12-30 19:00:00",
    "calendarYear": "1985",
    "period": "FY",
    "revenue": 1368000000,
    "costOfRevenue": 0,
    "grossProfit": 1368000000,
    "grossProfitRatio": 1,
    "researchAndDevelopmentExpenses": 0,
    "generalAndAdministrativeExpenses": 0,
    "sellingAndMarketingExpenses": 0,
    "sellingGeneralAndAdministrativeExpenses": 0,
    "otherExpenses": -1120700000,
    "operatingExpenses": -1120700000,
    "costAndExpenses": 16000000,
    "interestIncome": 0,
    "interestExpense": 16000000,
    "depreciationAndAmortization": 0,
    "ebitda": 0,
    "ebitdaratio": 0,
    "operatingIncome": 1352000000,
    "operatingIncomeRatio": 0.9883040936,
    "totalOtherIncomeExpensesNet": -1352000000,
    "incomeBeforeTax": 0,
    "incomeBeforeTaxRatio": 0,
    "incomeTaxExpense": 66200000,
    "netIncome": 165100000,
    "netIncomeRatio": 0.1206871345,
    "eps": 0.35,
    "epsdiluted": 0.35,
    "weightedAverageShsOut": 477739726,
    "weightedAverageShsOutDil": 477739726,
    "link": "",
    "finalLink": ""
  }
]