[
  {
    "date": "2025-06-30",
    "symbol": "GLW",
    "reportedCurrency": "USD",
    "cik": "0000024741",
    "fillingDate": "2025-08-01",
    "acceptedDate": "2025-08-01 10:46:29",
    "calendarYear": "2025",
    "period": "Q2",
    "revenue": 3862000000,
    "costOfRevenue": 2470000000,
    "grossProfit": 1392000000,
    "grossProfitRatio": 0.3604350078,
    "researchAndDevelopmentExpenses": 276000000,
    "generalAndAdministrativeExpenses": 0,
    "sellingAndMarketingExpenses": 0,
    "sellingGeneralAndAdministrativeExpenses": 515000000,
    "otherExpenses": 28000000,
    "operatingExpenses": 819000000,
    "costAndExpenses": 3289000000,
    "interestIncome": 5000000,
    "interestExpense": 83000000,
    "depreciationAndAmortization": 340000000,
    "ebitda": 1007000000,
    "ebitdaratio": 0.2607457276,
    "operatingIncome": 573000000,
    "operatingIncomeRatio": 0.1483687209,
    "totalOtherIncomeExpensesNet": 11000000,
    "incomeBeforeTax": 584000000,
    "incomeBeforeTaxRatio": 0.151216986,
    "incomeTaxExpense": 84000000,
    "netIncome": 469000000,
    "netIncomeRatio": 0.1214396686,
    "eps": 0.55,
    "epsdiluted": 0.54,
    "weightedAverageShsOut": 854000000,
    "weightedAverageShsOutDil": 866000000,
    "link": "https://www.sec.gov/Archives/edgar/data/24741/000162828025037169/0001628280-25-037169-index.htm",
    "finalLink": "https://www.sec.gov/Archives/edgar/data/24741/000162828025037169/glw-20250630.htm"
  },
  {
    "date": "2025-03-31",
    "symbol": "GLW",
    "reportedCurrency": "USD",
    "cik": "0000024741",
    "fillingDate": "2025-05-02",
    "acceptedDate": "2025-05-02 11:06:26",
    "calendarYear": "2025",
    "period": "Q1",
    "revenue": 3452000000,
    "costOfRevenue": 2238000000,
    "grossProfit": 1214000000,
    "grossProfitRatio": 0.3516801854,
    "researchAndDevelopmentExpenses": 270000000,
    "generalAndAdministrativeExpenses": 0,
    "sellingAndMarketingExpenses": 0,
    "sellingGeneralAndAdministrativeExpenses": 471000000,
    "otherExpenses": 28000000,
    "operatingExpenses": 769000000,
    "costAndExpenses": 3007000000,
    "interestIncome": 12000000,
    "interestExpense": 82000000,
    "depreciationAndAmortization": 319000000,
    "ebitda": 641000000,
    "ebitdaratio": 0.1856894554,
    "operatingIncome": 445000000,
    "operatingIncomeRatio": 0.1289107764,
    "totalOtherIncomeExpensesNet": -205000000,
    "incomeBeforeTax": 240000000,
    "incomeBeforeTaxRatio": 0.0695249131,
    "incomeTaxExpense": 55000000,
    "netIncome": 157000000,
    "netIncomeRatio": 0.0454808806,
    "eps": 0.18,
    "epsdiluted": 0.18,
    "weightedAverageShsOut": 854000000,
    "weightedAverageShsOutDil": 866000000,
    "link": "https://www.sec.gov/Archives/edgar/data/24741/000162828025021711/0001628280-25-021711-index.htm",
    "finalLink": "https://www.sec.gov/Archives/edgar/data/24741/000162828025021711/glw-20250331.htm"
  },
  {
    "date": "2024-12-31",
    "symbol": "GLW",
    "reportedCurrency": "USD",
    "cik": "0000024741",
    "fillingDate": "2025-02-13",
    "acceptedDate": "2025-02-13 13:15:45",
    "calendarYear": "2024",
    "period": "Q4",
    "revenue": 3501000000,
    "costOfRevenue": 2304000000,
    "grossProfit": 1197000000,
    "grossProfitRatio": 0.3419023136,
    "researchAndDevelopmentExpenses": 275000000,
    "generalAndAdministrativeExpenses": 0,
    "sellingAndMarketingExpenses": 0,
    "sellingGeneralAndAdministrativeExpenses": 499000000,
    "otherExpenses": 30000000,
    "operatingExpenses": 804000000,
    "costAndExpenses": 3108000000,
    "interestIncome": 13000000,
    "interestExpense": 79000000,
    "depreciationAndAmortization": 335000000,
    "ebitda": 851000000,
    "ebitdaratio": 0.2430734076,
    "operatingIncome": 393000000,
    "operatingIncomeRatio": 0.1122536418,
    "totalOtherIncomeExpensesNet": 44000000,
    "incomeBeforeTax": 437000000,
    "incomeBeforeTaxRatio": 0.1248214796,
    "incomeTaxExpense": 97000000,
    "netIncome": 310000000,
    "netIncomeRatio": 0.0885461297,
    "eps": 0.35,
    "epsdiluted": 0.36,
    "weightedAverageShsOut": 881990000,
    "weightedAverageShsOutDil": 854000000,
    "link": "https://www.sec.gov/Archives/edgar/data/24741/000162828025005347/0001628280-25-005347-index.htm",
    "finalLink": "https://www.sec.gov/Archives/edgar/data/24741/000162828025005347/glw-20241231.htm"
  },
  {
    "date": "2024-09-30",
    "symbol": "GLW",
    "reportedCurrency": "USD",
    "cik": "0000024741",
    "fillingDate": "2024-11-01",
    "acceptedDate": "2024-11-01 10:59:58",
    "calendarYear": "2024",
    "period": "Q3",
    "revenue": 3391000000,
    "costOfRevenue": 2254000000,
    "grossProfit": 1137000000,
    "grossProfitRatio": 0.3352993217,
    "researchAndDevelopmentExpenses": 294000000,
    "generalAndAdministrativeExpenses": 0,
    "sellingAndMarketingExpenses": 0,
    "sellingGeneralAndAdministrativeExpenses": 510000000,
    "otherExpenses": 31000000,
    "operatingExpenses": 835000000,
    "costAndExpenses": 3089000000,
    "interestIncome": 12000000,
    "interestExpense": 83000000,
    "depreciationAndAmortization": 341000000,
    "ebitda": 332000000,
    "ebitdaratio": 0.0979062224,
    "operatingIncome": 302000000,
    "operatingIncomeRatio": 0.0890592746,
    "totalOtherIncomeExpensesNet": -394000000,
    "incomeBeforeTax": -92000000,
    "incomeBeforeTaxRatio": -0.0271306399,
    "incomeTaxExpense": 3000000,
    "netIncome": -117000000,
    "netIncomeRatio": -0.0345030964,
    "eps": -0.14,
    "epsdiluted": -0.14,
    "weightedAverageShsOut": 854000000,
    "weightedAverageShsOutDil": 854000000,
    "link": "https://www.sec.gov/Archives/edgar/data/24741/000143774924032912/0001437749-24-032912-index.htm",
    "finalLink": "https://www.sec.gov/Archives/edgar/data/24741/000143774924032912/glw20240930_10q.htm"
  },
  {
    "date": "2024-06-30",
    "symbol": "GLW",
    "reportedCurrency": "USD",
    "cik": "0000024741",
    "fillingDate": "2024-08-02",
    "acceptedDate": "2024-08-02 16:20:53",
    "calendarYear": "2024",
    "period": "Q2",
    "revenue": 3251000000,
    "costOfRevenue": 2302000000,
    "grossProfit": 949000000,
    "grossProfitRatio": 0.2919101815,
    "researchAndDevelopmentExpenses": 262000000,
    "generalAndAdministrativeExpenses": 0,
    "sellingAndMarketingExpenses": 0,
    "sellingGeneralAndAdministrativeExpenses": 471000000,
    "otherExpenses": 30000000,
    "operatingExpenses": 763000000,
    "costAndExpenses": 3065000000,
    "interestIncome": 10000000,
    "interestExpense": 84000000,
    "depreciationAndAmortization": 337000000,
    "ebitda": 593000000,
    "ebitdaratio": 0.1824054137,
    "operatingIncome": 186000000,
    "operatingIncomeRatio": 0.0572131652,
    "totalOtherIncomeExpensesNet": -14000000,
    "incomeBeforeTax": 172000000,
    "incomeBeforeTaxRatio": 0.0529067979,
    "incomeTaxExpense": 50000000,
    "netIncome": 104000000,
    "netIncomeRatio": 0.0319901569,
    "eps": 0.12,
    "epsdiluted": 0.12,
    "weightedAverageShsOut": 853000000,
    "weightedAverageShsOutDil": 864000000,
    "link": "https://www.sec.gov/Archives/edgar/data/24741/000143774924024494/0001437749-24-024494-index.htm",
    "finalLink": "https://www.sec.gov/Archives/edgar/data/24741/000143774924024494/glw20240630_10q.htm"
  },
  {
    "date": "2024-03-31",
    "symbol": "GLW",
    "reportedCurrency": "USD",
    "cik": "0000024741",
    "fillingDate": "2024-05-02",
    "acceptedDate": "2024-05-02 13:40:38",
    "calendarYear": "2024",
    "period": "Q1",
    "revenue": 2975000000,
    "costOfRevenue": 1982000000,
    "grossProfit": 993000000,
    "grossProfitRatio": 0.3337815126,
    "researchAndDevelopmentExpenses": 258000000,
    "generalAndAdministrativeExpenses": 0,
    "sellingAndMarketingExpenses": 0,
    "sellingGeneralAndAdministrativeExpenses": 451000000,
    "otherExpenses": 30000000,
    "operatingExpenses": 739000000,
    "costAndExpenses": 2721000000,
    "interestIncome": 12000000,
    "interestExpense": 83000000,
    "depreciationAndAmortization": 337000000,
    "ebitda": 716000000,
    "ebitdaratio": 0.2406722689,
    "operatingIncome": 254000000,
    "operatingIncomeRatio": 0.0853781513,
    "totalOtherIncomeExpensesNet": 42000000,
    "incomeBeforeTax": 296000000,
    "incomeBeforeTaxRatio": 0.0994957983,
    "incomeTaxExpense": 71000000,
    "netIncome": 209000000,
    "netIncomeRatio": 0.0702521008,
    "eps": 0.25,
    "epsdiluted": 0.24,
    "weightedAverageShsOut": 852000000,
    "weightedAverageShsOutDil": 862000000,
    "link": "https://www.sec.gov/Archives/edgar/data/24741/000143774924014319/0001437749-24-014319-index.htm",
    "finalLink": "https://www.sec.gov/Archives/edgar/data/24741/000143774924014319/glw20240331_10q.htm"
  },
  {
    "date": "2023-12-31",
    "symbol": "GLW",
    "reportedCurrency": "USD",
    "cik": "0000024741",
    "fillingDate": "2024-02-12",
    "acceptedDate": "2024-02-12 13:58:00",
    "calendarYear": "2023",
    "period": "Q4",
    "revenue": 2994000000,
    "costOfRevenue": 2083000000,
    "grossProfit": 911000000,
    "grossProfitRatio": 0.3042752171,
    "researchAndDevelopmentExpenses": 289000000,
    "generalAndAdministrativeExpenses": 0,
    "sellingAndMarketingExpenses": 0,
    "sellingGeneralAndAdministrativeExpenses": 514000000,
    "otherExpenses": 30000000,
    "operatingExpenses": 833000000,
    "costAndExpenses": 2916000000,
    "interestIncome": 13000000,
    "interestExpense": 90000000,
    "depreciationAndAmortization": 345000000,
    "ebitda": 397000000,
    "ebitdaratio": 0.1325985304,
    "operatingIncome": 78000000,
    "operatingIncomeRatio": 0.0260521042,
    "totalOtherIncomeExpensesNet": -116000000,
    "incomeBeforeTax": -38000000,
    "incomeBeforeTaxRatio": -0.0126920508,
    "incomeTaxExpense": -10000000,
    "netIncome": -40000000,
    "netIncomeRatio": -0.0133600534,
    "eps": -0.047,
    "epsdiluted": -0.047,
    "weightedAverageShsOut": 851000000,
    "weightedAverageShsOutDil": 851000000,
    "link": "https://www.sec.gov/Archives/edgar/data/24741/000143774924003735/0001437749-24-003735-index.htm",
    "finalLink": "https://www.sec.gov/Archives/edgar/data/24741/000143774924003735/glw20231231_10k.htm"
  },
  {
    "date": "2023-09-30",
    "symbol": "GLW",
    "reportedCurrency": "USD",
    "cik": "0000024741",
    "fillingDate": "2023-10-30",
    "acceptedDate": "2023-10-30 11:53:49",
    "calendarYear": "2023",
    "period": "Q3",
    "revenue": 3173000000,
    "costOfRevenue": 2169000000,
    "grossProfit": 1004000000,
    "grossProfitRatio": 0.316419792,
    "researchAndDevelopmentExpenses": 270000000,
    "generalAndAdministrativeExpenses": 0,
    "sellingAndMarketingExpenses": 0,
    "sellingGeneralAndAdministrativeExpenses": 468000000,
    "otherExpenses": 30000000,
    "operatingExpenses": 768000000,
    "costAndExpenses": 2937000000,
    "interestIncome": 10000000,
    "interestExpense": 82000000,
    "depreciationAndAmortization": 340000000,
    "ebitda": 639000000,
    "ebitdaratio": 0.2013867003,
    "operatingIncome": 236000000,
    "operatingIncomeRatio": 0.0743775607,
    "totalOtherIncomeExpensesNet": -19000000,
    "incomeBeforeTax": 217000000,
    "incomeBeforeTaxRatio": 0.0683895367,
    "incomeTaxExpense": 35000000,
    "netIncome": 164000000,
    "netIncomeRatio": 0.0516861015,
    "eps": 0.19,
    "epsdiluted": 0.19,
    "weightedAverageShsOut": 850000000,
    "weightedAverageShsOutDil": 859000000,
    "link": "https://www.sec.gov/Archives/edgar/data/24741/000143774923029347/0001437749-23-029347-index.htm",
    "finalLink": "https://www.sec.gov/Archives/edgar/data/24741/000143774923029347/glw20230930_10q.htm"
  },
  {
    "date": "2023-06-30",
    "symbol": "GLW",
    "reportedCurrency": "USD",
    "cik": "0000024741",
    "fillingDate": "2023-07-27",
    "acceptedDate": "2023-07-27 12:22:51",
    "calendarYear": "2023",
    "period": "Q2",
    "revenue": 3243000000,
    "costOfRevenue": 2230000000,
    "grossProfit": 1013000000,
    "grossProfitRatio": 0.312365094,
    "researchAndDevelopmentExpenses": 263000000,
    "generalAndAdministrativeExpenses": 0,
    "sellingAndMarketingExpenses": 0,
    "sellingGeneralAndAdministrativeExpenses": 440000000,
    "otherExpenses": 31000000,
    "operatingExpenses": 734000000,
    "costAndExpenses": 2964000000,
    "interestIncome": 8000000,
    "interestExpense": 81000000,
    "depreciationAndAmortization": 343000000,
    "ebitda": 833000000,
    "ebitdaratio": 0.2568609312,
    "operatingIncome": 279000000,
    "operatingIncomeRatio": 0.0860314524,
    "totalOtherIncomeExpensesNet": 130000000,
    "incomeBeforeTax": 409000000,
    "incomeBeforeTaxRatio": 0.1261177922,
    "incomeTaxExpense": 106000000,
    "netIncome": 281000000,
    "netIncomeRatio": 0.0866481653,
    "eps": 0.33,
    "epsdiluted": 0.33,
    "weightedAverageShsOut": 848000000,
    "weightedAverageShsOutDil": 859000000,
    "link": "https://www.sec.gov/Archives/edgar/data/24741/000143774923020854/0001437749-23-020854-index.htm",
    "finalLink": "https://www.sec.gov/Archives/edgar/data/24741/000143774923020854/glw20230630_10q.htm"
  },
  {
    "date": "2023-03-31",
    "symbol": "GLW",
    "reportedCurrency": "USD",
    "cik": "0000024741",
    "fillingDate": "2023-04-28",
    "acceptedDate": "2023-04-28 11:32:07",
    "calendarYear": "2023",
    "period": "Q1",
    "revenue": 3178000000,
    "costOfRevenue": 2175000000,
    "grossProfit": 1003000000,
    "grossProfitRatio": 0.3156073002,
    "researchAndDevelopmentExpenses": 254000000,
    "generalAndAdministrativeExpenses": 0,
    "sellingAndMarketingExpenses": 0,
    "sellingGeneralAndAdministrativeExpenses": 421000000,
    "otherExpenses": 31000000,
    "operatingExpenses": 706000000,
    "costAndExpenses": 2881000000,
    "interestIncome": 7000000,
    "interestExpense": 76000000,
    "depreciationAndAmortization": 341000000,
    "ebitda": 645000000,
    "ebitdaratio": 0.2029578351,
    "operatingIncome": 297000000,
    "operatingIncomeRatio": 0.0934550031,
    "totalOtherIncomeExpensesNet": -69000000,
    "incomeBeforeTax": 228000000,
    "incomeBeforeTaxRatio": 0.0717432347,
    "incomeTaxExpense": 37000000,
    "netIncome": 176000000,
    "netIncomeRatio": 0.0553807426,
    "eps": 0.21,
    "epsdiluted": 0.2,
    "weightedAverageShsOut": 844000000,
    "weightedAverageShsOutDil": 859000000,
    "link": "https://www.sec.gov/Archives/edgar/data/24741/000143774923011533/0001437749-23-011533-index.htm",
    "finalLink": "https://www.sec.gov/Archives/edgar/data/24741/000143774923011533/glw20230331_10q.htm"
  },
  {
    "date": "2022-12-31",
    "symbol": "GLW",
    "reportedCurrency": "USD",
    "cik": "0000024741",
    "fillingDate": "2023-02-13",
    "acceptedDate": "2023-02-13 15:17:42",
    "calendarYear": "2022",
    "period": "Q4",
    "revenue": 3406000000,
    "costOfRevenue": 2491000000,
    "grossProfit": 915000000,
    "grossProfitRatio": 0.2686435702,
    "researchAndDevelopmentExpenses": 281000000,
    "generalAndAdministrativeExpenses": 0,
    "sellingAndMarketingExpenses": 0,
    "sellingGeneralAndAdministrativeExpenses": 517000000,
    "otherExpenses": 31000000,
    "operatingExpenses": 829000000,
    "costAndExpenses": 3320000000,
    "interestIncome": 6000000,
    "interestExpense": 76000000,
    "depreciationAndAmortization": 346000000,
    "ebitda": 426000000,
    "ebitdaratio": 0.1250733999,
    "operatingIncome": 86000000,
    "operatingIncomeRatio": 0.0252495596,
    "totalOtherIncomeExpensesNet": -82000000,
    "incomeBeforeTax": 4000000,
    "incomeBeforeTaxRatio": 0.0011743981,
    "incomeTaxExpense": 31000000,
    "netIncome": -36000000,
    "netIncomeRatio": -0.0105695831,
    "eps": -0.0427,
    "epsdiluted": -0.0427,
    "weightedAverageShsOut": 843000000,
    "weightedAverageShsOutDil": 843000000,
    "link": "https://www.sec.gov/Archives/edgar/data/24741/000143774923003123/0001437749-23-003123-index.htm",
    "finalLink": "https://www.sec.gov/Archives/edgar/data/24741/000143774923003123/glw20221231_10k.htm"
  },
  {
    "date": "2022-09-30",
    "symbol": "GLW",
    "reportedCurrency": "USD",
    "cik": "0000024741",
    "fillingDate": "2022-10-27",
    "acceptedDate": "2022-10-27 14:38:18",
    "calendarYear": "2022",
    "period": "Q3",
    "revenue": 3488000000,
    "costOfRevenue": 2426000000,
    "grossProfit": 1062000000,
    "grossProfitRatio": 0.3044724771,
    "researchAndDevelopmentExpenses": 278000000,
    "generalAndAdministrativeExpenses": 0,
    "sellingAndMarketingExpenses": 0,
    "sellingGeneralAndAdministrativeExpenses": 461000000,
    "otherExpenses": 31000000,
    "operatingExpenses": 770000000,
    "costAndExpenses": 3196000000,
    "interestIncome": 3000000,
    "interestExpense": 73000000,
    "depreciationAndAmortization": 358000000,
    "ebitda": 691000000,
    "ebitdaratio": 0.1981077982,
    "operatingIncome": 292000000,
    "operatingIncomeRatio": 0.0837155963,
    "totalOtherIncomeExpensesNet": -32000000,
    "incomeBeforeTax": 260000000,
    "incomeBeforeTaxRatio": 0.0745412844,
    "incomeTaxExpense": 34000000,
    "netIncome": 208000000,
    "netIncomeRatio": 0.0596330275,
    "eps": 0.25,
    "epsdiluted": 0.24,
    "weightedAverageShsOut": 843000000,
    "weightedAverageShsOutDil": 855000000,
    "link": "https://www.sec.gov/Archives/edgar/data/24741/000143774922024920/0001437749-22-024920-index.htm",
    "finalLink": "https://www.sec.gov/Archives/edgar/data/24741/000143774922024920/glw20220930_10q.htm"
  },
  {
    "date": "2022-06-30",
    "symbol": "GLW",
    "reportedCurrency": "USD",
    "cik": "0000024741",
    "fillingDate": "2022-07-29",
    "acceptedDate": "2022-07-29 11:01:17",
    "calendarYear": "2022",
    "period": "Q2",
    "revenue": 3615000000,
    "costOfRevenue": 2369000000,
    "grossProfit": 1246000000,
    "grossProfitRatio": 0.3446749654,
    "researchAndDevelopmentExpenses": 240000000,
    "generalAndAdministrativeExpenses": 0,
    "sellingAndMarketingExpenses": 0,
    "sellingGeneralAndAdministrativeExpenses": 486000000,
    "otherExpenses": 30000000,
    "operatingExpenses": 756000000,
    "costAndExpenses": 3125000000,
    "interestIncome": 3000000,
    "interestExpense": 72000000,
    "depreciationAndAmortization": 375000000,
    "ebitda": 1197000000,
    "ebitdaratio": 0.331120332,
    "operatingIncome": 490000000,
    "operatingIncomeRatio": 0.1355463347,
    "totalOtherIncomeExpensesNet": 260000000,
    "incomeBeforeTax": 750000000,
    "incomeBeforeTaxRatio": 0.2074688797,
    "incomeTaxExpense": 166000000,
    "netIncome": 563000000,
    "netIncomeRatio": 0.1557399723,
    "eps": 0.67,
    "epsdiluted": 0.66,
    "weightedAverageShsOut": 843000000,
    "weightedAverageShsOutDil": 856000000,
    "link": "https://www.sec.gov/Archives/edgar/data/24741/000143774922018099/0001437749-22-018099-index.htm",
    "finalLink": "https://www.sec.gov/Archives/edgar/data/24741/000143774922018099/glw20220630_10q.htm"
  },
  {
    "date": "2022-03-31",
    "symbol": "GLW",
    "reportedCurrency": "USD",
    "cik": "0000024741",
    "fillingDate": "2022-04-29",
    "acceptedDate": "2022-04-29 15:27:25",
    "calendarYear": "2022",
    "period": "Q1",
    "revenue": 3680000000,
    "costOfRevenue": 2397000000,
    "grossProfit": 1283000000,
    "grossProfitRatio": 0.3486413043,
    "researchAndDevelopmentExpenses": 248000000,
    "generalAndAdministrativeExpenses": 0,
    "sellingAndMarketingExpenses": 0,
    "sellingGeneralAndAdministrativeExpenses": 434000000,
    "otherExpenses": 31000000,
    "operatingExpenses": 713000000,
    "costAndExpenses": 3110000000,
    "interestIncome": 3000000,
    "interestExpense": 71000000,
    "depreciationAndAmortization": 373000000,
    "ebitda": 1227000000,
    "ebitdaratio": 0.333423913,
    "operatingIncome": 570000000,
    "operatingIncomeRatio": 0.1548913043,
    "totalOtherIncomeExpensesNet": 213000000,
    "incomeBeforeTax": 783000000,
    "incomeBeforeTaxRatio": 0.2127717391,
    "incomeTaxExpense": 180000000,
    "netIncome": 581000000,
    "netIncomeRatio": 0.1578804348,
    "eps": 0.69,
    "epsdiluted": 0.68,
    "weightedAverageShsOut": 843000000,
    "weightedAverageShsOutDil": 859000000,
    "link": "https://www.sec.gov/Archives/edgar/data/24741/000143774922010222/0001437749-22-010222-index.htm",
    "finalLink": "https://www.sec.gov/Archives/edgar/data/24741/000143774922010222/glw20220331_10q.htm"
  },
  {
    "date": "2021-12-31",
    "symbol": "GLW",
    "reportedCurrency": "USD",
    "cik": "0000024741",
    "fillingDate": "2022-02-14",
    "acceptedDate": "2022-02-14 15:33:51",
    "calendarYear": "2021",
    "period": "Q4",
    "revenue": 3676000000,
    "costOfRevenue": 2405000000,
    "grossProfit": 1271000000,
    "grossProfitRatio": 0.3457562568,
    "researchAndDevelopmentExpenses": 280000000,
    "generalAndAdministrativeExpenses": 0,
    "sellingAndMarketingExpenses": 0,
    "sellingGeneralAndAdministrativeExpenses": 476000000,
    "otherExpenses": 32000000,
    "operatingExpenses": 788000000,
    "costAndExpenses": 3193000000,
    "interestIncome": 3000000,
    "interestExpense": 73000000,
    "depreciationAndAmortization": 379000000,
    "ebitda": 1028000000,
    "ebitdaratio": 0.2796517954,
    "operatingIncome": 483000000,
    "operatingIncomeRatio": 0.1313928183,
    "totalOtherIncomeExpensesNet": 102000000,
    "incomeBeforeTax": 585000000,
    "incomeBeforeTaxRatio": 0.15914037,
    "incomeTaxExpense": 89000000,
    "netIncome": 487000000,
    "netIncomeRatio": 0.1324809576,
    "eps": 0.57,
    "epsdiluted": 0.56,
    "weightedAverageShsOut": 849000000,
    "weightedAverageShsOutDil": 864000000,
    "link": "https://www.sec.gov/Archives/edgar/data/24741/000143774922003247/0001437749-22-003247-index.htm",
    "finalLink": "https://www.sec.gov/Archives/edgar/data/24741/000143774922003247/glw20211231_10k.htm"
  },
  {
    "date": "2021-09-30",
    "symbol": "GLW",
    "reportedCurrency": "USD",
    "cik": "0000024741",
    "fillingDate": "2021-10-29",
    "acceptedDate": "2021-10-29 15:03:01",
    "calendarYear": "2021",
    "period": "Q3",
    "revenue": 3615000000,
    "costOfRevenue": 2294000000,
    "grossProfit": 1321000000,
    "grossProfitRatio": 0.3654218534,
    "researchAndDevelopmentExpenses": 251000000,
    "generalAndAdministrativeExpenses": 0,
    "sellingAndMarketingExpenses": 0,
    "sellingGeneralAndAdministrativeExpenses": 486000000,
    "otherExpenses": 32000000,
    "operatingExpenses": 769000000,
    "costAndExpenses": 3063000000,
    "interestIncome": 3000000,
    "interestExpense": 72000000,
    "depreciationAndAmortization": 371000000,
    "ebitda": 936000000,
    "ebitdaratio": 0.2589211618,
    "operatingIncome": 552000000,
    "operatingIncomeRatio": 0.1526970954,
    "totalOtherIncomeExpensesNet": -59000000,
    "incomeBeforeTax": 493000000,
    "incomeBeforeTaxRatio": 0.1363762102,
    "incomeTaxExpense": 109000000,
    "netIncome": 371000000,
    "netIncomeRatio": 0.1026279391,
    "eps": 0.44,
    "epsdiluted": 0.43,
    "weightedAverageShsOut": 852000000,
    "weightedAverageShsOutDil": 866000000,
    "link": "https://www.sec.gov/Archives/edgar/data/24741/000143774921024640/0001437749-21-024640-index.htm",
    "finalLink": "https://www.sec.gov/Archives/edgar/data/24741/000143774921024640/glw20210930_10q.htm"
  },
  {
    "date": "2021-06-30",
    "symbol": "GLW",
    "reportedCurrency": "USD",
    "cik": "0000024741",
    "fillingDate": "2021-07-27",
    "acceptedDate": "2021-07-27 16:53:31",
    "calendarYear": "2021",
    "period": "Q2",
    "revenue": 3501000000,
    "costOfRevenue": 2186000000,
    "grossProfit": 1315000000,
    "grossProfitRatio": 0.3756069694,
    "researchAndDevelopmentExpenses": 242000000,
    "generalAndAdministrativeExpenses": 0,
    "sellingAndMarketingExpenses": 0,
    "sellingGeneralAndAdministrativeExpenses": 465000000,
    "otherExpenses": 33000000,
    "operatingExpenses": 740000000,
    "costAndExpenses": 2926000000,
    "interestIncome": 2000000,
    "interestExpense": 78000000,
    "depreciationAndAmortization": 369000000,
    "ebitda": 968000000,
    "ebitdaratio": 0.2764924307,
    "operatingIncome": 575000000,
    "operatingIncomeRatio": 0.1642387889,
    "totalOtherIncomeExpensesNet": -54000000,
    "incomeBeforeTax": 521000000,
    "incomeBeforeTaxRatio": 0.1488146244,
    "incomeTaxExpense": 67000000,
    "netIncome": 449000000,
    "netIncomeRatio": 0.1282490717,
    "eps": -0.42,
    "epsdiluted": -0.42,
    "weightedAverageShsOut": 842857142,
    "weightedAverageShsOutDil": 844000000,
    "link": "https://www.sec.gov/Archives/edgar/data/24741/000143774921017671/0001437749-21-017671-index.htm",
    "finalLink": "https://www.sec.gov/Archives/edgar/data/24741/000143774921017671/glw20210630_10q.htm"
  },
  {
    "date": "2021-03-31",
    "symbol": "GLW",
    "reportedCurrency": "USD",
    "cik": "0000024741",
    "fillingDate": "2021-04-30",
    "acceptedDate": "2021-04-30 11:45:36",
    "calendarYear": "2021",
    "period": "Q1",
    "revenue": 3290000000,
    "costOfRevenue": 2134000000,
    "grossProfit": 1156000000,
    "grossProfitRatio": 0.3513677812,
    "researchAndDevelopmentExpenses": 222000000,
    "generalAndAdministrativeExpenses": 0,
    "sellingAndMarketingExpenses": 0,
    "sellingGeneralAndAdministrativeExpenses": 400000000,
    "otherExpenses": 32000000,
    "operatingExpenses": 654000000,
    "costAndExpenses": 2788000000,
    "interestIncome": 3000000,
    "interestExpense": 77000000,
    "depreciationAndAmortization": 362000000,
    "ebitda": 1264000000,
    "ebitdaratio": 0.3841945289,
    "operatingIncome": 502000000,
    "operatingIncomeRatio": 0.1525835866,
    "totalOtherIncomeExpensesNet": 323000000,
    "incomeBeforeTax": 825000000,
    "incomeBeforeTaxRatio": 0.2507598784,
    "incomeTaxExpense": 226000000,
    "netIncome": 599000000,
    "netIncomeRatio": 0.1820668693,
    "eps": 0.75,
    "epsdiluted": 0.67,
    "weightedAverageShsOut": 766000000,
    "weightedAverageShsOutDil": 898000000,
    "link": "https://www.sec.gov/Archives/edgar/data/24741/000143774921010366/0001437749-21-010366-index.htm",
    "finalLink": "https://www.sec.gov/Archives/edgar/data/24741/000143774921010366/glw20210331_10q.htm"
  },
  {
    "date": "2020-12-31",
    "symbol": "GLW",
    "reportedCurrency": "USD",
    "cik": "0000024741",
    "fillingDate": "2021-02-12",
    "acceptedDate": "2021-02-12 17:24:24",
    "calendarYear": "2020",
    "period": "Q4",
    "revenue": 3350000000,
    "costOfRevenue": 2137000000,
    "grossProfit": 1213000000,
    "grossProfitRatio": 0.3620895522,
    "researchAndDevelopmentExpenses": 232000000,
    "generalAndAdministrativeExpenses": 0,
    "sellingAndMarketingExpenses": 0,
    "sellingGeneralAndAdministrativeExpenses": 471000000,
    "otherExpenses": 34000000,
    "operatingExpenses": 737000000,
    "costAndExpenses": 2874000000,
    "interestIncome": 3000000,
    "interestExpense": 75000000,
    "depreciationAndAmortization": 392000000,
    "ebitda": 797000000,
    "ebitdaratio": 0.2379104478,
    "operatingIncome": 476000000,
    "operatingIncomeRatio": 0.1420895522,
    "totalOtherIncomeExpensesNet": -146000000,
    "incomeBeforeTax": 330000000,
    "incomeBeforeTaxRatio": 0.0985074627,
    "incomeTaxExpense": 78000000,
    "netIncome": 252000000,
    "netIncomeRatio": 0.0752238806,
    "eps": 0.3,
    "epsdiluted": 0.26,
    "weightedAverageShsOut": 763000000,
    "weightedAverageShsOutDil": 894000000,
    "link": "https://www.sec.gov/Archives/edgar/data/24741/000156276221000023/0001562762-21-000023-index.htm",
    "finalLink": "https://www.sec.gov/Archives/edgar/data/24741/000156276221000023/glw-20201231x10k.htm"
  },
  {
    "date": "2020-09-30",
    "symbol": "GLW",
    "reportedCurrency": "USD",
    "cik": "0000024741",
    "fillingDate": "2020-10-29",
    "acceptedDate": "2020-10-29 17:06:45",
    "calendarYear": "2020",
    "period": "Q3",
    "revenue": 3001000000,
    "costOfRevenue": 2000000000,
    "grossProfit": 1001000000,
    "grossProfitRatio": 0.3335554815,
    "researchAndDevelopmentExpenses": 231000000,
    "generalAndAdministrativeExpenses": 0,
    "sellingAndMarketingExpenses": 0,
    "sellingGeneralAndAdministrativeExpenses": 480000000,
    "otherExpenses": 33000000,
    "operatingExpenses": 744000000,
    "costAndExpenses": 2744000000,
    "interestIncome": 3000000,
    "interestExpense": 70000000,
    "depreciationAndAmortization": 394000000,
    "ebitda": 914000000,
    "ebitdaratio": 0.304565145,
    "operatingIncome": 257000000,
    "operatingIncomeRatio": 0.0856381206,
    "totalOtherIncomeExpensesNet": 193000000,
    "incomeBeforeTax": 450000000,
    "incomeBeforeTaxRatio": 0.1499500167,
    "incomeTaxExpense": 23000000,
    "netIncome": 427000000,
    "netIncomeRatio": 0.1422859047,
    "eps": 0.56,
    "epsdiluted": 0.48,
    "weightedAverageShsOut": 760000000,
    "weightedAverageShsOutDil": 889000000,
    "link": "https://www.sec.gov/Archives/edgar/data/24741/000002474120000065/0000024741-20-000065-index.htm",
    "finalLink": "https://www.sec.gov/Archives/edgar/data/24741/000002474120000065/glw-20200930x10q.htm"
  },
  {
    "date": "2020-06-30",
    "symbol": "GLW",
    "reportedCurrency": "USD",
    "cik": "0000024741",
    "fillingDate": "2020-07-30",
    "acceptedDate": "2020-07-30 18:59:45",
    "calendarYear": "2020",
    "period": "Q2",
    "revenue": 2561000000,
    "costOfRevenue": 1805000000,
    "grossProfit": 756000000,
    "grossProfitRatio": 0.2951971886,
    "researchAndDevelopmentExpenses": 430000000,
    "generalAndAdministrativeExpenses": 0,
    "sellingAndMarketingExpenses": 0,
    "sellingGeneralAndAdministrativeExpenses": 401000000,
    "otherExpenses": 28000000,
    "operatingExpenses": 859000000,
    "costAndExpenses": 2664000000,
    "interestIncome": 3000000,
    "interestExpense": 67000000,
    "depreciationAndAmortization": 352000000,
    "ebitda": 370000000,
    "ebitdaratio": 0.1444748145,
    "operatingIncome": -103000000,
    "operatingIncomeRatio": -0.0402186646,
    "totalOtherIncomeExpensesNet": 54000000,
    "incomeBeforeTax": -49000000,
    "incomeBeforeTaxRatio": -0.0191331511,
    "incomeTaxExpense": 22000000,
    "netIncome": -71000000,
    "netIncomeRatio": -0.0277235455,
    "eps": -0.13,
    "epsdiluted": -0.13,
    "weightedAverageShsOut": 738461538,
    "weightedAverageShsOutDil": 759000000,
    "link": "https://www.sec.gov/Archives/edgar/data/24741/000002474120000055/0000024741-20-000055-index.htm",
    "finalLink": "https://www.sec.gov/Archives/edgar/data/24741/000002474120000055/glw-20200630x10q.htm"
  },
  {
    "date": "2020-03-31",
    "symbol": "GLW",
    "reportedCurrency": "USD",
    "cik": "0000024741",
    "fillingDate": "2020-05-05",
    "acceptedDate": "2020-05-05 16:42:29",
    "calendarYear": "2020",
    "period": "Q1",
    "revenue": 2391000000,
    "costOfRevenue": 1830000000,
    "grossProfit": 561000000,
    "grossProfitRatio": 0.234629862,
    "researchAndDevelopmentExpenses": 261000000,
    "generalAndAdministrativeExpenses": 0,
    "sellingAndMarketingExpenses": 0,
    "sellingGeneralAndAdministrativeExpenses": 395000000,
    "otherExpenses": 26000000,
    "operatingExpenses": 682000000,
    "costAndExpenses": 2512000000,
    "interestIncome": 6000000,
    "interestExpense": 64000000,
    "depreciationAndAmortization": 382000000,
    "ebitda": 338000000,
    "ebitdaratio": 0.1413634463,
    "operatingIncome": -121000000,
    "operatingIncomeRatio": -0.0506064408,
    "totalOtherIncomeExpensesNet": 13000000,
    "incomeBeforeTax": -108000000,
    "incomeBeforeTaxRatio": -0.0451693852,
    "incomeTaxExpense": -12000000,
    "netIncome": -96000000,
    "netIncomeRatio": -0.0401505646,
    "eps": -0.16,
    "epsdiluted": -0.16,
    "weightedAverageShsOut": 750000000,
    "weightedAverageShsOutDil": 760000000,
    "link": "https://www.sec.gov/Archives/edgar/data/24741/000002474120000029/0000024741-20-000029-index.htm",
    "finalLink": "https://www.sec.gov/Archives/edgar/data/24741/000002474120000029/glw-20200331x10q.htm"
  },
  {
    "date": "2019-12-31",
    "symbol": "GLW",
    "reportedCurrency": "USD",
    "cik": "0000024741",
    "fillingDate": "2020-02-18",
    "acceptedDate": "2020-02-14 17:54:02",
    "calendarYear": "2019",
    "period": "Q4",
    "revenue": 2817000000,
    "costOfRevenue": 1963000000,
    "grossProfit": 854000000,
    "grossProfitRatio": 0.3031593894,
    "researchAndDevelopmentExpenses": 278000000,
    "generalAndAdministrativeExpenses": 0,
    "sellingAndMarketingExpenses": 0,
    "sellingGeneralAndAdministrativeExpenses": 401000000,
    "otherExpenses": 28000000,
    "operatingExpenses": 707000000,
    "costAndExpenses": 2670000000,
    "interestIncome": 5000000,
    "interestExpense": 60000000,
    "depreciationAndAmortization": 392000000,
    "ebitda": 469000000,
    "ebitdaratio": 0.1664891729,
    "operatingIncome": 147000000,
    "operatingIncomeRatio": 0.0521831736,
    "totalOtherIncomeExpensesNet": -130000000,
    "incomeBeforeTax": 17000000,
    "incomeBeforeTaxRatio": 0.0060347888,
    "incomeTaxExpense": -15000000,
    "netIncome": 32000000,
    "netIncomeRatio": 0.0113596024,
    "eps": 0.0105,
    "epsdiluted": 0.0092,
    "weightedAverageShsOut": 764000000,
    "weightedAverageShsOutDil": 886000000,
    "link": "https://www.sec.gov/Archives/edgar/data/24741/000002474120000014/0000024741-20-000014-index.htm",
    "finalLink": "https://www.sec.gov/Archives/edgar/data/24741/000002474120000014/glw-20191231x10k.htm"
  },
  {
    "date": "2019-09-30",
    "symbol": "GLW",
    "reportedCurrency": "USD",
    "cik": "0000024741",
    "fillingDate": "2019-10-30",
    "acceptedDate": "2019-10-30 07:53:36",
    "calendarYear": "2019",
    "period": "Q3",
    "revenue": 2934000000,
    "costOfRevenue": 1917000000,
    "grossProfit": 1017000000,
    "grossProfitRatio": 0.3466257669,
    "researchAndDevelopmentExpenses": 255000000,
    "generalAndAdministrativeExpenses": 0,
    "sellingAndMarketingExpenses": 0,
    "sellingGeneralAndAdministrativeExpenses": 369000000,
    "otherExpenses": 28000000,
    "operatingExpenses": 652000000,
    "costAndExpenses": 2569000000,
    "interestIncome": 4000000,
    "interestExpense": 55000000,
    "depreciationAndAmortization": 396000000,
    "ebitda": 859000000,
    "ebitdaratio": 0.2927743695,
    "operatingIncome": 365000000,
    "operatingIncomeRatio": 0.1244035446,
    "totalOtherIncomeExpensesNet": 43000000,
    "incomeBeforeTax": 408000000,
    "incomeBeforeTaxRatio": 0.1390593047,
    "incomeTaxExpense": 71000000,
    "netIncome": 337000000,
    "netIncomeRatio": 0.114860259,
    "eps": 0.43,
    "epsdiluted": 0.38,
    "weightedAverageShsOut": 775000000,
    "weightedAverageShsOutDil": 897000000,
    "link": "https://www.sec.gov/Archives/edgar/data/24741/000002474119000061/0000024741-19-000061-index.htm",
    "finalLink": "https://www.sec.gov/Archives/edgar/data/24741/000002474119000061/glw-20190930x10q.htm"
  },
  {
    "date": "2019-06-30",
    "symbol": "GLW",
    "reportedCurrency": "USD",
    "cik": "0000024741",
    "fillingDate": "2019-07-31",
    "acceptedDate": "2019-07-31 15:01:51",
    "calendarYear": "2019",
    "period": "Q2",
    "revenue": 2940000000,
    "costOfRevenue": 1875000000,
    "grossProfit": 1065000000,
    "grossProfitRatio": 0.362244898,
    "researchAndDevelopmentExpenses": 249000000,
    "generalAndAdministrativeExpenses": 0,
    "sellingAndMarketingExpenses": 0,
    "sellingGeneralAndAdministrativeExpenses": 414000000,
    "otherExpenses": 28000000,
    "operatingExpenses": 691000000,
    "costAndExpenses": 2566000000,
    "interestIncome": 5000000,
    "interestExpense": 54000000,
    "depreciationAndAmortization": 380000000,
    "ebitda": 650000000,
    "ebitdaratio": 0.2210884354,
    "operatingIncome": 374000000,
    "operatingIncomeRatio": 0.1272108844,
    "totalOtherIncomeExpensesNet": -158000000,
    "incomeBeforeTax": 216000000,
    "incomeBeforeTaxRatio": 0.0734693878,
    "incomeTaxExpense": 124000000,
    "netIncome": 92000000,
    "netIncomeRatio": 0.031292517,
    "eps": 0.0871,
    "epsdiluted": 0.0862,
    "weightedAverageShsOut": 781000000,
    "weightedAverageShsOutDil": 789000000,
    "link": "https://www.sec.gov/Archives/edgar/data/24741/000002474119000052/0000024741-19-000052-index.htm",
    "finalLink": "https://www.sec.gov/Archives/edgar/data/24741/000002474119000052/glw-20190630x10q.htm"
  },
  {
    "date": "2019-03-31",
    "symbol": "GLW",
    "reportedCurrency": "USD",
    "cik": "0000024741",
    "fillingDate": "2019-05-03",
    "acceptedDate": "2019-05-03 12:36:20",
    "calendarYear": "2019",
    "period": "Q1",
    "revenue": 2812000000,
    "costOfRevenue": 1713000000,
    "grossProfit": 1099000000,
    "grossProfitRatio": 0.3908250356,
    "researchAndDevelopmentExpenses": 249000000,
    "generalAndAdministrativeExpenses": 0,
    "sellingAndMarketingExpenses": 0,
    "sellingGeneralAndAdministrativeExpenses": 401000000,
    "otherExpenses": 29000000,
    "operatingExpenses": 679000000,
    "costAndExpenses": 2392000000,
    "interestIncome": 7000000,
    "interestExpense": 52000000,
    "depreciationAndAmortization": 335000000,
    "ebitda": 962000000,
    "ebitdaratio": 0.3421052632,
    "operatingIncome": 420000000,
    "operatingIncomeRatio": 0.1493598862,
    "totalOtherIncomeExpensesNet": 155000000,
    "incomeBeforeTax": 575000000,
    "incomeBeforeTaxRatio": 0.2044807966,
    "incomeTaxExpense": 76000000,
    "netIncome": 499000000,
    "netIncomeRatio": 0.1774537696,
    "eps": 0.61,
    "epsdiluted": 0.55,
    "weightedAverageShsOut": 784000000,
    "weightedAverageShsOutDil": 908000000,
    "link": "https://www.sec.gov/Archives/edgar/data/24741/000002474119000026/0000024741-19-000026-index.htm",
    "finalLink": "https://www.sec.gov/Archives/edgar/data/24741/000002474119000026/glw-20190331x10q.htm"
  },
  {
    "date": "2018-12-31",
    "symbol": "GLW",
    "reportedCurrency": "USD",
    "cik": "0000024741",
    "fillingDate": "2019-02-12",
    "acceptedDate": "2019-02-12 13:00:22",
    "calendarYear": "2018",
    "period": "Q4",
    "revenue": 3035000000,
    "costOfRevenue": 1833000000,
    "grossProfit": 1202000000,
    "grossProfitRatio": 0.3960461285,
    "researchAndDevelopmentExpenses": 265000000,
    "generalAndAdministrativeExpenses": 0,
    "sellingAndMarketingExpenses": 0,
    "sellingGeneralAndAdministrativeExpenses": 447000000,
    "otherExpenses": 26000000,
    "operatingExpenses": 738000000,
    "costAndExpenses": 2571000000,
    "interestIncome": 9000000,
    "interestExpense": 51000000,
    "depreciationAndAmortization": 330000000,
    "ebitda": 727000000,
    "ebitdaratio": 0.239538715,
    "operatingIncome": 464000000,
    "operatingIncomeRatio": 0.1528830313,
    "totalOtherIncomeExpensesNet": -118000000,
    "incomeBeforeTax": 346000000,
    "incomeBeforeTaxRatio": 0.1140032949,
    "incomeTaxExpense": 54000000,
    "netIncome": 292000000,
    "netIncomeRatio": 0.0962108731,
    "eps": 0.34,
    "epsdiluted": 0.34,
    "weightedAverageShsOut": 795000000,
    "weightedAverageShsOutDil": 919000000,
    "link": "https://www.sec.gov/Archives/edgar/data/24741/000002474119000016/0000024741-19-000016-index.htm",
    "finalLink": "https://www.sec.gov/Archives/edgar/data/24741/000002474119000016/glw-20181231x10k.htm"
  },
  {
    "date": "2018-09-30",
    "symbol": "GLW",
    "reportedCurrency": "USD",
    "cik": "0000024741",
    "fillingDate": "2018-10-24",
    "acceptedDate": "2018-10-24 16:05:32",
    "calendarYear": "2018",
    "period": "Q3",
    "revenue": 3008000000,
    "costOfRevenue": 1776000000,
    "grossProfit": 1232000000,
    "grossProfitRatio": 0.4095744681,
    "researchAndDevelopmentExpenses": 244000000,
    "generalAndAdministrativeExpenses": 0,
    "sellingAndMarketingExpenses": 0,
    "sellingGeneralAndAdministrativeExpenses": 439000000,
    "otherExpenses": 27000000,
    "operatingExpenses": 710000000,
    "costAndExpenses": 2486000000,
    "interestIncome": 7000000,
    "interestExpense": 45000000,
    "depreciationAndAmortization": 318000000,
    "ebitda": 1121000000,
    "ebitdaratio": 0.3726728723,
    "operatingIncome": 522000000,
    "operatingIncomeRatio": 0.173537234,
    "totalOtherIncomeExpensesNet": 236000000,
    "incomeBeforeTax": 758000000,
    "incomeBeforeTaxRatio": 0.2519946809,
    "incomeTaxExpense": 133000000,
    "netIncome": 625000000,
    "netIncomeRatio": 0.2077792553,
    "eps": 0.75,
    "epsdiluted": 0.67,
    "weightedAverageShsOut": 805000000,
    "weightedAverageShsOutDil": 930000000,
    "link": "https://www.sec.gov/Archives/edgar/data/24741/000002474118000053/0000024741-18-000053-index.htm",
    "finalLink": "https://www.sec.gov/Archives/edgar/data/24741/000002474118000053/glw-20180930x10q.htm"
  },
  {
    "date": "2018-06-30",
    "symbol": "GLW",
    "reportedCurrency": "USD",
    "cik": "0000024741",
    "fillingDate": "2018-07-27",
    "acceptedDate": "2018-07-27 11:26:47",
    "calendarYear": "2018",
    "period": "Q2",
    "revenue": 2747000000,
    "costOfRevenue": 1675000000,
    "grossProfit": 1072000000,
    "grossProfitRatio": 0.3902439024,
    "researchAndDevelopmentExpenses": 243000000,
    "generalAndAdministrativeExpenses": 0,
    "sellingAndMarketingExpenses": 0,
    "sellingGeneralAndAdministrativeExpenses": 412000000,
    "otherExpenses": 22000000,
    "operatingExpenses": 677000000,
    "costAndExpenses": 2352000000,
    "interestIncome": 9000000,
    "interestExpense": 43000000,
    "depreciationAndAmortization": 322000000,
    "ebitda": 1229000000,
    "ebitdaratio": 0.4473971605,
    "operatingIncome": 395000000,
    "operatingIncomeRatio": 0.143793229,
    "totalOtherIncomeExpensesNet": 469000000,
    "incomeBeforeTax": 864000000,
    "incomeBeforeTaxRatio": 0.3145249363,
    "incomeTaxExpense": 126000000,
    "netIncome": 738000000,
    "netIncomeRatio": 0.2686567164,
    "eps": 0.87,
    "epsdiluted": 0.78,
    "weightedAverageShsOut": 819000000,
    "weightedAverageShsOutDil": 943000000,
    "link": "https://www.sec.gov/Archives/edgar/data/24741/000002474118000045/0000024741-18-000045-index.htm",
    "finalLink": "https://www.sec.gov/Archives/edgar/data/24741/000002474118000045/glw-20180630x10q.htm"
  },
  {
    "date": "2018-03-31",
    "symbol": "GLW",
    "reportedCurrency": "USD",
    "cik": "0000024741",
    "fillingDate": "2018-04-26",
    "acceptedDate": "2018-04-26 16:59:41",
    "calendarYear": "2018",
    "period": "Q1",
    "revenue": 2500000000,
    "costOfRevenue": 1545000000,
    "grossProfit": 955000000,
    "grossProfitRatio": 0.382,
    "researchAndDevelopmentExpenses": 241000000,
    "generalAndAdministrativeExpenses": 0,
    "sellingAndMarketingExpenses": 0,
    "sellingGeneralAndAdministrativeExpenses": 501000000,
    "otherExpenses": 19000000,
    "operatingExpenses": 761000000,
    "costAndExpenses": 2306000000,
    "interestIncome": 13000000,
    "interestExpense": 52000000,
    "depreciationAndAmortization": 323000000,
    "ebitda": -90000000,
    "ebitdaratio": -0.036,
    "operatingIncome": 194000000,
    "operatingIncomeRatio": 0.0776,
    "totalOtherIncomeExpensesNet": -659000000,
    "incomeBeforeTax": -465000000,
    "incomeBeforeTaxRatio": -0.186,
    "incomeTaxExpense": 124000000,
    "netIncome": -589000000,
    "netIncomeRatio": -0.2356,
    "eps": -0.72,
    "epsdiluted": -0.72,
    "weightedAverageShsOut": 848000000,
    "weightedAverageShsOutDil": 848000000,
    "link": "https://www.sec.gov/Archives/edgar/data/24741/000002474118000018/0000024741-18-000018-index.htm",
    "finalLink": "https://www.sec.gov/Archives/edgar/data/24741/000002474118000018/glw-20180331x10q.htm"
  },
  {
    "date": "2017-12-31",
    "symbol": "GLW",
    "reportedCurrency": "USD",
    "cik": "0000024741",
    "fillingDate": "2018-02-15",
    "acceptedDate": "2018-02-15 07:34:29",
    "calendarYear": "2017",
    "period": "Q4",
    "revenue": 2637000000,
    "costOfRevenue": 1603000000,
    "grossProfit": 1034000000,
    "grossProfitRatio": 0.3921122488,
    "researchAndDevelopmentExpenses": 240000000,
    "generalAndAdministrativeExpenses": 0,
    "sellingAndMarketingExpenses": 0,
    "sellingGeneralAndAdministrativeExpenses": 400000000,
    "otherExpenses": 22000000,
    "operatingExpenses": 662000000,
    "costAndExpenses": 2265000000,
    "interestIncome": 12000000,
    "interestExpense": 43000000,
    "depreciationAndAmortization": 306000000,
    "ebitda": 915000000,
    "ebitdaratio": 0.3469852105,
    "operatingIncome": 372000000,
    "operatingIncomeRatio": 0.141069397,
    "totalOtherIncomeExpensesNet": 194000000,
    "incomeBeforeTax": 566000000,
    "incomeBeforeTaxRatio": 0.214637846,
    "incomeTaxExpense": 1978000000,
    "netIncome": -1412000000,
    "netIncomeRatio": -0.5354569587,
    "eps": -1.71,
    "epsdiluted": -1.66,
    "weightedAverageShsOut": 823624555,
    "weightedAverageShsOutDil": 863000000,
    "link": "https://www.sec.gov/Archives/edgar/data/24741/000002474118000010/0000024741-18-000010-index.htm",
    "finalLink": "https://www.sec.gov/Archives/edgar/data/24741/000002474118000010/glw-20171231x10k.htm"
  },
  {
    "date": "2017-09-30",
    "symbol": "GLW",
    "reportedCurrency": "USD",
    "cik": "0000024741",
    "fillingDate": "2017-10-26",
    "acceptedDate": "2017-10-26 13:17:36",
    "calendarYear": "2017",
    "period": "Q3",
    "revenue": 2607000000,
    "costOfRevenue": 1557000000,
    "grossProfit": 1050000000,
    "grossProfitRatio": 0.4027617952,
    "researchAndDevelopmentExpenses": 213000000,
    "generalAndAdministrativeExpenses": 0,
    "sellingAndMarketingExpenses": 0,
    "sellingGeneralAndAdministrativeExpenses": 375000000,
    "otherExpenses": 18000000,
    "operatingExpenses": 608000000,
    "costAndExpenses": 2154000000,
    "interestIncome": 10000000,
    "interestExpense": 37000000,
    "depreciationAndAmortization": 294000000,
    "ebitda": 810000000,
    "ebitdaratio": 0.3107019563,
    "operatingIncome": 453000000,
    "operatingIncomeRatio": 0.1737629459,
    "totalOtherIncomeExpensesNet": 37000000,
    "incomeBeforeTax": 479000000,
    "incomeBeforeTaxRatio": 0.1837360951,
    "incomeTaxExpense": 89000000,
    "netIncome": 390000000,
    "netIncomeRatio": 0.1495972382,
    "eps": 0.41,
    "epsdiluted": 0.39,
    "weightedAverageShsOut": 883000000,
    "weightedAverageShsOutDil": 1009000000,
    "link": "https://www.sec.gov/Archives/edgar/data/24741/000002474117000060/0000024741-17-000060-index.htm",
    "finalLink": "https://www.sec.gov/Archives/edgar/data/24741/000002474117000060/glw-20170930x10q.htm"
  },
  {
    "date": "2017-06-30",
    "symbol": "GLW",
    "reportedCurrency": "USD",
    "cik": "0000024741",
    "fillingDate": "2017-07-26",
    "acceptedDate": "2017-07-26 16:11:07",
    "calendarYear": "2017",
    "period": "Q2",
    "revenue": 2497000000,
    "costOfRevenue": 1510000000,
    "grossProfit": 987000000,
    "grossProfitRatio": 0.3952743292,
    "researchAndDevelopmentExpenses": 207000000,
    "generalAndAdministrativeExpenses": 0,
    "sellingAndMarketingExpenses": 0,
    "sellingGeneralAndAdministrativeExpenses": 378000000,
    "otherExpenses": 18000000,
    "operatingExpenses": 602000000,
    "costAndExpenses": 2116000000,
    "interestIncome": 11000000,
    "interestExpense": 38000000,
    "depreciationAndAmortization": 281000000,
    "ebitda": 911000000,
    "ebitdaratio": 0.3648378054,
    "operatingIncome": 381000000,
    "operatingIncomeRatio": 0.1525830997,
    "totalOtherIncomeExpensesNet": 207000000,
    "incomeBeforeTax": 592000000,
    "incomeBeforeTaxRatio": 0.2370845014,
    "incomeTaxExpense": 153000000,
    "netIncome": 439000000,
    "netIncomeRatio": 0.1758109732,
    "eps": 0.46,
    "epsdiluted": 0.42,
    "weightedAverageShsOut": 908000000,
    "weightedAverageShsOutDil": 1034000000,
    "link": "https://www.sec.gov/Archives/edgar/data/24741/000002474117000050/0000024741-17-000050-index.htm",
    "finalLink": "https://www.sec.gov/Archives/edgar/data/24741/000002474117000050/glw-20170630x10q.htm"
  },
  {
    "date": "2017-03-31",
    "symbol": "GLW",
    "reportedCurrency": "USD",
    "cik": "0000024741",
    "fillingDate": "2017-04-25",
    "acceptedDate": "2017-04-25 16:21:09",
    "calendarYear": "2017",
    "period": "Q1",
    "revenue": 2375000000,
    "costOfRevenue": 1424000000,
    "grossProfit": 951000000,
    "grossProfitRatio": 0.4004210526,
    "researchAndDevelopmentExpenses": 200000000,
    "generalAndAdministrativeExpenses": 0,
    "sellingAndMarketingExpenses": 0,
    "sellingGeneralAndAdministrativeExpenses": 319000000,
    "otherExpenses": 17000000,
    "operatingExpenses": 538000000,
    "costAndExpenses": 1962000000,
    "interestIncome": 12000000,
    "interestExpense": 37000000,
    "depreciationAndAmortization": 277000000,
    "ebitda": 334000000,
    "ebitdaratio": 0.1406315789,
    "operatingIncome": 413000000,
    "operatingIncomeRatio": 0.1738947368,
    "totalOtherIncomeExpensesNet": -393000000,
    "incomeBeforeTax": 20000000,
    "incomeBeforeTaxRatio": 0.0084210526,
    "incomeTaxExpense": -66000000,
    "netIncome": 86000000,
    "netIncomeRatio": 0.0362105263,
    "eps": 0.07,
    "epsdiluted": 0.07,
    "weightedAverageShsOut": 925000000,
    "weightedAverageShsOutDil": 936000000,
    "link": "https://www.sec.gov/Archives/edgar/data/24741/000002474117000026/0000024741-17-000026-index.htm",
    "finalLink": "https://www.sec.gov/Archives/edgar/data/24741/000002474117000026/glw-20170331x10q.htm"
  },
  {
    "date": "2016-12-31",
    "symbol": "GLW",
    "reportedCurrency": "USD",
    "cik": "0000024741",
    "fillingDate": "2017-02-06",
    "acceptedDate": "2017-02-06 16:27:25",
    "calendarYear": "2016",
    "period": "Q4",
    "revenue": 2476000000,
    "costOfRevenue": 1486000000,
    "grossProfit": 990000000,
    "grossProfitRatio": 0.3998384491,
    "researchAndDevelopmentExpenses": 173000000,
    "generalAndAdministrativeExpenses": 0,
    "sellingAndMarketingExpenses": 0,
    "sellingGeneralAndAdministrativeExpenses": 368000000,
    "otherExpenses": 17000000,
    "operatingExpenses": 558000000,
    "costAndExpenses": 2045000000,
    "interestIncome": 11000000,
    "interestExpense": 37000000,
    "depreciationAndAmortization": 305000000,
    "ebitda": 2746000000,
    "ebitdaratio": 1.1090468498,
    "operatingIncome": 432000000,
    "operatingIncomeRatio": 0.1744749596,
    "totalOtherIncomeExpensesNet": 1972000000,
    "incomeBeforeTax": 2404000000,
    "incomeBeforeTaxRatio": 0.9709208401,
    "incomeTaxExpense": 832000000,
    "netIncome": 1572000000,
    "netIncomeRatio": 0.6348949919,
    "eps": 1.64,
    "epsdiluted": 1.47,
    "weightedAverageShsOut": 942000000,
    "weightedAverageShsOutDil": 1067000000,
    "link": "https://www.sec.gov/Archives/edgar/data/24741/000002474117000011/0000024741-17-000011-index.htm",
    "finalLink": "https://www.sec.gov/Archives/edgar/data/24741/000002474117000011/q4201610k.htm"
  },
  {
    "date": "2016-09-30",
    "symbol": "GLW",
    "reportedCurrency": "USD",
    "cik": "0000024741",
    "fillingDate": "2016-10-27",
    "acceptedDate": "2016-10-27 10:02:21",
    "calendarYear": "2016",
    "period": "Q3",
    "revenue": 2507000000,
    "costOfRevenue": 1466000000,
    "grossProfit": 1041000000,
    "grossProfitRatio": 0.4152373355,
    "researchAndDevelopmentExpenses": 187000000,
    "generalAndAdministrativeExpenses": 0,
    "sellingAndMarketingExpenses": 0,
    "sellingGeneralAndAdministrativeExpenses": 302000000,
    "otherExpenses": 17000000,
    "operatingExpenses": 506000000,
    "costAndExpenses": 1972000000,
    "interestIncome": 9000000,
    "interestExpense": 41000000,
    "depreciationAndAmortization": 300000000,
    "ebitda": 598000000,
    "ebitdaratio": 0.2385321101,
    "operatingIncome": 535000000,
    "operatingIncomeRatio": 0.2134024731,
    "totalOtherIncomeExpensesNet": -278000000,
    "incomeBeforeTax": 257000000,
    "incomeBeforeTaxRatio": 0.1025129637,
    "incomeTaxExpense": -27000000,
    "netIncome": 284000000,
    "netIncomeRatio": 0.1132828081,
    "eps": 0.27,
    "epsdiluted": 0.26,
    "weightedAverageShsOut": 978000000,
    "weightedAverageShsOutDil": 1102000000,
    "link": "https://www.sec.gov/Archives/edgar/data/24741/000002474116000118/0000024741-16-000118-index.htm",
    "finalLink": "https://www.sec.gov/Archives/edgar/data/24741/000002474116000118/q3201610q.htm"
  },
  {
    "date": "2016-06-30",
    "symbol": "GLW",
    "reportedCurrency": "USD",
    "cik": "0000024741",
    "fillingDate": "2016-07-27",
    "acceptedDate": "2016-07-27 11:35:01",
    "calendarYear": "2016",
    "period": "Q2",
    "revenue": 2360000000,
    "costOfRevenue": 1409000000,
    "grossProfit": 951000000,
    "grossProfitRatio": 0.4029661017,
    "researchAndDevelopmentExpenses": 192000000,
    "generalAndAdministrativeExpenses": 0,
    "sellingAndMarketingExpenses": 0,
    "sellingGeneralAndAdministrativeExpenses": 499000000,
    "otherExpenses": 13000000,
    "operatingExpenses": 704000000,
    "costAndExpenses": 2115000000,
    "interestIncome": 6000000,
    "interestExpense": 40000000,
    "depreciationAndAmortization": 295000000,
    "ebitda": 2038000000,
    "ebitdaratio": 0.863559322,
    "operatingIncome": 247000000,
    "operatingIncomeRatio": 0.1046610169,
    "totalOtherIncomeExpensesNet": 1456000000,
    "incomeBeforeTax": 1703000000,
    "incomeBeforeTaxRatio": 0.7216101695,
    "incomeTaxExpense": -504000000,
    "netIncome": 2207000000,
    "netIncomeRatio": 0.9351694915,
    "eps": 2.06,
    "epsdiluted": 1.87,
    "weightedAverageShsOut": 1059000000,
    "weightedAverageShsOutDil": 1182000000,
    "link": "https://www.sec.gov/Archives/edgar/data/24741/000002474116000105/0000024741-16-000105-index.htm",
    "finalLink": "https://www.sec.gov/Archives/edgar/data/24741/000002474116000105/q2201610q.htm"
  },
  {
    "date": "2016-03-31",
    "symbol": "GLW",
    "reportedCurrency": "USD",
    "cik": "0000024741",
    "fillingDate": "2016-04-29",
    "acceptedDate": "2016-04-29 10:51:00",
    "calendarYear": "2016",
    "period": "Q1",
    "revenue": 2047000000,
    "costOfRevenue": 1283000000,
    "grossProfit": 764000000,
    "grossProfitRatio": 0.3732291158,
    "researchAndDevelopmentExpenses": 190000000,
    "generalAndAdministrativeExpenses": 0,
    "sellingAndMarketingExpenses": 0,
    "sellingGeneralAndAdministrativeExpenses": 303000000,
    "otherExpenses": 94000000,
    "operatingExpenses": 587000000,
    "costAndExpenses": 1870000000,
    "interestIncome": 6000000,
    "interestExpense": 41000000,
    "depreciationAndAmortization": 295000000,
    "ebitda": -336000000,
    "ebitdaratio": -0.1641426478,
    "operatingIncome": 177000000,
    "operatingIncomeRatio": 0.086468002,
    "totalOtherIncomeExpensesNet": -849000000,
    "incomeBeforeTax": -672000000,
    "incomeBeforeTaxRatio": -0.3282852956,
    "incomeTaxExpense": -304000000,
    "netIncome": -368000000,
    "netIncomeRatio": -0.1797752809,
    "eps": -0.36,
    "epsdiluted": -0.36,
    "weightedAverageShsOut": 1088888888,
    "weightedAverageShsOutDil": 1103000000,
    "link": "https://www.sec.gov/Archives/edgar/data/24741/000002474116000086/0000024741-16-000086-index.htm",
    "finalLink": "https://www.sec.gov/Archives/edgar/data/24741/000002474116000086/q1201610q.htm"
  },
  {
    "date": "2015-12-31",
    "symbol": "GLW",
    "reportedCurrency": "USD",
    "cik": "0000024741",
    "fillingDate": "2016-02-12",
    "acceptedDate": "2016-02-12 15:31:03",
    "calendarYear": "2015",
    "period": "Q4",
    "revenue": 2231000000,
    "costOfRevenue": 1374000000,
    "grossProfit": 857000000,
    "grossProfitRatio": 0.3841326759,
    "researchAndDevelopmentExpenses": 208000000,
    "generalAndAdministrativeExpenses": 0,
    "sellingAndMarketingExpenses": 0,
    "sellingGeneralAndAdministrativeExpenses": 563000000,
    "otherExpenses": -1000000,
    "operatingExpenses": 770000000,
    "costAndExpenses": 2153000000,
    "interestIncome": 5000000,
    "interestExpense": 39000000,
    "depreciationAndAmortization": 302000000,
    "ebitda": 510000000,
    "ebitdaratio": 0.2285970417,
    "operatingIncome": 87000000,
    "operatingIncomeRatio": 0.0389959659,
    "totalOtherIncomeExpensesNet": 82000000,
    "incomeBeforeTax": 169000000,
    "incomeBeforeTaxRatio": 0.0757507844,
    "incomeTaxExpense": -55000000,
    "netIncome": 224000000,
    "netIncomeRatio": 0.1004034065,
    "eps": 0.17,
    "epsdiluted": 0.17,
    "weightedAverageShsOut": 1146000000,
    "weightedAverageShsOutDil": 1154000000,
    "link": "https://www.sec.gov/Archives/edgar/data/24741/000002474116000077/0000024741-16-000077-index.htm",
    "finalLink": "https://www.sec.gov/Archives/edgar/data/24741/000002474116000077/form10k2015.htm"
  },
  {
    "date": "2015-09-30",
    "symbol": "GLW",
    "reportedCurrency": "USD",
    "cik": "0000024741",
    "fillingDate": "2015-10-27",
    "acceptedDate": "2015-10-27 16:28:18",
    "calendarYear": "2015",
    "period": "Q3",
    "revenue": 2272000000,
    "costOfRevenue": 1380000000,
    "grossProfit": 892000000,
    "grossProfitRatio": 0.3926056338,
    "researchAndDevelopmentExpenses": 181000000,
    "generalAndAdministrativeExpenses": 0,
    "sellingAndMarketingExpenses": 0,
    "sellingGeneralAndAdministrativeExpenses": 307000000,
    "otherExpenses": 12000000,
    "operatingExpenses": 500000000,
    "costAndExpenses": 1880000000,
    "interestIncome": 6000000,
    "interestExpense": 38000000,
    "depreciationAndAmortization": 292000000,
    "ebitda": 548000000,
    "ebitdaratio": 0.2411971831,
    "operatingIncome": 392000000,
    "operatingIncomeRatio": 0.1725352113,
    "totalOtherIncomeExpensesNet": -174000000,
    "incomeBeforeTax": 218000000,
    "incomeBeforeTaxRatio": 0.0959507042,
    "incomeTaxExpense": 6000000,
    "netIncome": 212000000,
    "netIncomeRatio": 0.0933098592,
    "eps": 0.16,
    "epsdiluted": 0.15,
    "weightedAverageShsOut": 1210000000,
    "weightedAverageShsOutDil": 1218000000,
    "link": "https://www.sec.gov/Archives/edgar/data/24741/000002474115000058/0000024741-15-000058-index.htm",
    "finalLink": "https://www.sec.gov/Archives/edgar/data/24741/000002474115000058/q3201510q.htm"
  },
  {
    "date": "2015-06-30",
    "symbol": "GLW",
    "reportedCurrency": "USD",
    "cik": "0000024741",
    "fillingDate": "2015-07-30",
    "acceptedDate": "2015-07-30 10:29:21",
    "calendarYear": "2015",
    "period": "Q2",
    "revenue": 2343000000,
    "costOfRevenue": 1368000000,
    "grossProfit": 975000000,
    "grossProfitRatio": 0.4161331626,
    "researchAndDevelopmentExpenses": 191000000,
    "generalAndAdministrativeExpenses": 0,
    "sellingAndMarketingExpenses": 0,
    "sellingGeneralAndAdministrativeExpenses": 337000000,
    "otherExpenses": 16000000,
    "operatingExpenses": 544000000,
    "costAndExpenses": 1912000000,
    "interestIncome": 5000000,
    "interestExpense": 33000000,
    "depreciationAndAmortization": 299000000,
    "ebitda": 938000000,
    "ebitdaratio": 0.4003414426,
    "operatingIncome": 431000000,
    "operatingIncomeRatio": 0.183952198,
    "totalOtherIncomeExpensesNet": 175000000,
    "incomeBeforeTax": 606000000,
    "incomeBeforeTaxRatio": 0.2586427657,
    "incomeTaxExpense": 110000000,
    "netIncome": 496000000,
    "netIncomeRatio": 0.2116944089,
    "eps": 0.38,
    "epsdiluted": 0.36,
    "weightedAverageShsOut": 1246000000,
    "weightedAverageShsOutDil": 1371000000,
    "link": "https://www.sec.gov/Archives/edgar/data/24741/000002474115000045/0000024741-15-000045-index.htm",
    "finalLink": "https://www.sec.gov/Archives/edgar/data/24741/000002474115000045/q2201510q.htm"
  },
  {
    "date": "2015-03-31",
    "symbol": "GLW",
    "reportedCurrency": "USD",
    "cik": "0000024741",
    "fillingDate": "2015-05-01",
    "acceptedDate": "2015-05-01 09:00:06",
    "calendarYear": "2015",
    "period": "Q1",
    "revenue": 2265000000,
    "costOfRevenue": 1336000000,
    "grossProfit": 929000000,
    "grossProfitRatio": 0.4101545254,
    "researchAndDevelopmentExpenses": 189000000,
    "generalAndAdministrativeExpenses": 0,
    "sellingAndMarketingExpenses": 0,
    "sellingGeneralAndAdministrativeExpenses": 316000000,
    "otherExpenses": 12000000,
    "operatingExpenses": 517000000,
    "costAndExpenses": 1853000000,
    "interestIncome": 5000000,
    "interestExpense": 30000000,
    "depreciationAndAmortization": 291000000,
    "ebitda": 814000000,
    "ebitdaratio": 0.3593818985,
    "operatingIncome": 412000000,
    "operatingIncomeRatio": 0.1818984547,
    "totalOtherIncomeExpensesNet": 81000000,
    "incomeBeforeTax": 493000000,
    "incomeBeforeTaxRatio": 0.2176600442,
    "incomeTaxExpense": 86000000,
    "netIncome": 407000000,
    "netIncomeRatio": 0.1796909492,
    "eps": 0.3,
    "epsdiluted": 0.29,
    "weightedAverageShsOut": 1266000000,
    "weightedAverageShsOutDil": 1394000000,
    "link": "https://www.sec.gov/Archives/edgar/data/24741/000002474115000026/0000024741-15-000026-index.htm",
    "finalLink": "https://www.sec.gov/Archives/edgar/data/24741/000002474115000026/q1201510q.htm"
  },
  {
    "date": "2014-12-31",
    "symbol": "GLW",
    "reportedCurrency": "USD",
    "cik": "0000024741",
    "fillingDate": "2015-02-13",
    "acceptedDate": "2015-02-13 10:22:33",
    "calendarYear": "2014",
    "period": "Q4",
    "revenue": 2404000000,
    "costOfRevenue": 1408000000,
    "grossProfit": 996000000,
    "grossProfitRatio": 0.4143094842,
    "researchAndDevelopmentExpenses": 210000000,
    "generalAndAdministrativeExpenses": 0,
    "sellingAndMarketingExpenses": 0,
    "sellingGeneralAndAdministrativeExpenses": 242000000,
    "otherExpenses": 8000000,
    "operatingExpenses": 460000000,
    "costAndExpenses": 1868000000,
    "interestIncome": 5000000,
    "interestExpense": 32000000,
    "depreciationAndAmortization": 298000000,
    "ebitda": 1667000000,
    "ebitdaratio": 0.6934276206,
    "operatingIncome": 536000000,
    "operatingIncomeRatio": 0.2229617304,
    "totalOtherIncomeExpensesNet": 801000000,
    "incomeBeforeTax": 1337000000,
    "incomeBeforeTaxRatio": 0.556156406,
    "incomeTaxExpense": 349000000,
    "netIncome": 988000000,
    "netIncomeRatio": 0.4109816972,
    "eps": 0.76,
    "epsdiluted": 0.7,
    "weightedAverageShsOut": 1276000000,
    "weightedAverageShsOutDil": 1402000000,
    "link": "https://www.sec.gov/Archives/edgar/data/24741/000002474115000015/0000024741-15-000015-index.htm",
    "finalLink": "https://www.sec.gov/Archives/edgar/data/24741/000002474115000015/form10k2014.htm"
  },
  {
    "date": "2014-09-30",
    "symbol": "GLW",
    "reportedCurrency": "USD",
    "cik": "0000024741",
    "fillingDate": "2014-10-29",
    "acceptedDate": "2014-10-29 11:53:26",
    "calendarYear": "2014",
    "period": "Q3",
    "revenue": 2540000000,
    "costOfRevenue": 1451000000,
    "grossProfit": 1089000000,
    "grossProfitRatio": 0.4287401575,
    "researchAndDevelopmentExpenses": 199000000,
    "generalAndAdministrativeExpenses": 0,
    "sellingAndMarketingExpenses": 0,
    "sellingGeneralAndAdministrativeExpenses": 261000000,
    "otherExpenses": 9000000,
    "operatingExpenses": 469000000,
    "costAndExpenses": 1915000000,
    "interestIncome": 5000000,
    "interestExpense": 31000000,
    "depreciationAndAmortization": 303000000,
    "ebitda": 1743000000,
    "ebitdaratio": 0.6862204724,
    "operatingIncome": 620000000,
    "operatingIncomeRatio": 0.2440944882,
    "totalOtherIncomeExpensesNet": 789000000,
    "incomeBeforeTax": 1409000000,
    "incomeBeforeTaxRatio": 0.5547244094,
    "incomeTaxExpense": 395000000,
    "netIncome": 1014000000,
    "netIncomeRatio": 0.3992125984,
    "eps": 0.77,
    "epsdiluted": 0.72,
    "weightedAverageShsOut": 1284000000,
    "weightedAverageShsOutDil": 1411000000,
    "link": "https://www.sec.gov/Archives/edgar/data/24741/000002474114000054/0000024741-14-000054-index.htm",
    "finalLink": "https://www.sec.gov/Archives/edgar/data/24741/000002474114000054/q3201410q.htm"
  },
  {
    "date": "2014-06-30",
    "symbol": "GLW",
    "reportedCurrency": "USD",
    "cik": "0000024741",
    "fillingDate": "2014-07-31",
    "acceptedDate": "2014-07-31 16:02:34",
    "calendarYear": "2014",
    "period": "Q2",
    "revenue": 2482000000,
    "costOfRevenue": 1450000000,
    "grossProfit": 1032000000,
    "grossProfitRatio": 0.4157937147,
    "researchAndDevelopmentExpenses": 208000000,
    "generalAndAdministrativeExpenses": 0,
    "sellingAndMarketingExpenses": 0,
    "sellingGeneralAndAdministrativeExpenses": 322000000,
    "otherExpenses": 42000000,
    "operatingExpenses": 572000000,
    "costAndExpenses": 2022000000,
    "interestIncome": 4000000,
    "interestExpense": 30000000,
    "depreciationAndAmortization": 302000000,
    "ebitda": 673000000,
    "ebitdaratio": 0.2711522965,
    "operatingIncome": 460000000,
    "operatingIncomeRatio": 0.1853344077,
    "totalOtherIncomeExpensesNet": -119000000,
    "incomeBeforeTax": 341000000,
    "incomeBeforeTaxRatio": 0.1373892023,
    "incomeTaxExpense": 172000000,
    "netIncome": 169000000,
    "netIncomeRatio": 0.0680902498,
    "eps": 0.11,
    "epsdiluted": 0.11,
    "weightedAverageShsOut": 1302000000,
    "weightedAverageShsOutDil": 1315000000,
    "link": "https://www.sec.gov/Archives/edgar/data/24741/000002474114000042/0000024741-14-000042-index.htm",
    "finalLink": "https://www.sec.gov/Archives/edgar/data/24741/000002474114000042/q22014form10q.htm"
  },
  {
    "date": "2014-03-31",
    "symbol": "GLW",
    "reportedCurrency": "USD",
    "cik": "0000024741",
    "fillingDate": "2014-04-28",
    "acceptedDate": "2014-04-28 16:52:21",
    "calendarYear": "2014",
    "period": "Q1",
    "revenue": 2289000000,
    "costOfRevenue": 1354000000,
    "grossProfit": 935000000,
    "grossProfitRatio": 0.4084753167,
    "researchAndDevelopmentExpenses": 198000000,
    "generalAndAdministrativeExpenses": 0,
    "sellingAndMarketingExpenses": 0,
    "sellingGeneralAndAdministrativeExpenses": 397000000,
    "otherExpenses": 25000000,
    "operatingExpenses": 620000000,
    "costAndExpenses": 1974000000,
    "interestIncome": 12000000,
    "interestExpense": 30000000,
    "depreciationAndAmortization": 297000000,
    "ebitda": 808000000,
    "ebitdaratio": 0.3529925732,
    "operatingIncome": 315000000,
    "operatingIncomeRatio": 0.1376146789,
    "totalOtherIncomeExpensesNet": 166000000,
    "incomeBeforeTax": 481000000,
    "incomeBeforeTaxRatio": 0.2101354303,
    "incomeTaxExpense": 180000000,
    "netIncome": 301000000,
    "netIncomeRatio": 0.1314984709,
    "eps": 0.21,
    "epsdiluted": 0.2,
    "weightedAverageShsOut": 1359000000,
    "weightedAverageShsOutDil": 1370000000,
    "link": "https://www.sec.gov/Archives/edgar/data/24741/000002474114000022/0000024741-14-000022-index.htm",
    "finalLink": "https://www.sec.gov/Archives/edgar/data/24741/000002474114000022/q12014form10q.htm"
  },
  {
    "date": "2013-12-31",
    "symbol": "GLW",
    "reportedCurrency": "USD",
    "cik": "0000024741",
    "fillingDate": "2014-02-10",
    "acceptedDate": "2014-02-10 12:09:06",
    "calendarYear": "2013",
    "period": "Q4",
    "revenue": 1956000000,
    "costOfRevenue": 1186000000,
    "grossProfit": 770000000,
    "grossProfitRatio": 0.3936605317,
    "researchAndDevelopmentExpenses": 169000000,
    "generalAndAdministrativeExpenses": 0,
    "sellingAndMarketingExpenses": 0,
    "sellingGeneralAndAdministrativeExpenses": 336000000,
    "otherExpenses": 81000000,
    "operatingExpenses": 586000000,
    "costAndExpenses": 1772000000,
    "interestIncome": 3000000,
    "interestExpense": 28000000,
    "depreciationAndAmortization": 249000000,
    "ebitda": 844000000,
    "ebitdaratio": 0.4314928425,
    "operatingIncome": 184000000,
    "operatingIncomeRatio": 0.0940695297,
    "totalOtherIncomeExpensesNet": 383000000,
    "incomeBeforeTax": 567000000,
    "incomeBeforeTaxRatio": 0.2898773006,
    "incomeTaxExpense": 146000000,
    "netIncome": 421000000,
    "netIncomeRatio": 0.2152351738,
    "eps": 0.3,
    "epsdiluted": 0.3,
    "weightedAverageShsOut": 1414000000,
    "weightedAverageShsOutDil": 1424000000,
    "link": "https://www.sec.gov/Archives/edgar/data/24741/000130817914000032/0001308179-14-000032-index.htm",
    "finalLink": "https://www.sec.gov/Archives/edgar/data/24741/000130817914000032/lglw2013_10k.htm"
  },
  {
    "date": "2013-09-30",
    "symbol": "GLW",
    "reportedCurrency": "USD",
    "cik": "0000024741",
    "fillingDate": "2013-10-30",
    "acceptedDate": "2013-10-30 16:03:34",
    "calendarYear": "2013",
    "period": "Q3",
    "revenue": 2067000000,
    "costOfRevenue": 1166000000,
    "grossProfit": 901000000,
    "grossProfitRatio": 0.4358974359,
    "researchAndDevelopmentExpenses": 184000000,
    "generalAndAdministrativeExpenses": 0,
    "sellingAndMarketingExpenses": 0,
    "sellingGeneralAndAdministrativeExpenses": 265000000,
    "otherExpenses": 13000000,
    "operatingExpenses": 462000000,
    "costAndExpenses": 1623000000,
    "interestIncome": 1000000,
    "interestExpense": 28000000,
    "depreciationAndAmortization": 248000000,
    "ebitda": 825000000,
    "ebitdaratio": 0.3991291727,
    "operatingIncome": 439000000,
    "operatingIncomeRatio": 0.2123850992,
    "totalOtherIncomeExpensesNet": 110000000,
    "incomeBeforeTax": 549000000,
    "incomeBeforeTaxRatio": 0.2656023222,
    "incomeTaxExpense": 141000000,
    "netIncome": 408000000,
    "netIncomeRatio": 0.1973875181,
    "eps": 0.28,
    "epsdiluted": 0.28,
    "weightedAverageShsOut": 1454000000,
    "weightedAverageShsOutDil": 1463000000,
    "link": "https://www.sec.gov/Archives/edgar/data/24741/000002474113000061/0000024741-13-000061-index.htm",
    "finalLink": "https://www.sec.gov/Archives/edgar/data/24741/000002474113000061/q32013form10q.htm"
  },
  {
    "date": "2013-06-30",
    "symbol": "GLW",
    "reportedCurrency": "USD",
    "cik": "0000024741",
    "fillingDate": "2013-07-31",
    "acceptedDate": "2013-07-31 08:02:17",
    "calendarYear": "2013",
    "period": "Q2",
    "revenue": 1982000000,
    "costOfRevenue": 1099000000,
    "grossProfit": 883000000,
    "grossProfitRatio": 0.4455095863,
    "researchAndDevelopmentExpenses": 179000000,
    "generalAndAdministrativeExpenses": 0,
    "sellingAndMarketingExpenses": 0,
    "sellingGeneralAndAdministrativeExpenses": 266000000,
    "otherExpenses": 14000000,
    "operatingExpenses": 459000000,
    "costAndExpenses": 1552000000,
    "interestIncome": 2000000,
    "interestExpense": 28000000,
    "depreciationAndAmortization": 250000000,
    "ebitda": 1107000000,
    "ebitdaratio": 0.5585267407,
    "operatingIncome": 424000000,
    "operatingIncomeRatio": 0.213925328,
    "totalOtherIncomeExpensesNet": 405000000,
    "incomeBeforeTax": 829000000,
    "incomeBeforeTaxRatio": 0.4182643794,
    "incomeTaxExpense": 191000000,
    "netIncome": 638000000,
    "netIncomeRatio": 0.3218970737,
    "eps": 0.43,
    "epsdiluted": 0.43,
    "weightedAverageShsOut": 1469000000,
    "weightedAverageShsOutDil": 1478000000,
    "link": "https://www.sec.gov/Archives/edgar/data/24741/000002474113000048/0000024741-13-000048-index.htm",
    "finalLink": "https://www.sec.gov/Archives/edgar/data/24741/000002474113000048/q22013form10q.htm"
  },
  {
    "date": "2013-03-31",
    "symbol": "GLW",
    "reportedCurrency": "USD",
    "cik": "0000024741",
    "fillingDate": "2013-04-26",
    "acceptedDate": "2013-04-26 16:03:53",
    "calendarYear": "2013",
    "period": "Q1",
    "revenue": 1814000000,
    "costOfRevenue": 1044000000,
    "grossProfit": 770000000,
    "grossProfitRatio": 0.4244762955,
    "researchAndDevelopmentExpenses": 178000000,
    "generalAndAdministrativeExpenses": 0,
    "sellingAndMarketingExpenses": 0,
    "sellingGeneralAndAdministrativeExpenses": 259000000,
    "otherExpenses": 9000000,
    "operatingExpenses": 446000000,
    "costAndExpenses": 1488000000,
    "interestIncome": 2000000,
    "interestExpense": 36000000,
    "depreciationAndAmortization": 255000000,
    "ebitda": 819000000,
    "ebitdaratio": 0.4514884234,
    "operatingIncome": 324000000,
    "operatingIncomeRatio": 0.1786108049,
    "totalOtherIncomeExpensesNet": 204000000,
    "incomeBeforeTax": 528000000,
    "incomeBeforeTaxRatio": 0.2910694598,
    "incomeTaxExpense": 34000000,
    "netIncome": 494000000,
    "netIncomeRatio": 0.2723263506,
    "eps": 0.34,
    "epsdiluted": 0.33,
    "weightedAverageShsOut": 1472000000,
    "weightedAverageShsOutDil": 1481000000,
    "link": "https://www.sec.gov/Archives/edgar/data/24741/000002474113000027/0000024741-13-000027-index.htm",
    "finalLink": "https://www.sec.gov/Archives/edgar/data/24741/000002474113000027/form10qq12013.htm"
  },
  {
    "date": "2012-12-31",
    "symbol": "GLW",
    "reportedCurrency": "USD",
    "cik": "0000024741",
    "fillingDate": "2013-02-13",
    "acceptedDate": "2013-02-13 16:06:18",
    "calendarYear": "2012",
    "period": "Q4",
    "revenue": 2146000000,
    "costOfRevenue": 1239000000,
    "grossProfit": 907000000,
    "grossProfitRatio": 0.4226467847,
    "researchAndDevelopmentExpenses": 185000000,
    "generalAndAdministrativeExpenses": 0,
    "sellingAndMarketingExpenses": 0,
    "sellingGeneralAndAdministrativeExpenses": 301000000,
    "otherExpenses": 144000000,
    "operatingExpenses": 630000000,
    "costAndExpenses": 1869000000,
    "interestIncome": 4000000,
    "interestExpense": 34000000,
    "depreciationAndAmortization": 267000000,
    "ebitda": 682000000,
    "ebitdaratio": 0.3178005592,
    "operatingIncome": 650000000,
    "operatingIncomeRatio": 0.302889096,
    "totalOtherIncomeExpensesNet": 827000000,
    "incomeBeforeTax": 1477000000,
    "incomeBeforeTaxRatio": 0.6882572227,
    "incomeTaxExpense": 98000000,
    "netIncome": 283000000,
    "netIncomeRatio": 0.1318732526,
    "eps": 0.19,
    "epsdiluted": 0.19,
    "weightedAverageShsOut": 1471000000,
    "weightedAverageShsOutDil": 1481000000,
    "link": "https://www.sec.gov/Archives/edgar/data/24741/000130817913000024/0001308179-13-000024-index.htm",
    "finalLink": "https://www.sec.gov/Archives/edgar/data/24741/000130817913000024/lcorningincorporated_10k.htm"
  },
  {
    "date": "2012-09-30",
    "symbol": "GLW",
    "reportedCurrency": "USD",
    "cik": "0000024741",
    "fillingDate": "2012-10-25",
    "acceptedDate": "2012-10-25 16:03:44",
    "calendarYear": "2012",
    "period": "Q3",
    "revenue": 2038000000,
    "costOfRevenue": 1149000000,
    "grossProfit": 889000000,
    "grossProfitRatio": 0.4362119725,
    "researchAndDevelopmentExpenses": 185000000,
    "generalAndAdministrativeExpenses": 0,
    "sellingAndMarketingExpenses": 0,
    "sellingGeneralAndAdministrativeExpenses": 289000000,
    "otherExpenses": 7000000,
    "operatingExpenses": 478000000,
    "costAndExpenses": 1627000000,
    "interestIncome": 3000000,
    "interestExpense": 33000000,
    "depreciationAndAmortization": 248000000,
    "ebitda": 907000000,
    "ebitdaratio": 0.4450441609,
    "operatingIncome": 414000000,
    "operatingIncomeRatio": 0.2031403337,
    "totalOtherIncomeExpensesNet": 213000000,
    "incomeBeforeTax": 627000000,
    "incomeBeforeTaxRatio": 0.3076545633,
    "incomeTaxExpense": 94000000,
    "netIncome": 533000000,
    "netIncomeRatio": 0.2615309127,
    "eps": 0.36,
    "epsdiluted": 0.36,
    "weightedAverageShsOut": 1483000000,
    "weightedAverageShsOutDil": 1494000000,
    "link": "https://www.sec.gov/Archives/edgar/data/24741/000002474112000059/0000024741-12-000059-index.htm",
    "finalLink": "https://www.sec.gov/Archives/edgar/data/24741/000002474112000059/form10qq32012.htm"
  },
  {
    "date": "2012-06-30",
    "symbol": "GLW",
    "reportedCurrency": "USD",
    "cik": "0000024741",
    "fillingDate": "2012-07-27",
    "acceptedDate": "2012-07-27 16:02:15",
    "calendarYear": "2012",
    "period": "Q2",
    "revenue": 1908000000,
    "costOfRevenue": 1100000000,
    "grossProfit": 808000000,
    "grossProfitRatio": 0.4234800839,
    "researchAndDevelopmentExpenses": 188000000,
    "generalAndAdministrativeExpenses": 0,
    "sellingAndMarketingExpenses": 0,
    "sellingGeneralAndAdministrativeExpenses": 286000000,
    "otherExpenses": 9000000,
    "operatingExpenses": 480000000,
    "costAndExpenses": 1580000000,
    "interestIncome": 3000000,
    "interestExpense": 24000000,
    "depreciationAndAmortization": 242000000,
    "ebitda": 840000000,
    "ebitdaratio": 0.4402515723,
    "operatingIncome": 309000000,
    "operatingIncomeRatio": 0.1619496855,
    "totalOtherIncomeExpensesNet": 246000000,
    "incomeBeforeTax": 555000000,
    "incomeBeforeTaxRatio": 0.2908805031,
    "incomeTaxExpense": 100000000,
    "netIncome": 474000000,
    "netIncomeRatio": 0.248427673,
    "eps": 0.31,
    "epsdiluted": 0.31,
    "weightedAverageShsOut": 1506000000,
    "weightedAverageShsOutDil": 1518000000,
    "link": "https://www.sec.gov/Archives/edgar/data/24741/000002474112000047/0000024741-12-000047-index.htm",
    "finalLink": "https://www.sec.gov/Archives/edgar/data/24741/000002474112000047/q2form10q.htm"
  },
  {
    "date": "2012-03-31",
    "symbol": "GLW",
    "reportedCurrency": "USD",
    "cik": "0000024741",
    "fillingDate": "2012-04-27",
    "acceptedDate": "2012-04-27 16:03:08",
    "calendarYear": "2012",
    "period": "Q1",
    "revenue": 1920000000,
    "costOfRevenue": 1096000000,
    "grossProfit": 824000000,
    "grossProfitRatio": 0.4291666667,
    "researchAndDevelopmentExpenses": 187000000,
    "generalAndAdministrativeExpenses": 0,
    "sellingAndMarketingExpenses": 0,
    "sellingGeneralAndAdministrativeExpenses": 273000000,
    "otherExpenses": 6000000,
    "operatingExpenses": 463000000,
    "costAndExpenses": 1559000000,
    "interestIncome": 4000000,
    "interestExpense": 20000000,
    "depreciationAndAmortization": 240000000,
    "ebitda": 852000000,
    "ebitdaratio": 0.44375,
    "operatingIncome": 342000000,
    "operatingIncomeRatio": 0.178125,
    "totalOtherIncomeExpensesNet": 231000000,
    "incomeBeforeTax": 573000000,
    "incomeBeforeTaxRatio": 0.2984375,
    "incomeTaxExpense": 118000000,
    "netIncome": 474000000,
    "netIncomeRatio": 0.246875,
    "eps": 0.31,
    "epsdiluted": 0.31,
    "weightedAverageShsOut": 1516000000,
    "weightedAverageShsOutDil": 1530000000,
    "link": "https://www.sec.gov/Archives/edgar/data/24741/000002474112000024/0000024741-12-000024-index.htm",
    "finalLink": "https://www.sec.gov/Archives/edgar/data/24741/000002474112000024/q12012form10q.htm"
  },
  {
    "date": "2011-12-31",
    "symbol": "GLW",
    "reportedCurrency": "USD",
    "cik": "0000024741",
    "fillingDate": "2012-02-13",
    "acceptedDate": "2012-02-13 16:08:03",
    "calendarYear": "2011",
    "period": "Q4",
    "revenue": 1887000000,
    "costOfRevenue": 1062000000,
    "grossProfit": 825000000,
    "grossProfitRatio": 0.4372019078,
    "researchAndDevelopmentExpenses": 177000000,
    "generalAndAdministrativeExpenses": 0,
    "sellingAndMarketingExpenses": 0,
    "sellingGeneralAndAdministrativeExpenses": 283000000,
    "otherExpenses": 142000000,
    "operatingExpenses": 602000000,
    "costAndExpenses": 1664000000,
    "interestIncome": 4000000,
    "interestExpense": 17000000,
    "depreciationAndAmortization": 247000000,
    "ebitda": 816000000,
    "ebitdaratio": 0.4324324324,
    "operatingIncome": 223000000,
    "operatingIncomeRatio": 0.1181770005,
    "totalOtherIncomeExpensesNet": 329000000,
    "incomeBeforeTax": 552000000,
    "incomeBeforeTaxRatio": 0.2925278219,
    "incomeTaxExpense": 61000000,
    "netIncome": 491000000,
    "netIncomeRatio": 0.2602013778,
    "eps": 0.32,
    "epsdiluted": 0.31,
    "weightedAverageShsOut": 1546000000,
    "weightedAverageShsOutDil": 1564000000,
    "link": "https://www.sec.gov/Archives/edgar/data/24741/000119312512056163/0001193125-12-056163-index.htm",
    "finalLink": "https://www.sec.gov/Archives/edgar/data/24741/000119312512056163/d262610d10k.htm"
  },
  {
    "date": "2011-09-30",
    "symbol": "GLW",
    "reportedCurrency": "USD",
    "cik": "0000024741",
    "fillingDate": "2011-10-27",
    "acceptedDate": "2011-10-27 16:02:15",
    "calendarYear": "2011",
    "period": "Q3",
    "revenue": 2075000000,
    "costOfRevenue": 1097000000,
    "grossProfit": 978000000,
    "grossProfitRatio": 0.4713253012,
    "researchAndDevelopmentExpenses": 166000000,
    "generalAndAdministrativeExpenses": 0,
    "sellingAndMarketingExpenses": 0,
    "sellingGeneralAndAdministrativeExpenses": 216000000,
    "otherExpenses": 9000000,
    "operatingExpenses": 391000000,
    "costAndExpenses": 1488000000,
    "interestIncome": 6000000,
    "interestExpense": 23000000,
    "depreciationAndAmortization": 245000000,
    "ebitda": 1189000000,
    "ebitdaratio": 0.5730120482,
    "operatingIncome": 587000000,
    "operatingIncomeRatio": 0.2828915663,
    "totalOtherIncomeExpensesNet": 334000000,
    "incomeBeforeTax": 921000000,
    "incomeBeforeTaxRatio": 0.4438554217,
    "incomeTaxExpense": 110000000,
    "netIncome": 811000000,
    "netIncomeRatio": 0.3908433735,
    "eps": 0.52,
    "epsdiluted": 0.51,
    "weightedAverageShsOut": 1569000000,
    "weightedAverageShsOutDil": 1588000000,
    "link": "https://www.sec.gov/Archives/edgar/data/24741/000002474111000055/0000024741-11-000055-index.htm",
    "finalLink": "https://www.sec.gov/Archives/edgar/data/24741/000002474111000055/q310q2011.htm"
  },
  {
    "date": "2011-06-30",
    "symbol": "GLW",
    "reportedCurrency": "USD",
    "cik": "0000024741",
    "fillingDate": "2011-07-29",
    "acceptedDate": "2011-07-29 16:11:55",
    "calendarYear": "2011",
    "period": "Q2",
    "revenue": 2005000000,
    "costOfRevenue": 1116000000,
    "grossProfit": 889000000,
    "grossProfitRatio": 0.4433915212,
    "researchAndDevelopmentExpenses": 172000000,
    "generalAndAdministrativeExpenses": 0,
    "sellingAndMarketingExpenses": 0,
    "sellingGeneralAndAdministrativeExpenses": 284000000,
    "otherExpenses": 9000000,
    "operatingExpenses": 465000000,
    "costAndExpenses": 1581000000,
    "interestIncome": 5000000,
    "interestExpense": 22000000,
    "depreciationAndAmortization": 236000000,
    "ebitda": 1136000000,
    "ebitdaratio": 0.5665835411,
    "operatingIncome": 424000000,
    "operatingIncomeRatio": 0.2114713217,
    "totalOtherIncomeExpensesNet": 454000000,
    "incomeBeforeTax": 878000000,
    "incomeBeforeTaxRatio": 0.4379052369,
    "incomeTaxExpense": 123000000,
    "netIncome": 755000000,
    "netIncomeRatio": 0.3765586035,
    "eps": 0.48,
    "epsdiluted": 0.47,
    "weightedAverageShsOut": 1568000000,
    "weightedAverageShsOutDil": 1591000000,
    "link": "https://www.sec.gov/Archives/edgar/data/24741/000002474111000044/0000024741-11-000044-index.htm",
    "finalLink": "https://www.sec.gov/Archives/edgar/data/24741/000002474111000044/q22011form10q.htm"
  },
  {
    "date": "2011-03-31",
    "symbol": "GLW",
    "reportedCurrency": "USD",
    "cik": "0000024741",
    "fillingDate": "2011-04-29",
    "acceptedDate": "2011-04-29 16:02:35",
    "calendarYear": "2011",
    "period": "Q1",
    "revenue": 1923000000,
    "costOfRevenue": 1049000000,
    "grossProfit": 874000000,
    "grossProfitRatio": 0.4544981799,
    "researchAndDevelopmentExpenses": 156000000,
    "generalAndAdministrativeExpenses": 0,
    "sellingAndMarketingExpenses": 0,
    "sellingGeneralAndAdministrativeExpenses": 250000000,
    "otherExpenses": 8000000,
    "operatingExpenses": 414000000,
    "costAndExpenses": 1463000000,
    "interestIncome": 4000000,
    "interestExpense": 27000000,
    "depreciationAndAmortization": 229000000,
    "ebitda": 1118000000,
    "ebitdaratio": 0.5813832553,
    "operatingIncome": 460000000,
    "operatingIncomeRatio": 0.2392095684,
    "totalOtherIncomeExpensesNet": 402000000,
    "incomeBeforeTax": 862000000,
    "incomeBeforeTaxRatio": 0.4482579303,
    "incomeTaxExpense": 114000000,
    "netIncome": 748000000,
    "netIncomeRatio": 0.388975559,
    "eps": 0.48,
    "epsdiluted": 0.47,
    "weightedAverageShsOut": 1565000000,
    "weightedAverageShsOutDil": 1589000000,
    "link": "https://www.sec.gov/Archives/edgar/data/24741/000002474111000020/0000024741-11-000020-index.htm",
    "finalLink": "https://www.sec.gov/Archives/edgar/data/24741/000002474111000020/q12011form10q.htm"
  },
  {
    "date": "2010-12-31",
    "symbol": "GLW",
    "reportedCurrency": "USD",
    "cik": "0000024741",
    "fillingDate": "2011-02-10",
    "acceptedDate": "2011-02-10 16:06:53",
    "calendarYear": "2010",
    "period": "Q4",
    "revenue": 1765000000,
    "costOfRevenue": 998000000,
    "grossProfit": 767000000,
    "grossProfitRatio": 0.4345609065,
    "researchAndDevelopmentExpenses": 166000000,
    "generalAndAdministrativeExpenses": 0,
    "sellingAndMarketingExpenses": 0,
    "sellingGeneralAndAdministrativeExpenses": 284000000,
    "otherExpenses": -332000000,
    "operatingExpenses": 118000000,
    "costAndExpenses": 1116000000,
    "interestIncome": 3000000,
    "interestExpense": 28000000,
    "depreciationAndAmortization": 224000000,
    "ebitda": 1441000000,
    "ebitdaratio": 0.8164305949,
    "operatingIncome": 649000000,
    "operatingIncomeRatio": 0.3677053824,
    "totalOtherIncomeExpensesNet": 540000000,
    "incomeBeforeTax": 1189000000,
    "incomeBeforeTaxRatio": 0.6736543909,
    "incomeTaxExpense": 145000000,
    "netIncome": 1044000000,
    "netIncomeRatio": 0.5915014164,
    "eps": 0.67,
    "epsdiluted": 0.67,
    "weightedAverageShsOut": 1558000000,
    "weightedAverageShsOutDil": 1565000000,
    "link": "https://www.sec.gov/Archives/edgar/data/24741/000119312511030621/0001193125-11-030621-index.htm",
    "finalLink": "https://www.sec.gov/Archives/edgar/data/24741/000119312511030621/d10k.htm"
  },
  {
    "date": "2010-09-30",
    "symbol": "GLW",
    "reportedCurrency": "USD",
    "cik": "0000024741",
    "fillingDate": "2010-11-01",
    "acceptedDate": "2010-11-01 16:02:29",
    "calendarYear": "2010",
    "period": "Q3",
    "revenue": 1602000000,
    "costOfRevenue": 878000000,
    "grossProfit": 724000000,
    "grossProfitRatio": 0.4519350811,
    "researchAndDevelopmentExpenses": 148000000,
    "generalAndAdministrativeExpenses": 0,
    "sellingAndMarketingExpenses": 0,
    "sellingGeneralAndAdministrativeExpenses": 250000000,
    "otherExpenses": 7000000,
    "operatingExpenses": 405000000,
    "costAndExpenses": 1278000000,
    "interestIncome": 3000000,
    "interestExpense": 29000000,
    "depreciationAndAmortization": 214000000,
    "ebitda": 1042000000,
    "ebitdaratio": 0.6504369538,
    "operatingIncome": 319000000,
    "operatingIncomeRatio": 0.1991260924,
    "totalOtherIncomeExpensesNet": 480000000,
    "incomeBeforeTax": 799000000,
    "incomeBeforeTaxRatio": 0.4987515605,
    "incomeTaxExpense": 14000000,
    "netIncome": 785000000,
    "netIncomeRatio": 0.4900124844,
    "eps": 0.5,
    "epsdiluted": 0.5,
    "weightedAverageShsOut": 1557000000,
    "weightedAverageShsOutDil": 1580000000,
    "link": "https://www.sec.gov/Archives/edgar/data/24741/000002474110000061/0000024741-10-000061-index.htm",
    "finalLink": "https://www.sec.gov/Archives/edgar/data/24741/000002474110000061/q3form10q.htm"
  },
  {
    "date": "2010-06-30",
    "symbol": "GLW",
    "reportedCurrency": "USD",
    "cik": "0000024741",
    "fillingDate": "2010-07-30",
    "acceptedDate": "2010-07-30 16:01:40",
    "calendarYear": "2010",
    "period": "Q2",
    "revenue": 1712000000,
    "costOfRevenue": 885000000,
    "grossProfit": 827000000,
    "grossProfitRatio": 0.4830607477,
    "researchAndDevelopmentExpenses": 144000000,
    "generalAndAdministrativeExpenses": 0,
    "sellingAndMarketingExpenses": 0,
    "sellingGeneralAndAdministrativeExpenses": 246000000,
    "otherExpenses": 7000000,
    "operatingExpenses": 397000000,
    "costAndExpenses": 1277000000,
    "interestIncome": 2000000,
    "interestExpense": 26000000,
    "depreciationAndAmortization": 208000000,
    "ebitda": 1178000000,
    "ebitdaratio": 0.6880841121,
    "operatingIncome": 430000000,
    "operatingIncomeRatio": 0.2511682243,
    "totalOtherIncomeExpensesNet": 514000000,
    "incomeBeforeTax": 944000000,
    "incomeBeforeTaxRatio": 0.5514018692,
    "incomeTaxExpense": 31000000,
    "netIncome": 913000000,
    "netIncomeRatio": 0.5332943925,
    "eps": 0.59,
    "epsdiluted": 0.58,
    "weightedAverageShsOut": 1558000000,
    "weightedAverageShsOutDil": 1581000000,
    "link": "https://www.sec.gov/Archives/edgar/data/24741/000002474110000047/0000024741-10-000047-index.htm",
    "finalLink": "https://www.sec.gov/Archives/edgar/data/24741/000002474110000047/q2form10q.htm"
  },
  {
    "date": "2010-03-31",
    "symbol": "GLW",
    "reportedCurrency": "USD",
    "cik": "0000024741",
    "fillingDate": "2010-04-30",
    "acceptedDate": "2010-04-30 16:00:53",
    "calendarYear": "2010",
    "period": "Q1",
    "revenue": 1553000000,
    "costOfRevenue": 822000000,
    "grossProfit": 731000000,
    "grossProfitRatio": 0.4707018674,
    "researchAndDevelopmentExpenses": 145000000,
    "generalAndAdministrativeExpenses": 0,
    "sellingAndMarketingExpenses": 0,
    "sellingGeneralAndAdministrativeExpenses": 235000000,
    "otherExpenses": -52000000,
    "operatingExpenses": 328000000,
    "costAndExpenses": 1152000000,
    "interestIncome": 3000000,
    "interestExpense": 26000000,
    "depreciationAndAmortization": 208000000,
    "ebitda": 1147000000,
    "ebitdaratio": 0.7385705087,
    "operatingIncome": 403000000,
    "operatingIncomeRatio": 0.2594977463,
    "totalOtherIncomeExpensesNet": 510000000,
    "incomeBeforeTax": 913000000,
    "incomeBeforeTaxRatio": 0.5878943979,
    "incomeTaxExpense": 97000000,
    "netIncome": 816000000,
    "netIncomeRatio": 0.5254346426,
    "eps": 0.52,
    "epsdiluted": 0.52,
    "weightedAverageShsOut": 1555000000,
    "weightedAverageShsOutDil": 1579000000,
    "link": "https://www.sec.gov/Archives/edgar/data/24741/000002474110000018/0000024741-10-000018-index.htm",
    "finalLink": "https://www.sec.gov/Archives/edgar/data/24741/000002474110000018/q110q2010.htm"
  },
  {
    "date": "2009-12-31",
    "symbol": "GLW",
    "reportedCurrency": "USD",
    "cik": "0000024741",
    "fillingDate": "2010-02-10",
    "acceptedDate": "2010-02-10 16:04:52",
    "calendarYear": "2009",
    "period": "Q4",
    "revenue": 1532000000,
    "costOfRevenue": 883000000,
    "grossProfit": 649000000,
    "grossProfitRatio": 0.4236292428,
    "researchAndDevelopmentExpenses": 145000000,
    "generalAndAdministrativeExpenses": 0,
    "sellingAndMarketingExpenses": 0,
    "sellingGeneralAndAdministrativeExpenses": 244000000,
    "otherExpenses": 60000000,
    "operatingExpenses": 449000000,
    "costAndExpenses": 1332000000,
    "interestIncome": 3000000,
    "interestExpense": 24000000,
    "depreciationAndAmortization": 198000000,
    "ebitda": 926000000,
    "ebitdaratio": 0.6044386423,
    "operatingIncome": 200000000,
    "operatingIncomeRatio": 0.1305483029,
    "totalOtherIncomeExpensesNet": 504000000,
    "incomeBeforeTax": 704000000,
    "incomeBeforeTaxRatio": 0.4595300261,
    "incomeTaxExpense": -36000000,
    "netIncome": 740000000,
    "netIncomeRatio": 0.4830287206,
    "eps": 0.48,
    "epsdiluted": 0.48,
    "weightedAverageShsOut": 1553000000,
    "weightedAverageShsOutDil": 1555000000,
    "link": "https://www.sec.gov/Archives/edgar/data/24741/000119312510027165/0001193125-10-027165-index.htm",
    "finalLink": "https://www.sec.gov/Archives/edgar/data/24741/000119312510027165/d10k.htm"
  },
  {
    "date": "2009-09-30",
    "symbol": "GLW",
    "reportedCurrency": "USD",
    "cik": "0000024741",
    "fillingDate": "2009-11-02",
    "acceptedDate": "2009-11-02 16:01:17",
    "calendarYear": "2009",
    "period": "Q3",
    "revenue": 1479000000,
    "costOfRevenue": 880000000,
    "grossProfit": 599000000,
    "grossProfitRatio": 0.4050033807,
    "researchAndDevelopmentExpenses": 131000000,
    "generalAndAdministrativeExpenses": 0,
    "sellingAndMarketingExpenses": 0,
    "sellingGeneralAndAdministrativeExpenses": 219000000,
    "otherExpenses": 19000000,
    "operatingExpenses": 369000000,
    "costAndExpenses": 1249000000,
    "interestIncome": 4000000,
    "interestExpense": 24000000,
    "depreciationAndAmortization": 230000000,
    "ebitda": 929000000,
    "ebitdaratio": 0.6281271129,
    "operatingIncome": 230000000,
    "operatingIncomeRatio": 0.1555104801,
    "totalOtherIncomeExpensesNet": 445000000,
    "incomeBeforeTax": 675000000,
    "incomeBeforeTaxRatio": 0.4563894523,
    "incomeTaxExpense": 32000000,
    "netIncome": 643000000,
    "netIncomeRatio": 0.4347532116,
    "eps": 0.41,
    "epsdiluted": 0.41,
    "weightedAverageShsOut": 1550000000,
    "weightedAverageShsOutDil": 1569000000,
    "link": "https://www.sec.gov/Archives/edgar/data/24741/000002474109000043/0000024741-09-000043-index.htm",
    "finalLink": "https://www.sec.gov/Archives/edgar/data/24741/000002474109000043/q30910q.htm"
  },
  {
    "date": "2009-06-30",
    "symbol": "GLW",
    "reportedCurrency": "USD",
    "cik": "0000024741",
    "fillingDate": "2009-07-29",
    "acceptedDate": "2009-07-29 16:03:05",
    "calendarYear": "2009",
    "period": "Q2",
    "revenue": 1395000000,
    "costOfRevenue": 820000000,
    "grossProfit": 575000000,
    "grossProfitRatio": 0.4121863799,
    "researchAndDevelopmentExpenses": 136000000,
    "generalAndAdministrativeExpenses": 0,
    "sellingAndMarketingExpenses": 0,
    "sellingGeneralAndAdministrativeExpenses": 211000000,
    "otherExpenses": 7000000,
    "operatingExpenses": 354000000,
    "costAndExpenses": 1169000000,
    "interestIncome": 5000000,
    "interestExpense": 20000000,
    "depreciationAndAmortization": 186000000,
    "ebitda": 813000000,
    "ebitdaratio": 0.5827956989,
    "operatingIncome": 221000000,
    "operatingIncomeRatio": 0.1584229391,
    "totalOtherIncomeExpensesNet": 386000000,
    "incomeBeforeTax": 607000000,
    "incomeBeforeTaxRatio": 0.435125448,
    "incomeTaxExpense": -4000000,
    "netIncome": 611000000,
    "netIncomeRatio": 0.4379928315,
    "eps": 0.39,
    "epsdiluted": 0.39,
    "weightedAverageShsOut": 1550000000,
    "weightedAverageShsOutDil": 1567000000,
    "link": "https://www.sec.gov/Archives/edgar/data/24741/000002474109000027/0000024741-09-000027-index.htm",
    "finalLink": "https://www.sec.gov/Archives/edgar/data/24741/000002474109000027/q20910q.htm"
  },
  {
    "date": "2009-03-31",
    "symbol": "GLW",
    "reportedCurrency": "USD",
    "cik": "0000024741",
    "fillingDate": "2009-05-01",
    "acceptedDate": "2009-05-01 16:01:26",
    "calendarYear": "2009",
    "period": "Q1",
    "revenue": 989000000,
    "costOfRevenue": 719000000,
    "grossProfit": 270000000,
    "grossProfitRatio": 0.2730030334,
    "researchAndDevelopmentExpenses": 151000000,
    "generalAndAdministrativeExpenses": 0,
    "sellingAndMarketingExpenses": 0,
    "sellingGeneralAndAdministrativeExpenses": 207000000,
    "otherExpenses": 172000000,
    "operatingExpenses": 530000000,
    "costAndExpenses": 1080000000,
    "interestIncome": 7000000,
    "interestExpense": 14000000,
    "depreciationAndAmortization": 178000000,
    "ebitda": 140000000,
    "ebitdaratio": 0.1415571284,
    "operatingIncome": -260000000,
    "operatingIncomeRatio": -0.2628918099,
    "totalOtherIncomeExpensesNet": 0,
    "incomeBeforeTax": -52000000,
    "incomeBeforeTaxRatio": -0.052578362,
    "incomeTaxExpense": -66000000,
    "netIncome": 14000000,
    "netIncomeRatio": 0.0141557128,
    "eps": 0.01,
    "epsdiluted": 0.01,
    "weightedAverageShsOut": 1548000000,
    "weightedAverageShsOutDil": 1559000000,
    "link": "https://www.sec.gov/Archives/edgar/data/24741/000002474109000009/0000024741-09-000009-index.htm",
    "finalLink": "https://www.sec.gov/Archives/edgar/data/24741/000002474109000009/q10910q.htm"
  },
  {
    "date": "2008-12-31",
    "symbol": "GLW",
    "reportedCurrency": "USD",
    "cik": "0000024741",
    "fillingDate": "2009-02-24",
    "acceptedDate": "2009-02-24 08:02:12",
    "calendarYear": "2008",
    "period": "Q4",
    "revenue": 1084000000,
    "costOfRevenue": 777000000,
    "grossProfit": 307000000,
    "grossProfitRatio": 0.2832103321,
    "researchAndDevelopmentExpenses": 153000000,
    "generalAndAdministrativeExpenses": 0,
    "sellingAndMarketingExpenses": 0,
    "sellingGeneralAndAdministrativeExpenses": 179000000,
    "otherExpenses": -2000000,
    "operatingExpenses": 330000000,
    "costAndExpenses": 1107000000,
    "interestIncome": 0,
    "interestExpense": 0,
    "depreciationAndAmortization": 205000000,
    "ebitda": 247000000,
    "ebitdaratio": 0.2278597786,
    "operatingIncome": -23000000,
    "operatingIncomeRatio": -0.0212177122,
    "totalOtherIncomeExpensesNet": -33000000,
    "incomeBeforeTax": -56000000,
    "incomeBeforeTaxRatio": -0.0516605166,
    "incomeTaxExpense": -23000000,
    "netIncome": 249000000,
    "netIncomeRatio": 0.229704797,
    "eps": 0.16,
    "epsdiluted": 0.16,
    "weightedAverageShsOut": 1548000000,
    "weightedAverageShsOutDil": 1548000000,
    "link": "https://www.sec.gov/Archives/edgar/data/24741/000119312509035649/0001193125-09-035649-index.htm",
    "finalLink": "https://www.sec.gov/Archives/edgar/data/24741/000119312509035649/d10k.htm"
  },
  {
    "date": "2008-09-30",
    "symbol": "GLW",
    "reportedCurrency": "USD",
    "cik": "0000024741",
    "fillingDate": "2008-10-30",
    "acceptedDate": "2008-10-30 16:22:48",
    "calendarYear": "2008",
    "period": "Q3",
    "revenue": 1555000000,
    "costOfRevenue": 820000000,
    "grossProfit": 735000000,
    "grossProfitRatio": 0.4726688103,
    "researchAndDevelopmentExpenses": 160000000,
    "generalAndAdministrativeExpenses": 0,
    "sellingAndMarketingExpenses": 0,
    "sellingGeneralAndAdministrativeExpenses": 220000000,
    "otherExpenses": 6000000,
    "operatingExpenses": 386000000,
    "costAndExpenses": 1208000000,
    "interestIncome": 22000000,
    "interestExpense": 15000000,
    "depreciationAndAmortization": 166000000,
    "ebitda": 898000000,
    "ebitdaratio": 0.5774919614,
    "operatingIncome": 349000000,
    "operatingIncomeRatio": 0.224437299,
    "totalOtherIncomeExpensesNet": -23000000,
    "incomeBeforeTax": 326000000,
    "incomeBeforeTaxRatio": 0.2096463023,
    "incomeTaxExpense": -51000000,
    "netIncome": 768000000,
    "netIncomeRatio": 0.4938906752,
    "eps": 0.49,
    "epsdiluted": 0.49,
    "weightedAverageShsOut": 1558000000,
    "weightedAverageShsOutDil": 1578000000,
    "link": "https://www.sec.gov/Archives/edgar/data/24741/000002474108000259/0000024741-08-000259-index.htm",
    "finalLink": "https://www.sec.gov/Archives/edgar/data/24741/000002474108000259/q310q08.htm"
  },
  {
    "date": "2008-06-30",
    "symbol": "GLW",
    "reportedCurrency": "USD",
    "cik": "0000024741",
    "fillingDate": "2008-07-30",
    "acceptedDate": "2008-07-30 16:01:35",
    "calendarYear": "2008",
    "period": "Q2",
    "revenue": 1692000000,
    "costOfRevenue": 840000000,
    "grossProfit": 852000000,
    "grossProfitRatio": 0.5035460993,
    "researchAndDevelopmentExpenses": 163000000,
    "generalAndAdministrativeExpenses": 0,
    "sellingAndMarketingExpenses": 0,
    "sellingGeneralAndAdministrativeExpenses": 260000000,
    "otherExpenses": 12000000,
    "operatingExpenses": 435000000,
    "costAndExpenses": 1275000000,
    "interestIncome": 22000000,
    "interestExpense": 15000000,
    "depreciationAndAmortization": 165000000,
    "ebitda": 1010000000,
    "ebitdaratio": 0.5969267139,
    "operatingIncome": 417000000,
    "operatingIncomeRatio": 0.2464539007,
    "totalOtherIncomeExpensesNet": 46000000,
    "incomeBeforeTax": 463000000,
    "incomeBeforeTaxRatio": 0.2736406619,
    "incomeTaxExpense": -2381000000,
    "netIncome": 3211000000,
    "netIncomeRatio": 1.8977541371,
    "eps": 2.05,
    "epsdiluted": 2.01,
    "weightedAverageShsOut": 1569000000,
    "weightedAverageShsOutDil": 1600000000,
    "link": "https://www.sec.gov/Archives/edgar/data/24741/000002474108000248/0000024741-08-000248-index.htm",
    "finalLink": "https://www.sec.gov/Archives/edgar/data/24741/000002474108000248/q20810q.htm"
  },
  {
    "date": "2008-03-31",
    "symbol": "GLW",
    "reportedCurrency": "USD",
    "cik": "0000024741",
    "fillingDate": "2008-04-29",
    "acceptedDate": "2008-04-29 16:10:19",
    "calendarYear": "2008",
    "period": "Q1",
    "revenue": 1617000000,
    "costOfRevenue": 773000000,
    "grossProfit": 844000000,
    "grossProfitRatio": 0.5219542362,
    "researchAndDevelopmentExpenses": 151000000,
    "generalAndAdministrativeExpenses": 0,
    "sellingAndMarketingExpenses": 0,
    "sellingGeneralAndAdministrativeExpenses": 242000000,
    "otherExpenses": -326000000,
    "operatingExpenses": 67000000,
    "costAndExpenses": 841000000,
    "interestIncome": 30000000,
    "interestExpense": 18000000,
    "depreciationAndAmortization": 159000000,
    "ebitda": 1280000000,
    "ebitdaratio": 0.791589363,
    "operatingIncome": 777000000,
    "operatingIncomeRatio": 0.4805194805,
    "totalOtherIncomeExpensesNet": 13000000,
    "incomeBeforeTax": 790000000,
    "incomeBeforeTaxRatio": 0.48855906,
    "incomeTaxExpense": 74000000,
    "netIncome": 1029000000,
    "netIncomeRatio": 0.6363636364,
    "eps": 0.66,
    "epsdiluted": 0.64,
    "weightedAverageShsOut": 1566000000,
    "weightedAverageShsOutDil": 1598000000,
    "link": "https://www.sec.gov/Archives/edgar/data/24741/000002474108000185/0000024741-08-000185-index.htm",
    "finalLink": "https://www.sec.gov/Archives/edgar/data/24741/000002474108000185/q10810q.htm"
  },
  {
    "date": "2007-12-31",
    "symbol": "GLW",
    "reportedCurrency": "USD",
    "cik": "0000024741",
    "fillingDate": "2008-02-15",
    "acceptedDate": "2008-02-14 21:08:24",
    "calendarYear": "2007",
    "period": "Q4",
    "revenue": 1582000000,
    "costOfRevenue": 825000000,
    "grossProfit": 757000000,
    "grossProfitRatio": 0.4785082174,
    "researchAndDevelopmentExpenses": 153000000,
    "generalAndAdministrativeExpenses": 0,
    "sellingAndMarketingExpenses": 0,
    "sellingGeneralAndAdministrativeExpenses": 257000000,
    "otherExpenses": 16000000,
    "operatingExpenses": 426000000,
    "costAndExpenses": 1253000000,
    "interestIncome": 0,
    "interestExpense": 0,
    "depreciationAndAmortization": 154000000,
    "ebitda": 483000000,
    "ebitdaratio": 0.3053097345,
    "operatingIncome": 331000000,
    "operatingIncomeRatio": 0.2092288243,
    "totalOtherIncomeExpensesNet": 59000000,
    "incomeBeforeTax": 390000000,
    "incomeBeforeTaxRatio": 0.2465233881,
    "incomeTaxExpense": -221000000,
    "netIncome": 717000000,
    "netIncomeRatio": 0.4532237674,
    "eps": 0.46,
    "epsdiluted": 0.46,
    "weightedAverageShsOut": 1539824176,
    "weightedAverageShsOutDil": 1566000000,
    "link": "https://www.sec.gov/Archives/edgar/data/24741/000119312508031868/0001193125-08-031868-index.htm",
    "finalLink": "https://www.sec.gov/Archives/edgar/data/24741/000119312508031868/d10k.htm"
  },
  {
    "date": "2007-09-30",
    "symbol": "GLW",
    "reportedCurrency": "USD",
    "cik": "0000024741",
    "fillingDate": "2007-10-26",
    "acceptedDate": "2007-10-26 16:02:26",
    "calendarYear": "2007",
    "period": "Q3",
    "revenue": 1553000000,
    "costOfRevenue": 811000000,
    "grossProfit": 742000000,
    "grossProfitRatio": 0.4777849324,
    "researchAndDevelopmentExpenses": 145000000,
    "generalAndAdministrativeExpenses": 0,
    "sellingAndMarketingExpenses": 0,
    "sellingGeneralAndAdministrativeExpenses": 212000000,
    "otherExpenses": -14000000,
    "operatingExpenses": 343000000,
    "costAndExpenses": 1154000000,
    "interestIncome": 0,
    "interestExpense": 0,
    "depreciationAndAmortization": 149000000,
    "ebitda": 548000000,
    "ebitdaratio": 0.3528654218,
    "operatingIncome": 399000000,
    "operatingIncomeRatio": 0.2569220863,
    "totalOtherIncomeExpensesNet": 46000000,
    "incomeBeforeTax": 445000000,
    "incomeBeforeTaxRatio": 0.2865421764,
    "incomeTaxExpense": 66000000,
    "netIncome": 617000000,
    "netIncomeRatio": 0.397295557,
    "eps": 0.39,
    "epsdiluted": 0.38,
    "weightedAverageShsOut": 1582051282,
    "weightedAverageShsOutDil": 1623684211,
    "link": "https://www.sec.gov/Archives/edgar/data/24741/000002474107000431/0000024741-07-000431-index.htm",
    "finalLink": "https://www.sec.gov/Archives/edgar/data/24741/000002474107000431/q310q.htm"
  },
  {
    "date": "2007-06-30",
    "symbol": "GLW",
    "reportedCurrency": "USD",
    "cik": "0000024741",
    "fillingDate": "2007-07-27",
    "acceptedDate": "2007-07-27 16:00:52",
    "calendarYear": "2007",
    "period": "Q2",
    "revenue": 1418000000,
    "costOfRevenue": 759000000,
    "grossProfit": 659000000,
    "grossProfitRatio": 0.4647390691,
    "researchAndDevelopmentExpenses": 137000000,
    "generalAndAdministrativeExpenses": 0,
    "sellingAndMarketingExpenses": 0,
    "sellingGeneralAndAdministrativeExpenses": 229000000,
    "otherExpenses": 76000000,
    "operatingExpenses": 442000000,
    "costAndExpenses": 1203000000,
    "interestIncome": 0,
    "interestExpense": 0,
    "depreciationAndAmortization": 151000000,
    "ebitda": 366000000,
    "ebitdaratio": 0.2581100141,
    "operatingIncome": 217000000,
    "operatingIncomeRatio": 0.1530324401,
    "totalOtherIncomeExpensesNet": 72000000,
    "incomeBeforeTax": 289000000,
    "incomeBeforeTaxRatio": 0.2038081805,
    "incomeTaxExpense": 19000000,
    "netIncome": 489000000,
    "netIncomeRatio": 0.3448519041,
    "eps": 0.31,
    "epsdiluted": 0.3,
    "weightedAverageShsOut": 1577419355,
    "weightedAverageShsOutDil": 1630000000,
    "link": "https://www.sec.gov/Archives/edgar/data/24741/000002474107000350/0000024741-07-000350-index.htm",
    "finalLink": "https://www.sec.gov/Archives/edgar/data/24741/000002474107000350/q20710q.htm"
  },
  {
    "date": "2007-03-31",
    "symbol": "GLW",
    "reportedCurrency": "USD",
    "cik": "0000024741",
    "fillingDate": "2007-04-27",
    "acceptedDate": "2007-04-27 16:01:21",
    "calendarYear": "2007",
    "period": "Q1",
    "revenue": 1307000000,
    "costOfRevenue": 716000000,
    "grossProfit": 591000000,
    "grossProfitRatio": 0.4521805662,
    "researchAndDevelopmentExpenses": 130000000,
    "generalAndAdministrativeExpenses": 0,
    "sellingAndMarketingExpenses": 0,
    "sellingGeneralAndAdministrativeExpenses": 214000000,
    "otherExpenses": 113000000,
    "operatingExpenses": 457000000,
    "costAndExpenses": 1173000000,
    "interestIncome": 0,
    "interestExpense": 0,
    "depreciationAndAmortization": 153000000,
    "ebitda": 287000000,
    "ebitdaratio": 0.2195868401,
    "operatingIncome": 134000000,
    "operatingIncomeRatio": 0.1025248661,
    "totalOtherIncomeExpensesNet": 33000000,
    "incomeBeforeTax": 167000000,
    "incomeBeforeTaxRatio": 0.1277735272,
    "incomeTaxExpense": 56000000,
    "netIncome": 327000000,
    "netIncomeRatio": 0.2501912777,
    "eps": 0.21,
    "epsdiluted": 0.2,
    "weightedAverageShsOut": 1557142857,
    "weightedAverageShsOutDil": 1635000000,
    "link": "https://www.sec.gov/Archives/edgar/data/24741/000002474107000260/0000024741-07-000260-index.htm",
    "finalLink": "https://www.sec.gov/Archives/edgar/data/24741/000002474107000260/q10710q.htm"
  },
  {
    "date": "2006-12-31",
    "symbol": "GLW",
    "reportedCurrency": "USD",
    "cik": "0000024741",
    "fillingDate": "2007-02-27",
    "acceptedDate": "2007-02-27 16:04:07",
    "calendarYear": "2006",
    "period": "Q4",
    "revenue": 1369000000,
    "costOfRevenue": 766000000,
    "grossProfit": 603000000,
    "grossProfitRatio": 0.4404674945,
    "researchAndDevelopmentExpenses": 138000000,
    "generalAndAdministrativeExpenses": 0,
    "sellingAndMarketingExpenses": 0,
    "sellingGeneralAndAdministrativeExpenses": 222000000,
    "otherExpenses": -95000000,
    "operatingExpenses": 265000000,
    "costAndExpenses": 1031000000,
    "interestIncome": 0,
    "interestExpense": 0,
    "depreciationAndAmortization": 153000000,
    "ebitda": 484000000,
    "ebitdaratio": 0.3535427319,
    "operatingIncome": 338000000,
    "operatingIncomeRatio": 0.2468955442,
    "totalOtherIncomeExpensesNet": 39000000,
    "incomeBeforeTax": 377000000,
    "incomeBeforeTaxRatio": 0.2753834916,
    "incomeTaxExpense": -110000000,
    "netIncome": 646000000,
    "netIncomeRatio": 0.4718772827,
    "eps": 0.42,
    "epsdiluted": 0.41,
    "weightedAverageShsOut": 1533333333,
    "weightedAverageShsOutDil": 1557142857,
    "link": "https://www.sec.gov/Archives/edgar/data/24741/000120677407000512/0001206774-07-000512-index.htm",
    "finalLink": "https://www.sec.gov/Archives/edgar/data/24741/000120677407000512/corning_10k.htm"
  },
  {
    "date": "2006-09-30",
    "symbol": "GLW",
    "reportedCurrency": "USD",
    "cik": "0000024741",
    "fillingDate": "2006-11-01",
    "acceptedDate": "2006-10-31 17:57:43",
    "calendarYear": "2006",
    "period": "Q3",
    "revenue": 1282000000,
    "costOfRevenue": 716000000,
    "grossProfit": 566000000,
    "grossProfitRatio": 0.4414976599,
    "researchAndDevelopmentExpenses": 127000000,
    "generalAndAdministrativeExpenses": 0,
    "sellingAndMarketingExpenses": 0,
    "sellingGeneralAndAdministrativeExpenses": 218000000,
    "otherExpenses": 17000000,
    "operatingExpenses": 362000000,
    "costAndExpenses": 1076000000,
    "interestIncome": 0,
    "interestExpense": 0,
    "depreciationAndAmortization": 142000000,
    "ebitda": 348000000,
    "ebitdaratio": 0.271450858,
    "operatingIncome": 204000000,
    "operatingIncomeRatio": 0.1591263651,
    "totalOtherIncomeExpensesNet": 41000000,
    "incomeBeforeTax": 245000000,
    "incomeBeforeTaxRatio": 0.1911076443,
    "incomeTaxExpense": 143000000,
    "netIncome": 438000000,
    "netIncomeRatio": 0.3416536661,
    "eps": 0.28,
    "epsdiluted": 0.27,
    "weightedAverageShsOut": 1564285714,
    "weightedAverageShsOutDil": 1622222222,
    "link": "https://www.sec.gov/Archives/edgar/data/24741/000002474106000355/0000024741-06-000355-index.htm",
    "finalLink": "https://www.sec.gov/Archives/edgar/data/24741/000002474106000355/q310q06.txt"
  },
  {
    "date": "2006-06-30",
    "symbol": "GLW",
    "reportedCurrency": "USD",
    "cik": "0000024741",
    "fillingDate": "2006-07-28",
    "acceptedDate": "2006-07-28 16:00:40",
    "calendarYear": "2006",
    "period": "Q2",
    "revenue": 1261000000,
    "costOfRevenue": 720000000,
    "grossProfit": 541000000,
    "grossProfitRatio": 0.4290245837,
    "researchAndDevelopmentExpenses": 128000000,
    "generalAndAdministrativeExpenses": 0,
    "sellingAndMarketingExpenses": 0,
    "sellingGeneralAndAdministrativeExpenses": 194000000,
    "otherExpenses": -53000000,
    "operatingExpenses": 269000000,
    "costAndExpenses": 989000000,
    "interestIncome": 0,
    "interestExpense": 0,
    "depreciationAndAmortization": 152000000,
    "ebitda": 429000000,
    "ebitdaratio": 0.3402061856,
    "operatingIncome": 272000000,
    "operatingIncomeRatio": 0.2157018239,
    "totalOtherIncomeExpensesNet": 11000000,
    "incomeBeforeTax": 283000000,
    "incomeBeforeTaxRatio": 0.2244250595,
    "incomeTaxExpense": 134000000,
    "netIncome": 514000000,
    "netIncomeRatio": 0.4076130056,
    "eps": 0.33,
    "epsdiluted": 0.32,
    "weightedAverageShsOut": 1557575758,
    "weightedAverageShsOutDil": 1606250000,
    "link": "https://www.sec.gov/Archives/edgar/data/24741/000002474106000258/0000024741-06-000258-index.htm",
    "finalLink": "https://www.sec.gov/Archives/edgar/data/24741/000002474106000258/q20610q.txt"
  },
  {
    "date": "2006-03-31",
    "symbol": "GLW",
    "reportedCurrency": "USD",
    "cik": "0000024741",
    "fillingDate": "2006-05-10",
    "acceptedDate": "2006-05-10 16:03:27",
    "calendarYear": "2006",
    "period": "Q1",
    "revenue": 1262000000,
    "costOfRevenue": 689000000,
    "grossProfit": 573000000,
    "grossProfitRatio": 0.4540412044,
    "researchAndDevelopmentExpenses": 124000000,
    "generalAndAdministrativeExpenses": 0,
    "sellingAndMarketingExpenses": 0,
    "sellingGeneralAndAdministrativeExpenses": 223000000,
    "otherExpenses": 194000000,
    "operatingExpenses": 541000000,
    "costAndExpenses": 1224000000,
    "interestIncome": 0,
    "interestExpense": 0,
    "depreciationAndAmortization": 144000000,
    "ebitda": 182000000,
    "ebitdaratio": 0.1442155309,
    "operatingIncome": 32000000,
    "operatingIncomeRatio": 0.0253565769,
    "totalOtherIncomeExpensesNet": 24000000,
    "incomeBeforeTax": 56000000,
    "incomeBeforeTaxRatio": 0.0443740095,
    "incomeTaxExpense": -2000000,
    "netIncome": 257000000,
    "netIncomeRatio": 0.2036450079,
    "eps": 0.17,
    "epsdiluted": 0.16,
    "weightedAverageShsOut": 1511764706,
    "weightedAverageShsOutDil": 1606250000,
    "link": "https://www.sec.gov/Archives/edgar/data/24741/000002474106000228/0000024741-06-000228-index.htm",
    "finalLink": "https://www.sec.gov/Archives/edgar/data/24741/000002474106000228/q10610q.txt"
  },
  {
    "date": "2005-12-31",
    "symbol": "GLW",
    "reportedCurrency": "USD",
    "cik": "0000024741",
    "fillingDate": "2006-02-24",
    "acceptedDate": "2006-02-24 16:03:07",
    "calendarYear": "2005",
    "period": "Q4",
    "revenue": 1200000000,
    "costOfRevenue": 673000000,
    "grossProfit": 527000000,
    "grossProfitRatio": 0.4391666667,
    "researchAndDevelopmentExpenses": 123000000,
    "generalAndAdministrativeExpenses": 0,
    "sellingAndMarketingExpenses": 0,
    "sellingGeneralAndAdministrativeExpenses": 203000000,
    "otherExpenses": -74000000,
    "operatingExpenses": 252000000,
    "costAndExpenses": 925000000,
    "interestIncome": 0,
    "interestExpense": 0,
    "depreciationAndAmortization": 128000000,
    "ebitda": 319000000,
    "ebitdaratio": 0.2658333333,
    "operatingIncome": 275000000,
    "operatingIncomeRatio": 0.2291666667,
    "totalOtherIncomeExpensesNet": -7000000,
    "incomeBeforeTax": 268000000,
    "incomeBeforeTaxRatio": 0.2233333333,
    "incomeTaxExpense": 487000000,
    "netIncome": -32000000,
    "netIncomeRatio": -0.0266666667,
    "eps": -0.0212,
    "epsdiluted": -0.0212,
    "weightedAverageShsOut": 1511764706,
    "weightedAverageShsOutDil": 1511764706,
    "link": "https://www.sec.gov/Archives/edgar/data/24741/000002474106000175/0000024741-06-000175-index.htm",
    "finalLink": "https://www.sec.gov/Archives/edgar/data/24741/000002474106000175/form10k.txt"
  },
  {
    "date": "2005-09-30",
    "symbol": "GLW",
    "reportedCurrency": "USD",
    "cik": "0000024741",
    "fillingDate": "2005-11-02",
    "acceptedDate": "2005-11-02 16:28:12",
    "calendarYear": "2005",
    "period": "Q3",
    "revenue": 1188000000,
    "costOfRevenue": 643000000,
    "grossProfit": 545000000,
    "grossProfitRatio": 0.4587542088,
    "researchAndDevelopmentExpenses": 118000000,
    "generalAndAdministrativeExpenses": 0,
    "sellingAndMarketingExpenses": 0,
    "sellingGeneralAndAdministrativeExpenses": 178000000,
    "otherExpenses": 99000000,
    "operatingExpenses": 395000000,
    "costAndExpenses": 1010000000,
    "interestIncome": 0,
    "interestExpense": 0,
    "depreciationAndAmortization": 130000000,
    "ebitda": 308000000,
    "ebitdaratio": 0.2592592593,
    "operatingIncome": 150000000,
    "operatingIncomeRatio": 0.1262626263,
    "totalOtherIncomeExpensesNet": -19000000,
    "incomeBeforeTax": 131000000,
    "incomeBeforeTaxRatio": 0.1102693603,
    "incomeTaxExpense": 28000000,
    "netIncome": 203000000,
    "netIncomeRatio": 0.1708754209,
    "eps": 0.14,
    "epsdiluted": 0.13,
    "weightedAverageShsOut": 1488000000,
    "weightedAverageShsOutDil": 1552000000,
    "link": "https://www.sec.gov/Archives/edgar/data/24741/000002474105000618/0000024741-05-000618-index.htm",
    "finalLink": "https://www.sec.gov/Archives/edgar/data/24741/000002474105000618/q310q.txt"
  },
  {
    "date": "2005-06-30",
    "symbol": "GLW",
    "reportedCurrency": "USD",
    "cik": "0000024741",
    "fillingDate": "2005-07-29",
    "acceptedDate": "2005-07-29 16:01:59",
    "calendarYear": "2005",
    "period": "Q2",
    "revenue": 1141000000,
    "costOfRevenue": 658000000,
    "grossProfit": 483000000,
    "grossProfitRatio": 0.4233128834,
    "researchAndDevelopmentExpenses": 104000000,
    "generalAndAdministrativeExpenses": 0,
    "sellingAndMarketingExpenses": 0,
    "sellingGeneralAndAdministrativeExpenses": 191000000,
    "otherExpenses": 139000000,
    "operatingExpenses": 434000000,
    "costAndExpenses": 1093000000,
    "interestIncome": 0,
    "interestExpense": 0,
    "depreciationAndAmortization": 129000000,
    "ebitda": 177000000,
    "ebitdaratio": 0.1551270815,
    "operatingIncome": 49000000,
    "operatingIncomeRatio": 0.0429447853,
    "totalOtherIncomeExpensesNet": -7000000,
    "incomeBeforeTax": 42000000,
    "incomeBeforeTaxRatio": 0.036809816,
    "incomeTaxExpense": 44000000,
    "netIncome": 165000000,
    "netIncomeRatio": 0.1446099912,
    "eps": 0.11,
    "epsdiluted": 0.11,
    "weightedAverageShsOut": 1438000000,
    "weightedAverageShsOutDil": 1517000000,
    "link": "https://www.sec.gov/Archives/edgar/data/24741/000002474105000409/0000024741-05-000409-index.htm",
    "finalLink": "https://www.sec.gov/Archives/edgar/data/24741/000002474105000409/q210q05.txt"
  },
  {
    "date": "2005-03-31",
    "symbol": "GLW",
    "reportedCurrency": "USD",
    "cik": "0000024741",
    "fillingDate": "2005-04-26",
    "acceptedDate": "2005-04-26 16:16:34",
    "calendarYear": "2005",
    "period": "Q1",
    "revenue": 1050000000,
    "costOfRevenue": 621000000,
    "grossProfit": 429000000,
    "grossProfitRatio": 0.4085714286,
    "researchAndDevelopmentExpenses": 98000000,
    "generalAndAdministrativeExpenses": 0,
    "sellingAndMarketingExpenses": 0,
    "sellingGeneralAndAdministrativeExpenses": 184000000,
    "otherExpenses": 12000000,
    "operatingExpenses": 294000000,
    "costAndExpenses": 915000000,
    "interestIncome": 0,
    "interestExpense": 0,
    "depreciationAndAmortization": 125000000,
    "ebitda": 279000000,
    "ebitdaratio": 0.2657142857,
    "operatingIncome": 135000000,
    "operatingIncomeRatio": 0.1285714286,
    "totalOtherIncomeExpensesNet": -34000000,
    "incomeBeforeTax": 101000000,
    "incomeBeforeTaxRatio": 0.0961904762,
    "incomeTaxExpense": 19000000,
    "netIncome": 250000000,
    "netIncomeRatio": 0.2380952381,
    "eps": 0.18,
    "epsdiluted": 0.17,
    "weightedAverageShsOut": 1388888889,
    "weightedAverageShsOutDil": 1470588235,
    "link": "https://www.sec.gov/Archives/edgar/data/24741/000002474105000219/0000024741-05-000219-index.htm",
    "finalLink": "https://www.sec.gov/Archives/edgar/data/24741/000002474105000219/q110q05.txt"
  },
  {
    "date": "2004-12-31",
    "symbol": "GLW",
    "reportedCurrency": "USD",
    "cik": "0000024741",
    "fillingDate": "2005-02-22",
    "acceptedDate": "2005-02-22 16:03:05",
    "calendarYear": "2004",
    "period": "Q4",
    "revenue": 1033000000,
    "costOfRevenue": 668000000,
    "grossProfit": 365000000,
    "grossProfitRatio": 0.353339787,
    "researchAndDevelopmentExpenses": 98000000,
    "generalAndAdministrativeExpenses": 0,
    "sellingAndMarketingExpenses": 0,
    "sellingGeneralAndAdministrativeExpenses": 174000000,
    "otherExpenses": 22000000,
    "operatingExpenses": 294000000,
    "costAndExpenses": 962000000,
    "interestIncome": 0,
    "interestExpense": 0,
    "depreciationAndAmortization": 136000000,
    "ebitda": 202000000,
    "ebitdaratio": 0.1955469506,
    "operatingIncome": 71000000,
    "operatingIncomeRatio": 0.068731849,
    "totalOtherIncomeExpensesNet": -4000000,
    "incomeBeforeTax": 67000000,
    "incomeBeforeTaxRatio": 0.0648596321,
    "incomeTaxExpense": 34000000,
    "netIncome": 163000000,
    "netIncomeRatio": 0.1577928364,
    "eps": 0.12,
    "epsdiluted": 0.12,
    "weightedAverageShsOut": 1404000000,
    "weightedAverageShsOutDil": 1411000000,
    "link": "https://www.sec.gov/Archives/edgar/data/24741/000002474105000121/0000024741-05-000121-index.htm",
    "finalLink": "https://www.sec.gov/Archives/edgar/data/24741/000002474105000121/form10k04.txt"
  },
  {
    "date": "2004-09-30",
    "symbol": "GLW",
    "reportedCurrency": "USD",
    "cik": "0000024741",
    "fillingDate": "2004-10-28",
    "acceptedDate": "2004-10-28 16:03:56",
    "calendarYear": "2004",
    "period": "Q3",
    "revenue": 1006000000,
    "costOfRevenue": 602000000,
    "grossProfit": 404000000,
    "grossProfitRatio": 0.4015904573,
    "researchAndDevelopmentExpenses": 88000000,
    "generalAndAdministrativeExpenses": 0,
    "sellingAndMarketingExpenses": 0,
    "sellingGeneralAndAdministrativeExpenses": 153000000,
    "otherExpenses": 1753000000,
    "operatingExpenses": 1994000000,
    "costAndExpenses": 2596000000,
    "interestIncome": 0,
    "interestExpense": 0,
    "depreciationAndAmortization": 128000000,
    "ebitda": 332000000,
    "ebitdaratio": 0.3300198807,
    "operatingIncome": -1590000000,
    "operatingIncomeRatio": -1.5805168986,
    "totalOtherIncomeExpensesNet": -29000000,
    "incomeBeforeTax": -1619000000,
    "incomeBeforeTaxRatio": -1.6093439364,
    "incomeTaxExpense": 985000000,
    "netIncome": -2491000000,
    "netIncomeRatio": -2.4761431412,
    "eps": -1.78,
    "epsdiluted": -1.78,
    "weightedAverageShsOut": 1399000000,
    "weightedAverageShsOutDil": 1399000000,
    "link": "https://www.sec.gov/Archives/edgar/data/24741/000002474104000497/0000024741-04-000497-index.htm",
    "finalLink": "https://www.sec.gov/Archives/edgar/data/24741/000002474104000497/q310q04.txt"
  },
  {
    "date": "2004-06-30",
    "symbol": "GLW",
    "reportedCurrency": "USD",
    "cik": "0000024741",
    "fillingDate": "2004-07-30",
    "acceptedDate": "2004-07-30 08:59:10",
    "calendarYear": "2004",
    "period": "Q2",
    "revenue": 971000000,
    "costOfRevenue": 625000000,
    "grossProfit": 346000000,
    "grossProfitRatio": 0.3563336766,
    "researchAndDevelopmentExpenses": 85000000,
    "generalAndAdministrativeExpenses": 0,
    "sellingAndMarketingExpenses": 0,
    "sellingGeneralAndAdministrativeExpenses": 166000000,
    "otherExpenses": 22000000,
    "operatingExpenses": 273000000,
    "costAndExpenses": 932000000,
    "interestIncome": 0,
    "interestExpense": 0,
    "depreciationAndAmortization": 129000000,
    "ebitda": 168000000,
    "ebitdaratio": 0.1730175077,
    "operatingIncome": 73000000,
    "operatingIncomeRatio": 0.0751802266,
    "totalOtherIncomeExpensesNet": 0,
    "incomeBeforeTax": 36000000,
    "incomeBeforeTaxRatio": 0.0370751802,
    "incomeTaxExpense": 24000000,
    "netIncome": 108000000,
    "netIncomeRatio": 0.1112255407,
    "eps": 0.08,
    "epsdiluted": 0.07,
    "weightedAverageShsOut": 1383000000,
    "weightedAverageShsOutDil": 1495000000,
    "link": "https://www.sec.gov/Archives/edgar/data/24741/000002474104000389/0000024741-04-000389-index.htm",
    "finalLink": "https://www.sec.gov/Archives/edgar/data/24741/000002474104000389/q210q04.txt"
  },
  {
    "date": "2004-03-31",
    "symbol": "GLW",
    "reportedCurrency": "USD",
    "cik": "0000024741",
    "fillingDate": "2004-05-04",
    "acceptedDate": "2004-05-04 09:03:37",
    "calendarYear": "2004",
    "period": "Q1",
    "revenue": 844000000,
    "costOfRevenue": 544000000,
    "grossProfit": 300000000,
    "grossProfitRatio": 0.355450237,
    "researchAndDevelopmentExpenses": 84000000,
    "generalAndAdministrativeExpenses": 0,
    "sellingAndMarketingExpenses": 0,
    "sellingGeneralAndAdministrativeExpenses": 160000000,
    "otherExpenses": 63000000,
    "operatingExpenses": 307000000,
    "costAndExpenses": 851000000,
    "interestIncome": 0,
    "interestExpense": 0,
    "depreciationAndAmortization": 130000000,
    "ebitda": 157000000,
    "ebitdaratio": 0.1860189573,
    "operatingIncome": -7000000,
    "operatingIncomeRatio": -0.0082938389,
    "totalOtherIncomeExpensesNet": -57000000,
    "incomeBeforeTax": -64000000,
    "incomeBeforeTaxRatio": -0.0758293839,
    "incomeTaxExpense": -12000000,
    "netIncome": 55000000,
    "netIncomeRatio": 0.0651658768,
    "eps": 0.04,
    "epsdiluted": 0.04,
    "weightedAverageShsOut": 1358000000,
    "weightedAverageShsOutDil": 1437000000,
    "link": "https://www.sec.gov/Archives/edgar/data/24741/000002474104000274/0000024741-04-000274-index.htm",
    "finalLink": "https://www.sec.gov/Archives/edgar/data/24741/000002474104000274/q10410q.txt"
  },
  {
    "date": "2003-12-31",
    "symbol": "GLW",
    "reportedCurrency": "USD",
    "cik": "0000024741",
    "fillingDate": "2004-03-01",
    "acceptedDate": "2004-03-01 16:02:55",
    "calendarYear": "2003",
    "period": "Q4",
    "revenue": 820000000,
    "costOfRevenue": 578000000,
    "grossProfit": 242000000,
    "grossProfitRatio": 0.2951219512,
    "researchAndDevelopmentExpenses": 86000000,
    "generalAndAdministrativeExpenses": 0,
    "sellingAndMarketingExpenses": 0,
    "sellingGeneralAndAdministrativeExpenses": 152000000,
    "otherExpenses": 443000000,
    "operatingExpenses": 681000000,
    "costAndExpenses": 1238000000,
    "interestIncome": 0,
    "interestExpense": 0,
    "depreciationAndAmortization": 126000000,
    "ebitda": -292000000,
    "ebitdaratio": -0.356097561,
    "operatingIncome": -439000000,
    "operatingIncomeRatio": -0.5353658537,
    "totalOtherIncomeExpensesNet": 0,
    "incomeBeforeTax": -91000000,
    "incomeBeforeTaxRatio": -0.1109756098,
    "incomeTaxExpense": -46000000,
    "netIncome": -29000000,
    "netIncomeRatio": -0.0353658537,
    "eps": -0.0216,
    "epsdiluted": -0.0214,
    "weightedAverageShsOut": 1343000000,
    "weightedAverageShsOutDil": 1358000000,
    "link": "https://www.sec.gov/Archives/edgar/data/24741/000002474104000158/0000024741-04-000158-index.htm",
    "finalLink": "https://www.sec.gov/Archives/edgar/data/24741/000002474104000158/k2003.txt"
  },
  {
    "date": "2003-09-30",
    "symbol": "GLW",
    "reportedCurrency": "USD",
    "cik": "0000024741",
    "fillingDate": "2003-10-30",
    "acceptedDate": "2003-10-30 09:09:49",
    "calendarYear": "2003",
    "period": "Q3",
    "revenue": 772000000,
    "costOfRevenue": 546000000,
    "grossProfit": 226000000,
    "grossProfitRatio": 0.292746114,
    "researchAndDevelopmentExpenses": 80000000,
    "generalAndAdministrativeExpenses": 0,
    "sellingAndMarketingExpenses": 0,
    "sellingGeneralAndAdministrativeExpenses": 147000000,
    "otherExpenses": 0,
    "operatingExpenses": 227000000,
    "costAndExpenses": 773000000,
    "interestIncome": 0,
    "interestExpense": 0,
    "depreciationAndAmortization": 123000000,
    "ebitda": 112000000,
    "ebitdaratio": 0.1450777202,
    "operatingIncome": -1000000,
    "operatingIncomeRatio": -0.0012953368,
    "totalOtherIncomeExpensesNet": -73000000,
    "incomeBeforeTax": -74000000,
    "incomeBeforeTaxRatio": -0.0958549223,
    "incomeTaxExpense": -30000000,
    "netIncome": 33000000,
    "netIncomeRatio": 0.042746114,
    "eps": 0.03,
    "epsdiluted": 0.02,
    "weightedAverageShsOut": 1314000000,
    "weightedAverageShsOutDil": 1390000000,
    "link": "https://www.sec.gov/Archives/edgar/data/24741/000002474103000296/0000024741-03-000296-index.htm",
    "finalLink": "https://www.sec.gov/Archives/edgar/data/24741/000002474103000296/q310q.txt"
  },
  {
    "date": "2003-06-30",
    "symbol": "GLW",
    "reportedCurrency": "USD",
    "cik": "0000024741",
    "fillingDate": "2003-08-06",
    "acceptedDate": "2003-08-06 16:02:55",
    "calendarYear": "2003",
    "period": "Q2",
    "revenue": 752000000,
    "costOfRevenue": 571000000,
    "grossProfit": 181000000,
    "grossProfitRatio": 0.2406914894,
    "researchAndDevelopmentExpenses": 85000000,
    "generalAndAdministrativeExpenses": 0,
    "sellingAndMarketingExpenses": 0,
    "sellingGeneralAndAdministrativeExpenses": 148000000,
    "otherExpenses": 58000000,
    "operatingExpenses": 291000000,
    "costAndExpenses": 862000000,
    "interestIncome": 0,
    "interestExpense": 0,
    "depreciationAndAmortization": 141000000,
    "ebitda": 80000000,
    "ebitdaratio": 0.1063829787,
    "operatingIncome": -110000000,
    "operatingIncomeRatio": -0.1462765957,
    "totalOtherIncomeExpensesNet": -39000000,
    "incomeBeforeTax": -149000000,
    "incomeBeforeTaxRatio": -0.1981382979,
    "incomeTaxExpense": -34000000,
    "netIncome": -22000000,
    "netIncomeRatio": -0.0292553191,
    "eps": -0.0177,
    "epsdiluted": -0.0177,
    "weightedAverageShsOut": 1244000000,
    "weightedAverageShsOutDil": 1244000000,
    "link": "https://www.sec.gov/Archives/edgar/data/24741/000002474103000144/0000024741-03-000144-index.htm",
    "finalLink": "https://www.sec.gov/Archives/edgar/data/24741/000002474103000144/q210q.txt"
  },
  {
    "date": "2003-03-31",
    "symbol": "GLW",
    "reportedCurrency": "USD",
    "cik": "0000024741",
    "fillingDate": "2003-05-01",
    "acceptedDate": "2003-05-01 16:01:12",
    "calendarYear": "2003",
    "period": "Q1",
    "revenue": 746000000,
    "costOfRevenue": 546000000,
    "grossProfit": 200000000,
    "grossProfitRatio": 0.2680965147,
    "researchAndDevelopmentExpenses": 93000000,
    "generalAndAdministrativeExpenses": 0,
    "sellingAndMarketingExpenses": 0,
    "sellingGeneralAndAdministrativeExpenses": 152000000,
    "otherExpenses": 60000000,
    "operatingExpenses": 305000000,
    "costAndExpenses": 851000000,
    "interestIncome": 0,
    "interestExpense": 0,
    "depreciationAndAmortization": 127000000,
    "ebitda": 73000000,
    "ebitdaratio": 0.0978552279,
    "operatingIncome": -105000000,
    "operatingIncomeRatio": -0.1407506702,
    "totalOtherIncomeExpensesNet": -340000000,
    "incomeBeforeTax": -445000000,
    "incomeBeforeTaxRatio": -0.5965147453,
    "incomeTaxExpense": -144000000,
    "netIncome": -205000000,
    "netIncomeRatio": -0.2747989276,
    "eps": -0.17,
    "epsdiluted": -0.17,
    "weightedAverageShsOut": 1200000000,
    "weightedAverageShsOutDil": 1200000000,
    "link": "https://www.sec.gov/Archives/edgar/data/24741/000002474103000021/0000024741-03-000021-index.htm",
    "finalLink": "https://www.sec.gov/Archives/edgar/data/24741/000002474103000021/q10310q.txt"
  },
  {
    "date": "2002-12-31",
    "symbol": "GLW",
    "reportedCurrency": "USD",
    "cik": "0000024741",
    "fillingDate": "2003-02-20",
    "acceptedDate": "2003-02-20 16:00:15",
    "calendarYear": "2002",
    "period": "Q4",
    "revenue": 533000000,
    "costOfRevenue": 512000000,
    "grossProfit": 21000000,
    "grossProfitRatio": 0.0393996248,
    "researchAndDevelopmentExpenses": 108000000,
    "generalAndAdministrativeExpenses": 0,
    "sellingAndMarketingExpenses": 0,
    "sellingGeneralAndAdministrativeExpenses": 178000000,
    "otherExpenses": 1471000000,
    "operatingExpenses": 1757000000,
    "costAndExpenses": 2269000000,
    "interestIncome": 0,
    "interestExpense": 0,
    "depreciationAndAmortization": 139000000,
    "ebitda": -136000000,
    "ebitdaratio": -0.2551594747,
    "operatingIncome": -1736000000,
    "operatingIncomeRatio": -3.2570356473,
    "totalOtherIncomeExpensesNet": 22000000,
    "incomeBeforeTax": -1714000000,
    "incomeBeforeTaxRatio": -3.2157598499,
    "incomeTaxExpense": -427000000,
    "netIncome": -709000000,
    "netIncomeRatio": -1.330206379,
    "eps": -0.6,
    "epsdiluted": -0.59,
    "weightedAverageShsOut": 1184107914,
    "weightedAverageShsOutDil": 1200000000,
    "link": "https://www.sec.gov/Archives/edgar/data/24741/000002474103000009/0000024741-03-000009-index.htm",
    "finalLink": "https://www.sec.gov/Archives/edgar/data/24741/000002474103000009/corning10k.txt"
  },
  {
    "date": "2002-09-30",
    "symbol": "GLW",
    "reportedCurrency": "USD",
    "cik": "0000024741",
    "fillingDate": "2002-11-01",
    "acceptedDate": "2002-11-01 16:05:05",
    "calendarYear": "2002",
    "period": "Q3",
    "revenue": 837000000,
    "costOfRevenue": 633000000,
    "grossProfit": 129000000,
    "grossProfitRatio": 0.1541218638,
    "researchAndDevelopmentExpenses": 115000000,
    "generalAndAdministrativeExpenses": 0,
    "sellingAndMarketingExpenses": 0,
    "sellingGeneralAndAdministrativeExpenses": 157000000,
    "otherExpenses": 136000000,
    "operatingExpenses": 406000000,
    "costAndExpenses": 1039000000,
    "interestIncome": 0,
    "interestExpense": 0,
    "depreciationAndAmortization": 153000000,
    "ebitda": 1000000,
    "ebitdaratio": 0.0011947431,
    "operatingIncome": -246000000,
    "operatingIncomeRatio": -0.29390681,
    "totalOtherIncomeExpensesNet": -13000000,
    "incomeBeforeTax": -259000000,
    "incomeBeforeTaxRatio": -0.3094384707,
    "incomeTaxExpense": -91000000,
    "netIncome": -133000000,
    "netIncomeRatio": -0.1589008363,
    "eps": -0.25,
    "epsdiluted": -0.25,
    "weightedAverageShsOut": 1036000000,
    "weightedAverageShsOutDil": 1036000000,
    "link": "https://www.sec.gov/Archives/edgar/data/24741/000002474102000075/0000024741-02-000075-index.htm",
    "finalLink": "https://www.sec.gov/Archives/edgar/data/24741/000002474102000075/q30210q.txt"
  },
  {
    "date": "2002-06-30",
    "symbol": "GLW",
    "reportedCurrency": "USD",
    "cik": "0000024741",
    "fillingDate": "2002-07-24",
    "acceptedDate": "2002-07-24 14:10:28",
    "calendarYear": "2002",
    "period": "Q2",
    "revenue": 896000000,
    "costOfRevenue": 682000000,
    "grossProfit": 214000000,
    "grossProfitRatio": 0.2388392857,
    "researchAndDevelopmentExpenses": 132000000,
    "generalAndAdministrativeExpenses": 0,
    "sellingAndMarketingExpenses": 0,
    "sellingGeneralAndAdministrativeExpenses": 190000000,
    "otherExpenses": 505000000,
    "operatingExpenses": 827000000,
    "costAndExpenses": 1509000000,
    "interestIncome": 0,
    "interestExpense": 0,
    "depreciationAndAmortization": 177000000,
    "ebitda": 58000000,
    "ebitdaratio": 0.0647321429,
    "operatingIncome": -613000000,
    "operatingIncomeRatio": -0.6841517857,
    "totalOtherIncomeExpensesNet": 34000000,
    "incomeBeforeTax": -579000000,
    "incomeBeforeTaxRatio": -0.6462053571,
    "incomeTaxExpense": -178000000,
    "netIncome": -370000000,
    "netIncomeRatio": -0.4129464286,
    "eps": -0.39,
    "epsdiluted": -0.39,
    "weightedAverageShsOut": 948000000,
    "weightedAverageShsOutDil": 948000000,
    "link": "https://www.sec.gov/Archives/edgar/data/24741/000002474102000040/0000024741-02-000040-index.htm",
    "finalLink": "https://www.sec.gov/Archives/edgar/data/24741/000002474102000040/q210q02.txt"
  },
  {
    "date": "2002-03-31",
    "symbol": "GLW",
    "reportedCurrency": "USD",
    "cik": "0000024741",
    "fillingDate": "2002-05-07",
    "acceptedDate": "2002-05-07 16:47:37",
    "calendarYear": "2002",
    "period": "Q1",
    "revenue": 898000000,
    "costOfRevenue": 694000000,
    "grossProfit": 204000000,
    "grossProfitRatio": 0.2271714922,
    "researchAndDevelopmentExpenses": 128000000,
    "generalAndAdministrativeExpenses": 0,
    "sellingAndMarketingExpenses": 0,
    "sellingGeneralAndAdministrativeExpenses": 190000000,
    "otherExpenses": 11000000,
    "operatingExpenses": 329000000,
    "costAndExpenses": 1023000000,
    "interestIncome": 0,
    "interestExpense": 0,
    "depreciationAndAmortization": 174000000,
    "ebitda": 49000000,
    "ebitdaratio": 0.0545657016,
    "operatingIncome": -125000000,
    "operatingIncomeRatio": -0.1391982183,
    "totalOtherIncomeExpensesNet": -43000000,
    "incomeBeforeTax": -168000000,
    "incomeBeforeTaxRatio": -0.1870824053,
    "incomeTaxExpense": -42000000,
    "netIncome": -90000000,
    "netIncomeRatio": -0.1002227171,
    "eps": -0.0952,
    "epsdiluted": -0.0952,
    "weightedAverageShsOut": 945000000,
    "weightedAverageShsOutDil": 945000000,
    "link": "https://www.sec.gov/Archives/edgar/data/24741/000002474102000028/0000024741-02-000028-index.htm",
    "finalLink": "https://www.sec.gov/Archives/edgar/data/24741/000002474102000028/q10210q.txt"
  },
  {
    "date": "2001-12-31",
    "symbol": "GLW",
    "reportedCurrency": "USD",
    "cik": "0000024741",
    "fillingDate": "2002-03-04",
    "acceptedDate": "2002-03-04 00:00:00",
    "calendarYear": "2001",
    "period": "Q4",
    "revenue": 974000000,
    "costOfRevenue": 942000000,
    "grossProfit": 32000000,
    "grossProfitRatio": 0.0328542094,
    "researchAndDevelopmentExpenses": 147000000,
    "generalAndAdministrativeExpenses": 0,
    "sellingAndMarketingExpenses": 0,
    "sellingGeneralAndAdministrativeExpenses": 298000000,
    "otherExpenses": 689000000,
    "operatingExpenses": 1134000000,
    "costAndExpenses": 2076000000,
    "interestIncome": 0,
    "interestExpense": 0,
    "depreciationAndAmortization": 240000000,
    "ebitda": -248000000,
    "ebitdaratio": -0.2546201232,
    "operatingIncome": -1102000000,
    "operatingIncomeRatio": -1.1314168378,
    "totalOtherIncomeExpensesNet": -29000000,
    "incomeBeforeTax": -1131000000,
    "incomeBeforeTaxRatio": -1.1611909651,
    "incomeTaxExpense": -423000000,
    "netIncome": -655000000,
    "netIncomeRatio": -0.6724845996,
    "eps": -0.69,
    "epsdiluted": -0.69,
    "weightedAverageShsOut": 945000000,
    "weightedAverageShsOutDil": 945000000,
    "link": "https://www.sec.gov/Archives/edgar/data/24741/000002474102000014/0000024741-02-000014-index.htm",
    "finalLink": "https://www.sec.gov/Archives/edgar/data/24741/000002474102000014/cng10k.txt"
  },
  {
    "date": "2001-09-30",
    "symbol": "GLW",
    "reportedCurrency": "USD",
    "cik": "0000024741",
    "fillingDate": "2001-10-26",
    "acceptedDate": "2001-10-26 00:00:00",
    "calendarYear": "2001",
    "period": "Q3",
    "revenue": 1509000000,
    "costOfRevenue": 994000000,
    "grossProfit": 515000000,
    "grossProfitRatio": 0.3412856196,
    "researchAndDevelopmentExpenses": 153000000,
    "generalAndAdministrativeExpenses": 0,
    "sellingAndMarketingExpenses": 0,
    "sellingGeneralAndAdministrativeExpenses": 267000000,
    "otherExpenses": 387000000,
    "operatingExpenses": 807000000,
    "costAndExpenses": 1801000000,
    "interestIncome": 0,
    "interestExpense": 0,
    "depreciationAndAmortization": 48000000,
    "ebitda": 95000000,
    "ebitdaratio": 0.0629555997,
    "operatingIncome": -292000000,
    "operatingIncomeRatio": -0.1935056329,
    "totalOtherIncomeExpensesNet": -28000000,
    "incomeBeforeTax": -320000000,
    "incomeBeforeTaxRatio": -0.2120609675,
    "incomeTaxExpense": -60000000,
    "netIncome": -220000000,
    "netIncomeRatio": -0.1457919152,
    "eps": -0.24,
    "epsdiluted": -0.24,
    "weightedAverageShsOut": 936000000,
    "weightedAverageShsOutDil": 936000000,
    "link": "https://www.sec.gov/Archives/edgar/data/24741/000002474101500066/0000024741-01-500066-index.htm",
    "finalLink": "https://www.sec.gov/Archives/edgar/data/24741/000002474101500066/q310q01.txt"
  },
  {
    "date": "2001-06-30",
    "symbol": "GLW",
    "reportedCurrency": "USD",
    "cik": "0000024741",
    "fillingDate": "2001-08-03",
    "acceptedDate": "2001-08-03 00:00:00",
    "calendarYear": "2001",
    "period": "Q2",
    "revenue": 1868000000,
    "costOfRevenue": 1332000000,
    "grossProfit": 536000000,
    "grossProfitRatio": 0.2869379015,
    "researchAndDevelopmentExpenses": 169000000,
    "generalAndAdministrativeExpenses": 0,
    "sellingAndMarketingExpenses": 0,
    "sellingGeneralAndAdministrativeExpenses": 271000000,
    "otherExpenses": 4932000000,
    "operatingExpenses": 5372000000,
    "costAndExpenses": 6704000000,
    "interestIncome": 0,
    "interestExpense": 0,
    "depreciationAndAmortization": 160000000,
    "ebitda": 96000000,
    "ebitdaratio": 0.051391863,
    "operatingIncome": -4836000000,
    "operatingIncomeRatio": -2.5888650964,
    "totalOtherIncomeExpensesNet": -35000000,
    "incomeBeforeTax": -4871000000,
    "incomeBeforeTaxRatio": -2.6076017131,
    "incomeTaxExpense": -77000000,
    "netIncome": -4755000000,
    "netIncomeRatio": -2.545503212,
    "eps": -5.13,
    "epsdiluted": -5.13,
    "weightedAverageShsOut": 926000000,
    "weightedAverageShsOutDil": 926000000,
    "link": "https://www.sec.gov/Archives/edgar/data/24741/000002474101500043/0000024741-01-500043-index.htm",
    "finalLink": "https://www.sec.gov/Archives/edgar/data/24741/000002474101500043/q210q01.txt"
  },
  {
    "date": "2001-03-31",
    "symbol": "GLW",
    "reportedCurrency": "USD",
    "cik": "0000024741",
    "fillingDate": "2001-05-02",
    "acceptedDate": "2001-05-02 00:00:00",
    "calendarYear": "2001",
    "period": "Q1",
    "revenue": 1921000000,
    "costOfRevenue": 957000000,
    "grossProfit": 964000000,
    "grossProfitRatio": 0.5018219677,
    "researchAndDevelopmentExpenses": 162000000,
    "generalAndAdministrativeExpenses": 0,
    "sellingAndMarketingExpenses": 0,
    "sellingGeneralAndAdministrativeExpenses": 261000000,
    "otherExpenses": 311000000,
    "operatingExpenses": 734000000,
    "costAndExpenses": 1691000000,
    "interestIncome": 0,
    "interestExpense": 0,
    "depreciationAndAmortization": 311000000,
    "ebitda": 541000000,
    "ebitdaratio": 0.2816241541,
    "operatingIncome": 230000000,
    "operatingIncomeRatio": 0.1197293077,
    "totalOtherIncomeExpensesNet": 10000000,
    "incomeBeforeTax": 240000000,
    "incomeBeforeTaxRatio": 0.1249349297,
    "incomeTaxExpense": 108000000,
    "netIncome": 132000000,
    "netIncomeRatio": 0.0687142113,
    "eps": 0.14,
    "epsdiluted": 0.14,
    "weightedAverageShsOut": 942857143,
    "weightedAverageShsOutDil": 942857143,
    "link": "https://www.sec.gov/Archives/edgar/data/24741/000002474101500019/0000024741-01-500019-index.htm",
    "finalLink": "https://www.sec.gov/Archives/edgar/data/24741/000002474101500019/q10110q.txt"
  },
  {
    "date": "2000-12-31",
    "symbol": "GLW",
    "reportedCurrency": "USD",
    "cik": "0000024741",
    "fillingDate": "2001-03-12",
    "acceptedDate": "2001-03-12 00:00:00",
    "calendarYear": "2000",
    "period": "Q4",
    "revenue": 2151600000,
    "costOfRevenue": 1057500000,
    "grossProfit": 1094100000,
    "grossProfitRatio": 0.5085052984,
    "researchAndDevelopmentExpenses": 168700000,
    "generalAndAdministrativeExpenses": 0,
    "sellingAndMarketingExpenses": 0,
    "sellingGeneralAndAdministrativeExpenses": 333400000,
    "otherExpenses": -1100000,
    "operatingExpenses": 501000000,
    "costAndExpenses": 1558500000,
    "interestIncome": 104600000,
    "interestExpense": 106600000,
    "depreciationAndAmortization": -1100000,
    "ebitda": 592000000,
    "ebitdaratio": 0.2751440788,
    "operatingIncome": 593100000,
    "operatingIncomeRatio": 0.2756553263,
    "totalOtherIncomeExpensesNet": -559300000,
    "incomeBeforeTax": 33800000,
    "incomeBeforeTaxRatio": 0.0157092396,
    "incomeTaxExpense": 103500000,
    "netIncome": -56700000,
    "netIncomeRatio": -0.0263524819,
    "eps": -0.0611,
    "epsdiluted": -0.0601,
    "weightedAverageShsOut": 928087136,
    "weightedAverageShsOutDil": 942857143,
    "link": "https://www.sec.gov/Archives/edgar/data/24741/000091205701503245/0000912057-01-503245-index.htm",
    "finalLink": "https://www.sec.gov/Archives/edgar/data/24741/000091205701503245/a2040111z10-k405.htm"
  },
  {
    "date": "2000-09-30",
    "symbol": "GLW",
    "reportedCurrency": "USD",
    "cik": "0000024741",
    "fillingDate": "2000-10-24",
    "acceptedDate": "2000-10-24 00:00:00",
    "calendarYear": "2000",
    "period": "Q3",
    "revenue": 1944000000,
    "costOfRevenue": 1112000000,
    "grossProfit": 804000000,
    "grossProfitRatio": 0.4135802469,
    "researchAndDevelopmentExpenses": 141100000,
    "generalAndAdministrativeExpenses": 0,
    "sellingAndMarketingExpenses": 0,
    "sellingGeneralAndAdministrativeExpenses": 256000000,
    "otherExpenses": 82000000,
    "operatingExpenses": 479000000,
    "costAndExpenses": 1591500000,
    "interestIncome": 0,
    "interestExpense": 0,
    "depreciationAndAmortization": 82000000,
    "ebitda": 407000000,
    "ebitdaratio": 0.2093621399,
    "operatingIncome": 325000000,
    "operatingIncomeRatio": 0.16718107,
    "totalOtherIncomeExpensesNet": 40000000,
    "incomeBeforeTax": 365300000,
    "incomeBeforeTaxRatio": 0.1879115226,
    "incomeTaxExpense": 111700000,
    "netIncome": 254000000,
    "netIncomeRatio": 0.1306584362,
    "eps": 0.3,
    "epsdiluted": 0.29,
    "weightedAverageShsOut": 835191837,
    "weightedAverageShsOutDil": 877028572,
    "link": "https://www.sec.gov/Archives/edgar/data/24741/000002474100000057/0000024741-00-000057-index.htm",
    "finalLink": "https://www.sec.gov/Archives/edgar/data/24741/000002474100000057/0000024741-00-000057-0001.txt"
  },
  {
    "date": "2000-06-30",
    "symbol": "GLW",
    "reportedCurrency": "USD",
    "cik": "0000024741",
    "fillingDate": "2000-08-11",
    "acceptedDate": "2000-08-11 00:00:00",
    "calendarYear": "2000",
    "period": "Q2",
    "revenue": 1802500000,
    "costOfRevenue": 1030000000,
    "grossProfit": 746000000,
    "grossProfitRatio": 0.4138696255,
    "researchAndDevelopmentExpenses": 120100000,
    "generalAndAdministrativeExpenses": 0,
    "sellingAndMarketingExpenses": 0,
    "sellingGeneralAndAdministrativeExpenses": 258000000,
    "otherExpenses": 100000000,
    "operatingExpenses": 478000000,
    "costAndExpenses": 1508000000,
    "interestIncome": 0,
    "interestExpense": 0,
    "depreciationAndAmortization": 49000000,
    "ebitda": 317000000,
    "ebitdaratio": 0.1758668516,
    "operatingIncome": 268000000,
    "operatingIncomeRatio": 0.1486823856,
    "totalOtherIncomeExpensesNet": -14000000,
    "incomeBeforeTax": 254000000,
    "incomeBeforeTaxRatio": 0.1409153953,
    "incomeTaxExpense": 136900000,
    "netIncome": 149000000,
    "netIncomeRatio": 0.0826629681,
    "eps": 0.18,
    "epsdiluted": 0.17,
    "weightedAverageShsOut": 835191837,
    "weightedAverageShsOutDil": 877028572,
    "link": "https://www.sec.gov/Archives/edgar/data/24741/000002474100000047/0000024741-00-000047-index.htm",
    "finalLink": "https://www.sec.gov/Archives/edgar/data/24741/000002474100000047/0000024741-00-000047-0001.txt"
  },
  {
    "date": "2000-03-31",
    "symbol": "GLW",
    "reportedCurrency": "USD",
    "cik": "0000024741",
    "fillingDate": "2000-05-12",
    "acceptedDate": "2000-05-12 00:00:00",
    "calendarYear": "2000",
    "period": "Q1",
    "revenue": 1381700000,
    "costOfRevenue": 676000000,
    "grossProfit": 675000000,
    "grossProfitRatio": 0.4885286242,
    "researchAndDevelopmentExpenses": 110100000,
    "generalAndAdministrativeExpenses": 0,
    "sellingAndMarketingExpenses": 0,
    "sellingGeneralAndAdministrativeExpenses": 200000000,
    "otherExpenses": 125000000,
    "operatingExpenses": 435000000,
    "costAndExpenses": 1111000000,
    "interestIncome": 0,
    "interestExpense": 0,
    "depreciationAndAmortization": 125000000,
    "ebitda": 365000000,
    "ebitdaratio": 0.2641673301,
    "operatingIncome": 240000000,
    "operatingIncomeRatio": 0.1736990664,
    "totalOtherIncomeExpensesNet": -108000000,
    "incomeBeforeTax": 131800000,
    "incomeBeforeTaxRatio": 0.0953897373,
    "incomeTaxExpense": 54900000,
    "netIncome": 77000000,
    "netIncomeRatio": 0.0557284505,
    "eps": 0.0922,
    "epsdiluted": 0.0878,
    "weightedAverageShsOut": 835191837,
    "weightedAverageShsOutDil": 877028572,
    "link": "https://www.sec.gov/Archives/edgar/data/24741/000002474100000036/0000024741-00-000036-index.html",
    "finalLink": "https://www.sec.gov/Archives/edgar/data/24741/000002474100000036/"
  },
  {
    "date": "1999-12-31",
    "symbol": "GLW",
    "reportedCurrency": "USD",
    "cik": "0000024741",
    "fillingDate": "2000-03-08",
    "acceptedDate": "2000-03-08 00:00:00",
    "calendarYear": "1999",
    "period": "Q4",
    "revenue": 1248400000,
    "costOfRevenue": 723700000,
    "grossProfit": 524700000,
    "grossProfitRatio": 0.4202979814,
    "researchAndDevelopmentExpenses": 101700000,
    "generalAndAdministrativeExpenses": 0,
    "sellingAndMarketingExpenses": 0,
    "sellingGeneralAndAdministrativeExpenses": 174100000,
    "otherExpenses": 99700000,
    "operatingExpenses": 375500000,
    "costAndExpenses": 1099200000,
    "interestIncome": 0,
    "interestExpense": 0,
    "depreciationAndAmortization": 99700000,
    "ebitda": 248900000,
    "ebitdaratio": 0.1993752003,
    "operatingIncome": 149200000,
    "operatingIncomeRatio": 0.1195129766,
    "totalOtherIncomeExpensesNet": 42300000,
    "incomeBeforeTax": 191500000,
    "incomeBeforeTaxRatio": 0.1533963473,
    "incomeTaxExpense": 56200000,
    "netIncome": 140100000,
    "netIncomeRatio": 0.1122236463,
    "eps": 0.17,
    "epsdiluted": 0.17,
    "weightedAverageShsOut": 811200000,
    "weightedAverageShsOutDil": 811200000,
    "link": "https://www.sec.gov/Archives/edgar/data/24741/000091205700010427/0000912057-00-010427-index.html",
    "finalLink": "https://www.sec.gov/Archives/edgar/data/24741/000091205700010427/"
  },
  {
    "date": "1999-09-30",
    "symbol": "GLW",
    "reportedCurrency": "USD",
    "cik": "0000024741",
    "fillingDate": "1999-11-02",
    "acceptedDate": "1999-11-02 00:00:00",
    "calendarYear": "1999",
    "period": "Q3",
    "revenue": 1136600000,
    "costOfRevenue": 676300000,
    "grossProfit": 577700000,
    "grossProfitRatio": 0.5082702798,
    "researchAndDevelopmentExpenses": 96500000,
    "generalAndAdministrativeExpenses": 0,
    "sellingAndMarketingExpenses": 0,
    "sellingGeneralAndAdministrativeExpenses": 172000000,
    "otherExpenses": 98000000,
    "operatingExpenses": 370200000,
    "costAndExpenses": 954300000,
    "interestIncome": 0,
    "interestExpense": 0,
    "depreciationAndAmortization": 98400000,
    "ebitda": 305900000,
    "ebitdaratio": 0.2691360197,
    "operatingIncome": 207500000,
    "operatingIncomeRatio": 0.1825620271,
    "totalOtherIncomeExpensesNet": -9900000,
    "incomeBeforeTax": 197600000,
    "incomeBeforeTaxRatio": 0.1738518388,
    "incomeTaxExpense": 55700000,
    "netIncome": 141900000,
    "netIncomeRatio": 0.124846032,
    "eps": 0.23,
    "epsdiluted": 0.2,
    "weightedAverageShsOut": 734100000,
    "weightedAverageShsOutDil": 734100000,
    "link": "https://www.sec.gov/Archives/edgar/data/24741/000002474199000042/0000024741-99-000042-index.html",
    "finalLink": "https://www.sec.gov/Archives/edgar/data/24741/000002474199000042/"
  },
  {
    "date": "1999-06-30",
    "symbol": "GLW",
    "reportedCurrency": "USD",
    "cik": "0000024741",
    "fillingDate": "1999-08-11",
    "acceptedDate": "1999-08-11 00:00:00",
    "calendarYear": "1999",
    "period": "Q2",
    "revenue": 1020000000,
    "costOfRevenue": 605200000,
    "grossProfit": 535800000,
    "grossProfitRatio": 0.5252941176,
    "researchAndDevelopmentExpenses": 84800000,
    "generalAndAdministrativeExpenses": 0,
    "sellingAndMarketingExpenses": 0,
    "sellingGeneralAndAdministrativeExpenses": 161900000,
    "otherExpenses": 95100000,
    "operatingExpenses": 345500000,
    "costAndExpenses": 847800000,
    "interestIncome": 0,
    "interestExpense": 0,
    "depreciationAndAmortization": 102100000,
    "ebitda": 292400000,
    "ebitdaratio": 0.2866666667,
    "operatingIncome": 190300000,
    "operatingIncomeRatio": 0.1865686275,
    "totalOtherIncomeExpensesNet": -7000000,
    "incomeBeforeTax": 183300000,
    "incomeBeforeTaxRatio": 0.1797058824,
    "incomeTaxExpense": 52300000,
    "netIncome": 131000000,
    "netIncomeRatio": 0.1284313725,
    "eps": 0.18,
    "epsdiluted": 0.18,
    "weightedAverageShsOut": 733050000,
    "weightedAverageShsOutDil": 733050000,
    "link": "https://www.sec.gov/Archives/edgar/data/24741/000002474199000033/0000024741-99-000033-index.html",
    "finalLink": "https://www.sec.gov/Archives/edgar/data/24741/000002474199000033/"
  },
  {
    "date": "1999-03-31",
    "symbol": "GLW",
    "reportedCurrency": "USD",
    "cik": "0000024741",
    "fillingDate": "1999-05-12",
    "acceptedDate": "1999-05-12 00:00:00",
    "calendarYear": "1999",
    "period": "Q1",
    "revenue": 892200000,
    "costOfRevenue": 529100000,
    "grossProfit": 477900000,
    "grossProfitRatio": 0.5356422327,
    "researchAndDevelopmentExpenses": 79600000,
    "generalAndAdministrativeExpenses": 0,
    "sellingAndMarketingExpenses": 0,
    "sellingGeneralAndAdministrativeExpenses": 152200000,
    "otherExpenses": 101600000,
    "operatingExpenses": 337200000,
    "costAndExpenses": 764700000,
    "interestIncome": 0,
    "interestExpense": 0,
    "depreciationAndAmortization": 101600000,
    "ebitda": 242300000,
    "ebitdaratio": 0.2715758798,
    "operatingIncome": 140700000,
    "operatingIncomeRatio": 0.1577000672,
    "totalOtherIncomeExpensesNet": -10900000,
    "incomeBeforeTax": 129800000,
    "incomeBeforeTaxRatio": 0.1454830755,
    "incomeTaxExpense": 37300000,
    "netIncome": 92500000,
    "netIncomeRatio": 0.1036763058,
    "eps": 0.21,
    "epsdiluted": 0.18,
    "weightedAverageShsOut": 732000000,
    "weightedAverageShsOutDil": 732000000,
    "link": "https://www.sec.gov/Archives/edgar/data/24741/000002474199000025/0000024741-99-000025-index.html",
    "finalLink": "https://www.sec.gov/Archives/edgar/data/24741/"
  },
  {
    "date": "1998-12-31",
    "symbol": "GLW",
    "reportedCurrency": "USD",
    "cik": "0000024741",
    "fillingDate": "1999-02-24",
    "acceptedDate": "1999-02-24 00:00:00",
    "calendarYear": "1998",
    "period": "Q4",
    "revenue": 926800000,
    "costOfRevenue": 493700000,
    "grossProfit": 433100000,
    "grossProfitRatio": 0.4673068623,
    "researchAndDevelopmentExpenses": 80100000,
    "generalAndAdministrativeExpenses": 0,
    "sellingAndMarketingExpenses": 0,
    "sellingGeneralAndAdministrativeExpenses": 135600000,
    "otherExpenses": 65000000,
    "operatingExpenses": 280700000,
    "costAndExpenses": 774400000,
    "interestIncome": 0,
    "interestExpense": 0,
    "depreciationAndAmortization": 65000000,
    "ebitda": 217400000,
    "ebitdaratio": 0.2345705654,
    "operatingIncome": 152400000,
    "operatingIncomeRatio": 0.1644367717,
    "totalOtherIncomeExpensesNet": 600000,
    "incomeBeforeTax": 153000000,
    "incomeBeforeTaxRatio": 0.1650841606,
    "incomeTaxExpense": 48700000,
    "netIncome": 104300000,
    "netIncomeRatio": 0.1125377644,
    "eps": 0.14,
    "epsdiluted": 0.14,
    "weightedAverageShsOut": 732000000,
    "weightedAverageShsOutDil": 732000000,
    "link": "https://www.sec.gov/Archives/edgar/data/24741/000095014699000306/0000950146-99-000306-index.html",
    "finalLink": "https://www.sec.gov/Archives/edgar/data/24741/"
  },
  {
    "date": "1998-09-30",
    "symbol": "GLW",
    "reportedCurrency": "USD",
    "cik": "0000024741",
    "fillingDate": "1998-11-10",
    "acceptedDate": "1998-11-10 00:00:00",
    "calendarYear": "1998",
    "period": "Q3",
    "revenue": 906500000,
    "costOfRevenue": 474300000,
    "grossProfit": 432200000,
    "grossProfitRatio": 0.4767788196,
    "researchAndDevelopmentExpenses": 71600000,
    "generalAndAdministrativeExpenses": 0,
    "sellingAndMarketingExpenses": 0,
    "sellingGeneralAndAdministrativeExpenses": 112600000,
    "otherExpenses": 75800000,
    "operatingExpenses": 260000000,
    "costAndExpenses": 734300000,
    "interestIncome": 0,
    "interestExpense": 0,
    "depreciationAndAmortization": 75800000,
    "ebitda": 248000000,
    "ebitdaratio": 0.2735797022,
    "operatingIncome": 172200000,
    "operatingIncomeRatio": 0.18996139,
    "totalOtherIncomeExpensesNet": -18600000,
    "incomeBeforeTax": 153600000,
    "incomeBeforeTaxRatio": 0.1694429123,
    "incomeTaxExpense": 49200000,
    "netIncome": 104400000,
    "netIncomeRatio": 0.1151682295,
    "eps": 0.05,
    "epsdiluted": -0.04,
    "weightedAverageShsOut": 696000000,
    "weightedAverageShsOutDil": 696000000,
    "link": "https://www.sec.gov/Archives/edgar/data/24741/000002474198000037/0000024741-98-000037-index.html",
    "finalLink": "https://www.sec.gov/Archives/edgar/data/24741/"
  },
  {
    "date": "1998-06-30",
    "symbol": "GLW",
    "reportedCurrency": "USD",
    "cik": "0000024741",
    "fillingDate": "1998-08-07",
    "acceptedDate": "1998-08-07 00:00:00",
    "calendarYear": "1998",
    "period": "Q2",
    "revenue": 855900000,
    "costOfRevenue": 452100000,
    "grossProfit": 403800000,
    "grossProfitRatio": 0.4717840869,
    "researchAndDevelopmentExpenses": 75100000,
    "generalAndAdministrativeExpenses": 0,
    "sellingAndMarketingExpenses": 0,
    "sellingGeneralAndAdministrativeExpenses": 126600000,
    "otherExpenses": 78300000,
    "operatingExpenses": 280000000,
    "costAndExpenses": 732100000,
    "interestIncome": 0,
    "interestExpense": 0,
    "depreciationAndAmortization": 78300000,
    "ebitda": 202100000,
    "ebitdaratio": 0.2361257156,
    "operatingIncome": 123800000,
    "operatingIncomeRatio": 0.1446430658,
    "totalOtherIncomeExpensesNet": -53200000,
    "incomeBeforeTax": 70600000,
    "incomeBeforeTaxRatio": 0.0824862718,
    "incomeTaxExpense": 13900000,
    "netIncome": 123800000,
    "netIncomeRatio": 0.1446430658,
    "eps": 0.06,
    "epsdiluted": -0.03,
    "weightedAverageShsOut": 696000000,
    "weightedAverageShsOutDil": 696000000,
    "link": "https://www.sec.gov/Archives/edgar/data/24741/000002474198000019/0000024741-98-000019-index.html",
    "finalLink": "https://www.sec.gov/Archives/edgar/data/24741/"
  },
  {
    "date": "1998-03-31",
    "symbol": "GLW",
    "reportedCurrency": "USD",
    "cik": "0000024741",
    "fillingDate": "1998-05-08",
    "acceptedDate": "1998-05-08 00:00:00",
    "calendarYear": "1998",
    "period": "Q1",
    "revenue": 794800000,
    "costOfRevenue": 435800000,
    "grossProfit": 359000000,
    "grossProfitRatio": 0.4516859587,
    "researchAndDevelopmentExpenses": 67100000,
    "generalAndAdministrativeExpenses": 0,
    "sellingAndMarketingExpenses": 0,
    "sellingGeneralAndAdministrativeExpenses": 112900000,
    "otherExpenses": 78900000,
    "operatingExpenses": 258900000,
    "costAndExpenses": 694700000,
    "interestIncome": 0,
    "interestExpense": 0,
    "depreciationAndAmortization": 78900000,
    "ebitda": 179000000,
    "ebitdaratio": 0.2252138903,
    "operatingIncome": 100100000,
    "operatingIncomeRatio": 0.1259436336,
    "totalOtherIncomeExpensesNet": -17000000,
    "incomeBeforeTax": 83100000,
    "incomeBeforeTaxRatio": 0.1045546049,
    "incomeTaxExpense": 21000000,
    "netIncome": 61500000,
    "netIncomeRatio": 0.0773779567,
    "eps": 0.03,
    "epsdiluted": 0.03,
    "weightedAverageShsOut": 696000000,
    "weightedAverageShsOutDil": 696000000,
    "link": "https://www.sec.gov/Archives/edgar/data/24741/000002474198000011/0000024741-98-000011-index.html",
    "finalLink": "https://www.sec.gov/Archives/edgar/data/24741/"
  },
  {
    "date": "1997-12-31",
    "symbol": "GLW",
    "reportedCurrency": "USD",
    "cik": "0000024741",
    "fillingDate": "1998-07-08",
    "acceptedDate": "1998-07-08 00:00:00",
    "calendarYear": "1997",
    "period": "Q4",
    "revenue": 1075400000,
    "costOfRevenue": 577100000,
    "grossProfit": 498300000,
    "grossProfitRatio": 0.4633624698,
    "researchAndDevelopmentExpenses": 75300000,
    "generalAndAdministrativeExpenses": 0,
    "sellingAndMarketingExpenses": 0,
    "sellingGeneralAndAdministrativeExpenses": 171900000,
    "otherExpenses": 64100000,
    "operatingExpenses": 311300000,
    "costAndExpenses": 888400000,
    "interestIncome": 0,
    "interestExpense": 0,
    "depreciationAndAmortization": 64100000,
    "ebitda": 251100000,
    "ebitdaratio": 0.2334945137,
    "operatingIncome": 187000000,
    "operatingIncomeRatio": 0.1738887856,
    "totalOtherIncomeExpensesNet": -23700000,
    "incomeBeforeTax": 163300000,
    "incomeBeforeTaxRatio": 0.1518504742,
    "incomeTaxExpense": 54800000,
    "netIncome": 108500000,
    "netIncomeRatio": 0.1008926911,
    "eps": 0.16,
    "epsdiluted": 0.16,
    "weightedAverageShsOut": 694800000,
    "weightedAverageShsOutDil": 696000000,
    "link": "https://www.sec.gov/Archives/edgar/data/24741/000095014698001184/0000950146-98-001184-index.html",
    "finalLink": "https://www.sec.gov/Archives/edgar/data/24741/"
  },
  {
    "date": "1997-09-30",
    "symbol": "GLW",
    "reportedCurrency": "USD",
    "cik": "0000024741",
    "fillingDate": "1997-10-30",
    "acceptedDate": "1997-10-30 00:00:00",
    "calendarYear": "1997",
    "period": "Q3",
    "revenue": 1037800000,
    "costOfRevenue": 436500000,
    "grossProfit": 455400000,
    "grossProfitRatio": 0.4388128734,
    "researchAndDevelopmentExpenses": 70800000,
    "generalAndAdministrativeExpenses": 0,
    "sellingAndMarketingExpenses": 0,
    "sellingGeneralAndAdministrativeExpenses": 134000000,
    "otherExpenses": 88400000,
    "operatingExpenses": 293100000,
    "costAndExpenses": 729600000,
    "interestIncome": 0,
    "interestExpense": 0,
    "depreciationAndAmortization": 79700000,
    "ebitda": 250700000,
    "ebitdaratio": 0.241568703,
    "operatingIncome": 162300000,
    "operatingIncomeRatio": 0.1563885142,
    "totalOtherIncomeExpensesNet": -7500000,
    "incomeBeforeTax": 154800000,
    "incomeBeforeTaxRatio": 0.1491616882,
    "incomeTaxExpense": 48000000,
    "netIncome": 112300000,
    "netIncomeRatio": 0.1082096743,
    "eps": 0.0567,
    "epsdiluted": -0.05,
    "weightedAverageShsOut": 693600000,
    "weightedAverageShsOutDil": 693600000,
    "link": "https://www.sec.gov/Archives/edgar/data/24741/000002474197000035/0000024741-97-000035-index.html",
    "finalLink": "https://www.sec.gov/Archives/edgar/data/24741/"
  },
  {
    "date": "1997-06-30",
    "symbol": "GLW",
    "reportedCurrency": "USD",
    "cik": "0000024741",
    "fillingDate": "1997-07-29",
    "acceptedDate": "1997-07-29 00:00:00",
    "calendarYear": "1997",
    "period": "Q2",
    "revenue": 1031100000,
    "costOfRevenue": 433700000,
    "grossProfit": 471800000,
    "grossProfitRatio": 0.4575695859,
    "researchAndDevelopmentExpenses": 53500000,
    "generalAndAdministrativeExpenses": 0,
    "sellingAndMarketingExpenses": 0,
    "sellingGeneralAndAdministrativeExpenses": 138900000,
    "otherExpenses": 81600000,
    "operatingExpenses": 273900000,
    "costAndExpenses": 707600000,
    "interestIncome": 0,
    "interestExpense": 0,
    "depreciationAndAmortization": 73400000,
    "ebitda": 279500000,
    "ebitdaratio": 0.2710697314,
    "operatingIncome": 197900000,
    "operatingIncomeRatio": 0.1919309475,
    "totalOtherIncomeExpensesNet": -8700000,
    "incomeBeforeTax": 189200000,
    "incomeBeforeTaxRatio": 0.1834933566,
    "incomeTaxExpense": 64200000,
    "netIncome": 127000000,
    "netIncomeRatio": 0.1231694307,
    "eps": 0.06,
    "epsdiluted": -0.0466,
    "weightedAverageShsOut": 691800000,
    "weightedAverageShsOutDil": 691800000,
    "link": "https://www.sec.gov/Archives/edgar/data/24741/000002474197000029/0000024741-97-000029-index.html",
    "finalLink": "https://www.sec.gov/Archives/edgar/data/24741/"
  },
  {
    "date": "1997-03-31",
    "symbol": "GLW",
    "reportedCurrency": "USD",
    "cik": "0000024741",
    "fillingDate": "1997-04-28",
    "acceptedDate": "1997-04-28 00:00:00",
    "calendarYear": "1997",
    "period": "Q1",
    "revenue": 945400000,
    "costOfRevenue": 398600000,
    "grossProfit": 418500000,
    "grossProfitRatio": 0.4426697694,
    "researchAndDevelopmentExpenses": 51100000,
    "generalAndAdministrativeExpenses": 0,
    "sellingAndMarketingExpenses": 0,
    "sellingGeneralAndAdministrativeExpenses": 128800000,
    "otherExpenses": 77100000,
    "operatingExpenses": 256900000,
    "costAndExpenses": 655500000,
    "interestIncome": 0,
    "interestExpense": 0,
    "depreciationAndAmortization": 77100000,
    "ebitda": 238700000,
    "ebitdaratio": 0.2524857203,
    "operatingIncome": 161600000,
    "operatingIncomeRatio": 0.1709329384,
    "totalOtherIncomeExpensesNet": -27200000,
    "incomeBeforeTax": 134400000,
    "incomeBeforeTaxRatio": 0.1421620478,
    "incomeTaxExpense": 49000000,
    "netIncome": 92000000,
    "netIncomeRatio": 0.0973133065,
    "eps": 0.0433,
    "epsdiluted": 0.0433,
    "weightedAverageShsOut": 688200000,
    "weightedAverageShsOutDil": 688200000,
    "link": "https://www.sec.gov/Archives/edgar/data/24741/000095014697000654/0000950146-97-000654-index.html",
    "finalLink": "https://www.sec.gov/Archives/edgar/data/24741/"
  },
  {
    "date": "1996-12-31",
    "symbol": "GLW",
    "reportedCurrency": "USD",
    "cik": "0000024741",
    "fillingDate": "1997-03-12",
    "acceptedDate": "1997-03-12 00:00:00",
    "calendarYear": "1996",
    "period": "Q4",
    "revenue": 990100000,
    "costOfRevenue": 546000000,
    "grossProfit": 444100000,
    "grossProfitRatio": 0.4485405515,
    "researchAndDevelopmentExpenses": 0,
    "generalAndAdministrativeExpenses": 0,
    "sellingAndMarketingExpenses": 0,
    "sellingGeneralAndAdministrativeExpenses": 223500000,
    "otherExpenses": 76000000,
    "operatingExpenses": 299500000,
    "costAndExpenses": 845500000,
    "interestIncome": 0,
    "interestExpense": 0,
    "depreciationAndAmortization": 76000000,
    "ebitda": 220600000,
    "ebitdaratio": 0.2228057772,
    "operatingIncome": 144600000,
    "operatingIncomeRatio": 0.146045854,
    "totalOtherIncomeExpensesNet": -23500000,
    "incomeBeforeTax": 121100000,
    "incomeBeforeTaxRatio": 0.1223108777,
    "incomeTaxExpense": 40100000,
    "netIncome": 76300000,
    "netIncomeRatio": 0.0770629229,
    "eps": 0.11,
    "epsdiluted": 0.11,
    "weightedAverageShsOut": 686100000,
    "weightedAverageShsOutDil": 688200000,
    "link": "https://www.sec.gov/Archives/edgar/data/24741/000095014697000367/0000950146-97-000367-index.html",
    "finalLink": "https://www.sec.gov/Archives/edgar/data/24741/"
  },
  {
    "date": "1996-09-30",
    "symbol": "GLW",
    "reportedCurrency": "USD",
    "cik": "0000024741",
    "fillingDate": "1996-11-13",
    "acceptedDate": "1996-11-13 00:00:00",
    "calendarYear": "1996",
    "period": "Q3",
    "revenue": 910200000,
    "costOfRevenue": 480900000,
    "grossProfit": 429300000,
    "grossProfitRatio": 0.4716545814,
    "researchAndDevelopmentExpenses": 0,
    "generalAndAdministrativeExpenses": 0,
    "sellingAndMarketingExpenses": 0,
    "sellingGeneralAndAdministrativeExpenses": 210600000,
    "otherExpenses": 70300000,
    "operatingExpenses": 280900000,
    "costAndExpenses": 761800000,
    "interestIncome": 0,
    "interestExpense": 0,
    "depreciationAndAmortization": 70300000,
    "ebitda": 218700000,
    "ebitdaratio": 0.2402768622,
    "operatingIncome": 148400000,
    "operatingIncomeRatio": 0.1630410899,
    "totalOtherIncomeExpensesNet": -5900000,
    "incomeBeforeTax": 142500000,
    "incomeBeforeTaxRatio": 0.156558998,
    "incomeTaxExpense": 43900000,
    "netIncome": -16400000,
    "netIncomeRatio": -0.018018018,
    "eps": -0.0238,
    "epsdiluted": -0.0238,
    "weightedAverageShsOut": 689100000,
    "weightedAverageShsOutDil": 689100000,
    "link": "https://www.sec.gov/Archives/edgar/data/24741/000002474196000044/0000024741-96-000044-index.html",
    "finalLink": "https://www.sec.gov/Archives/edgar/data/24741/"
  },
  {
    "date": "1996-06-30",
    "symbol": "GLW",
    "reportedCurrency": "USD",
    "cik": "0000024741",
    "fillingDate": "1996-07-22",
    "acceptedDate": "1996-07-22 00:00:00",
    "calendarYear": "1996",
    "period": "Q2",
    "revenue": 913700000,
    "costOfRevenue": 536000000,
    "grossProfit": 377700000,
    "grossProfitRatio": 0.4133741928,
    "researchAndDevelopmentExpenses": 0,
    "generalAndAdministrativeExpenses": 0,
    "sellingAndMarketingExpenses": 0,
    "sellingGeneralAndAdministrativeExpenses": 193300000,
    "otherExpenses": 32700000,
    "operatingExpenses": 226000000,
    "costAndExpenses": 762000000,
    "interestIncome": 0,
    "interestExpense": 0,
    "depreciationAndAmortization": 32700000,
    "ebitda": 184400000,
    "ebitdaratio": 0.2018167889,
    "operatingIncome": 151700000,
    "operatingIncomeRatio": 0.1660282368,
    "totalOtherIncomeExpensesNet": -12200000,
    "incomeBeforeTax": 139500000,
    "incomeBeforeTaxRatio": 0.152675933,
    "incomeTaxExpense": 45700000,
    "netIncome": 37000000,
    "netIncomeRatio": 0.0404946919,
    "eps": 0.02,
    "epsdiluted": 0.0167,
    "weightedAverageShsOut": 690291000,
    "weightedAverageShsOutDil": 690291000,
    "link": "https://www.sec.gov/Archives/edgar/data/24741/000002474196000039/0000024741-96-000039-index.html",
    "finalLink": "https://www.sec.gov/Archives/edgar/data/24741/"
  },
  {
    "date": "1996-03-31",
    "symbol": "GLW",
    "reportedCurrency": "USD",
    "cik": "0000024741",
    "fillingDate": "1996-04-17",
    "acceptedDate": "1996-04-17 00:00:00",
    "calendarYear": "1996",
    "period": "Q1",
    "revenue": 1352600000,
    "costOfRevenue": 764100000,
    "grossProfit": 588500000,
    "grossProfitRatio": 0.4350879787,
    "researchAndDevelopmentExpenses": 0,
    "generalAndAdministrativeExpenses": 0,
    "sellingAndMarketingExpenses": 0,
    "sellingGeneralAndAdministrativeExpenses": 329400000,
    "otherExpenses": 109100000,
    "operatingExpenses": 438500000,
    "costAndExpenses": 1202600000,
    "interestIncome": 0,
    "interestExpense": 0,
    "depreciationAndAmortization": 109100000,
    "ebitda": 259100000,
    "ebitdaratio": 0.1915570013,
    "operatingIncome": 150000000,
    "operatingIncomeRatio": 0.1108975307,
    "totalOtherIncomeExpensesNet": -33400000,
    "incomeBeforeTax": 116600000,
    "incomeBeforeTaxRatio": 0.0862043472,
    "incomeTaxExpense": 44800000,
    "netIncome": 71800000,
    "netIncomeRatio": 0.0530829514,
    "eps": 0.0333,
    "epsdiluted": -0.0196,
    "weightedAverageShsOut": 689100000,
    "weightedAverageShsOutDil": 689100000,
    "link": "https://www.sec.gov/Archives/edgar/data/24741/000002474196000021/0000024741-96-000021-index.html",
    "finalLink": "https://www.sec.gov/Archives/edgar/data/24741/"
  },
  {
    "date": "1995-12-31",
    "symbol": "GLW",
    "reportedCurrency": "USD",
    "cik": "0000024741",
    "fillingDate": "1996-03-07",
    "acceptedDate": "1996-03-07 00:00:00",
    "calendarYear": "1995",
    "period": "Q4",
    "revenue": 1330400000,
    "costOfRevenue": 769700000,
    "grossProfit": 560700000,
    "grossProfitRatio": 0.4214521948,
    "researchAndDevelopmentExpenses": 0,
    "generalAndAdministrativeExpenses": 0,
    "sellingAndMarketingExpenses": 0,
    "sellingGeneralAndAdministrativeExpenses": 384700000,
    "otherExpenses": 97700000,
    "operatingExpenses": 482400000,
    "costAndExpenses": 1252100000,
    "interestIncome": 0,
    "interestExpense": 0,
    "depreciationAndAmortization": 97700000,
    "ebitda": 176000000,
    "ebitdaratio": 0.1322910403,
    "operatingIncome": 78300000,
    "operatingIncomeRatio": 0.0588544799,
    "totalOtherIncomeExpensesNet": 44500000,
    "incomeBeforeTax": 122800000,
    "incomeBeforeTaxRatio": 0.0923030667,
    "incomeTaxExpense": 39300000,
    "netIncome": 83500000,
    "netIncomeRatio": 0.0627630788,
    "eps": 0.12,
    "epsdiluted": 0.12,
    "weightedAverageShsOut": 681600000,
    "weightedAverageShsOutDil": 681600000,
    "link": "https://www.sec.gov/Archives/edgar/data/24741/000002474196000017/0000024741-96-000017-index.html",
    "finalLink": "https://www.sec.gov/Archives/edgar/data/24741/"
  },
  {
    "date": "1995-10-08",
    "symbol": "GLW",
    "reportedCurrency": "USD",
    "cik": "0000024741",
    "fillingDate": "1995-11-14",
    "acceptedDate": "1995-11-14 00:00:00",
    "calendarYear": "1995",
    "period": "Q3",
    "revenue": 1568800000,
    "costOfRevenue": 889900000,
    "grossProfit": 678900000,
    "grossProfitRatio": 0.4327511474,
    "researchAndDevelopmentExpenses": 0,
    "generalAndAdministrativeExpenses": 0,
    "sellingAndMarketingExpenses": 0,
    "sellingGeneralAndAdministrativeExpenses": 410900000,
    "otherExpenses": 98600000,
    "operatingExpenses": 509500000,
    "costAndExpenses": 1399400000,
    "interestIncome": 0,
    "interestExpense": 0,
    "depreciationAndAmortization": 98600000,
    "ebitda": 268000000,
    "ebitdaratio": 0.1708312086,
    "operatingIncome": 169400000,
    "operatingIncomeRatio": 0.1079806221,
    "totalOtherIncomeExpensesNet": -43700000,
    "incomeBeforeTax": 125700000,
    "incomeBeforeTaxRatio": 0.0801249363,
    "incomeTaxExpense": 42200000,
    "netIncome": 83500000,
    "netIncomeRatio": 0.0532253952,
    "eps": 0.04,
    "epsdiluted": 0.04,
    "weightedAverageShsOut": 691200000,
    "weightedAverageShsOutDil": 691200000,
    "link": "https://www.sec.gov/Archives/edgar/data/24741/000002474195000080/0000024741-95-000080-index.html",
    "finalLink": "https://www.sec.gov/Archives/edgar/data/24741/"
  }
]