[
  {
    "date": "2025-06-30",
    "symbol": "GM",
    "reportedCurrency": "USD",
    "cik": "0001467858",
    "fillingDate": "2025-07-22",
    "acceptedDate": "2025-07-22 07:32:44",
    "calendarYear": "2025",
    "period": "Q2",
    "revenue": 47121000000,
    "costOfRevenue": 42856000000,
    "grossProfit": 4266000000,
    "grossProfitRatio": 0.0905328834,
    "researchAndDevelopmentExpenses": 0,
    "generalAndAdministrativeExpenses": 0,
    "sellingAndMarketingExpenses": 0,
    "sellingGeneralAndAdministrativeExpenses": 2139000000,
    "otherExpenses": 0,
    "operatingExpenses": 2139000000,
    "costAndExpenses": 44994000000,
    "interestIncome": 200000000,
    "interestExpense": 198000000,
    "depreciationAndAmortization": 3041000000,
    "ebitda": 5614000000,
    "ebitdaratio": 0.1191400862,
    "operatingIncome": 2127000000,
    "operatingIncomeRatio": 0.04513911,
    "totalOtherIncomeExpensesNet": 247000000,
    "incomeBeforeTax": 2374000000,
    "incomeBeforeTaxRatio": 0.0503809342,
    "incomeTaxExpense": 480000000,
    "netIncome": 1895000000,
    "netIncomeRatio": 0.0402156151,
    "eps": 1.94,
    "epsdiluted": 1.91,
    "weightedAverageShsOut": 963000000,
    "weightedAverageShsOutDil": 976000000,
    "link": "https://www.sec.gov/Archives/edgar/data/1467858/000146785825000119/0001467858-25-000119-index.htm",
    "finalLink": "https://www.sec.gov/Archives/edgar/data/1467858/000146785825000119/gmq22025pressreleaseandfin.htm"
  },
  {
    "date": "2025-03-31",
    "symbol": "GM",
    "reportedCurrency": "USD",
    "cik": "0001467858",
    "fillingDate": "2025-05-01",
    "acceptedDate": "2025-05-01 16:13:34",
    "calendarYear": "2025",
    "period": "Q1",
    "revenue": 44020000000,
    "costOfRevenue": 38682000000,
    "grossProfit": 5338000000,
    "grossProfitRatio": 0.1212630622,
    "researchAndDevelopmentExpenses": 0,
    "generalAndAdministrativeExpenses": 0,
    "sellingAndMarketingExpenses": 0,
    "sellingGeneralAndAdministrativeExpenses": 1985000000,
    "otherExpenses": 1000000,
    "operatingExpenses": 1986000000,
    "costAndExpenses": 40668000000,
    "interestIncome": 310000000,
    "interestExpense": 152000000,
    "depreciationAndAmortization": 2934000000,
    "ebitda": 6658000000,
    "ebitdaratio": 0.1512494321,
    "operatingIncome": 3352000000,
    "operatingIncomeRatio": 0.0761472058,
    "totalOtherIncomeExpensesNet": 220000000,
    "incomeBeforeTax": 3572000000,
    "incomeBeforeTaxRatio": 0.0811449341,
    "incomeTaxExpense": 719000000,
    "netIncome": 2784000000,
    "netIncomeRatio": 0.06324398,
    "eps": 3.4,
    "epsdiluted": 3.35,
    "weightedAverageShsOut": 988000000,
    "weightedAverageShsOutDil": 1002000000,
    "link": "https://www.sec.gov/Archives/edgar/data/1467858/000146785825000096/0001467858-25-000096-index.htm",
    "finalLink": "https://www.sec.gov/Archives/edgar/data/1467858/000146785825000096/gm-20250331.htm"
  },
  {
    "date": "2024-12-31",
    "symbol": "GM",
    "reportedCurrency": "USD",
    "cik": "0001467858",
    "fillingDate": "2025-01-28",
    "acceptedDate": "2025-01-28 15:40:05",
    "calendarYear": "2024",
    "period": "Q4",
    "revenue": 47702000000,
    "costOfRevenue": 42851000000,
    "grossProfit": 4851000000,
    "grossProfitRatio": 0.1016938493,
    "researchAndDevelopmentExpenses": 0,
    "generalAndAdministrativeExpenses": 0,
    "sellingAndMarketingExpenses": 0,
    "sellingGeneralAndAdministrativeExpenses": 3329000000,
    "otherExpenses": 0,
    "operatingExpenses": 3329000000,
    "costAndExpenses": 46180000000,
    "interestIncome": 211000000,
    "interestExpense": 215000000,
    "depreciationAndAmortization": 3233000000,
    "ebitda": 891000000,
    "ebitdaratio": 0.0186784621,
    "operatingIncome": 1522000000,
    "operatingIncomeRatio": 0.031906419,
    "totalOtherIncomeExpensesNet": -4079000000,
    "incomeBeforeTax": -2557000000,
    "incomeBeforeTaxRatio": -0.0536036225,
    "incomeTaxExpense": 318000000,
    "netIncome": -2961000000,
    "netIncomeRatio": -0.0620728691,
    "eps": -1.55,
    "epsdiluted": -1.53,
    "weightedAverageShsOut": 1115500000,
    "weightedAverageShsOutDil": 1130000000,
    "link": "https://www.sec.gov/Archives/edgar/data/1467858/000146785825000032/0001467858-25-000032-index.htm",
    "finalLink": "https://www.sec.gov/Archives/edgar/data/1467858/000146785825000032/gm-20241231.htm"
  },
  {
    "date": "2024-09-30",
    "symbol": "GM",
    "reportedCurrency": "USD",
    "cik": "0001467858",
    "fillingDate": "2024-10-22",
    "acceptedDate": "2024-10-22 16:02:11",
    "calendarYear": "2024",
    "period": "Q3",
    "revenue": 48756000000,
    "costOfRevenue": 42360000000,
    "grossProfit": 6396000000,
    "grossProfitRatio": 0.1311838543,
    "researchAndDevelopmentExpenses": 0,
    "generalAndAdministrativeExpenses": 0,
    "sellingAndMarketingExpenses": 0,
    "sellingGeneralAndAdministrativeExpenses": 2745000000,
    "otherExpenses": 0,
    "operatingExpenses": 2745000000,
    "costAndExpenses": 45105000000,
    "interestIncome": 394000000,
    "interestExpense": 206000000,
    "depreciationAndAmortization": 2872000000,
    "ebitda": 6795000000,
    "ebitdaratio": 0.1393674625,
    "operatingIncome": 3651000000,
    "operatingIncomeRatio": 0.0748830913,
    "totalOtherIncomeExpensesNet": 66000000,
    "incomeBeforeTax": 3717000000,
    "incomeBeforeTaxRatio": 0.0762367709,
    "incomeTaxExpense": 709000000,
    "netIncome": 3056000000,
    "netIncomeRatio": 0.0626794651,
    "eps": 2.71,
    "epsdiluted": 2.68,
    "weightedAverageShsOut": 1116000000,
    "weightedAverageShsOutDil": 1131000000,
    "link": "https://www.sec.gov/Archives/edgar/data/1467858/000146785824000117/0001467858-24-000117-index.htm",
    "finalLink": "https://www.sec.gov/Archives/edgar/data/1467858/000146785824000117/gm-20240930.htm"
  },
  {
    "date": "2024-06-30",
    "symbol": "GM",
    "reportedCurrency": "USD",
    "cik": "0001467858",
    "fillingDate": "2024-07-23",
    "acceptedDate": "2024-07-23 15:23:42",
    "calendarYear": "2024",
    "period": "Q2",
    "revenue": 47968000000,
    "costOfRevenue": 41724000000,
    "grossProfit": 6244000000,
    "grossProfitRatio": 0.1301701134,
    "researchAndDevelopmentExpenses": 0,
    "generalAndAdministrativeExpenses": 0,
    "sellingAndMarketingExpenses": 0,
    "sellingGeneralAndAdministrativeExpenses": 2372000000,
    "otherExpenses": -1000000,
    "operatingExpenses": 2371000000,
    "costAndExpenses": 44095000000,
    "interestIncome": 60000000,
    "interestExpense": 206000000,
    "depreciationAndAmortization": 3486000000,
    "ebitda": 7335000000,
    "ebitdaratio": 0.152914443,
    "operatingIncome": 3873000000,
    "operatingIncomeRatio": 0.0807413276,
    "totalOtherIncomeExpensesNet": -230000000,
    "incomeBeforeTax": 3643000000,
    "incomeBeforeTaxRatio": 0.0759464643,
    "incomeTaxExpense": 767000000,
    "netIncome": 2933000000,
    "netIncomeRatio": 0.06114493,
    "eps": 2.57,
    "epsdiluted": 2.54,
    "weightedAverageShsOut": 1136000000,
    "weightedAverageShsOutDil": 1147000000,
    "link": "https://www.sec.gov/Archives/edgar/data/1467858/000146785824000102/0001467858-24-000102-index.htm",
    "finalLink": "https://www.sec.gov/Archives/edgar/data/1467858/000146785824000102/gm-20240630.htm"
  },
  {
    "date": "2024-03-31",
    "symbol": "GM",
    "reportedCurrency": "USD",
    "cik": "0001467858",
    "fillingDate": "2024-04-23",
    "acceptedDate": "2024-04-23 15:03:48",
    "calendarYear": "2024",
    "period": "Q1",
    "revenue": 43014000000,
    "costOfRevenue": 37102000000,
    "grossProfit": 5912000000,
    "grossProfitRatio": 0.137443623,
    "researchAndDevelopmentExpenses": 0,
    "generalAndAdministrativeExpenses": 0,
    "sellingAndMarketingExpenses": 0,
    "sellingGeneralAndAdministrativeExpenses": 2175000000,
    "otherExpenses": -1000000,
    "operatingExpenses": 2174000000,
    "costAndExpenses": 39276000000,
    "interestIncome": 302000000,
    "interestExpense": 219000000,
    "depreciationAndAmortization": 2798000000,
    "ebitda": 6732000000,
    "ebitdaratio": 0.1565071837,
    "operatingIncome": 3738000000,
    "operatingIncomeRatio": 0.0869019389,
    "totalOtherIncomeExpensesNet": -23000000,
    "incomeBeforeTax": 3715000000,
    "incomeBeforeTaxRatio": 0.0863672293,
    "incomeTaxExpense": 762000000,
    "netIncome": 2980000000,
    "netIncomeRatio": 0.0692797694,
    "eps": 2.57,
    "epsdiluted": 2.56,
    "weightedAverageShsOut": 1155000000,
    "weightedAverageShsOutDil": 1162000000,
    "link": "https://www.sec.gov/Archives/edgar/data/1467858/000146785824000076/0001467858-24-000076-index.htm",
    "finalLink": "https://www.sec.gov/Archives/edgar/data/1467858/000146785824000076/gm-20240331.htm"
  },
  {
    "date": "2023-12-31",
    "symbol": "GM",
    "reportedCurrency": "USD",
    "cik": "0001467858",
    "fillingDate": "2024-01-30",
    "acceptedDate": "2024-01-30 15:40:20",
    "calendarYear": "2023",
    "period": "Q4",
    "revenue": 42979000000,
    "costOfRevenue": 39670000000,
    "grossProfit": 3309000000,
    "grossProfitRatio": 0.0769910887,
    "researchAndDevelopmentExpenses": 0,
    "generalAndAdministrativeExpenses": 0,
    "sellingAndMarketingExpenses": 0,
    "sellingGeneralAndAdministrativeExpenses": 2391000000,
    "otherExpenses": 0,
    "operatingExpenses": 2391000000,
    "costAndExpenses": 42061000000,
    "interestIncome": 86000000,
    "interestExpense": 0,
    "depreciationAndAmortization": 2999000000,
    "ebitda": 4357000000,
    "ebitdaratio": 0.1013750902,
    "operatingIncome": 918000000,
    "operatingIncomeRatio": 0.0213592685,
    "totalOtherIncomeExpensesNet": 218000000,
    "incomeBeforeTax": 1136000000,
    "incomeBeforeTaxRatio": 0.0264315131,
    "incomeTaxExpense": -858000000,
    "netIncome": 2101000000,
    "netIncomeRatio": 0.0488843389,
    "eps": 1.59,
    "epsdiluted": 1.59,
    "weightedAverageShsOut": 1302000000,
    "weightedAverageShsOutDil": 1307000000,
    "link": "https://www.sec.gov/Archives/edgar/data/1467858/000146785824000031/0001467858-24-000031-index.htm",
    "finalLink": "https://www.sec.gov/Archives/edgar/data/1467858/000146785824000031/gm-20231231.htm"
  },
  {
    "date": "2023-09-30",
    "symbol": "GM",
    "reportedCurrency": "USD",
    "cik": "0001467858",
    "fillingDate": "2023-10-24",
    "acceptedDate": "2023-10-24 15:39:59",
    "calendarYear": "2023",
    "period": "Q3",
    "revenue": 44131000000,
    "costOfRevenue": 38775000000,
    "grossProfit": 5356000000,
    "grossProfitRatio": 0.1213659332,
    "researchAndDevelopmentExpenses": 0,
    "generalAndAdministrativeExpenses": 0,
    "sellingAndMarketingExpenses": 0,
    "sellingGeneralAndAdministrativeExpenses": 2344000000,
    "otherExpenses": -1000000,
    "operatingExpenses": 2343000000,
    "costAndExpenses": 41118000000,
    "interestIncome": 453000000,
    "interestExpense": 229000000,
    "depreciationAndAmortization": 2992000000,
    "ebitda": 6684000000,
    "ebitdaratio": 0.1514581587,
    "operatingIncome": 3013000000,
    "operatingIncomeRatio": 0.0682740024,
    "totalOtherIncomeExpensesNet": 451000000,
    "incomeBeforeTax": 3464000000,
    "incomeBeforeTaxRatio": 0.0784935759,
    "incomeTaxExpense": 470000000,
    "netIncome": 3064000000,
    "netIncomeRatio": 0.0694296526,
    "eps": 2.21,
    "epsdiluted": 2.2,
    "weightedAverageShsOut": 1372000000,
    "weightedAverageShsOutDil": 1378000000,
    "link": "https://www.sec.gov/Archives/edgar/data/1467858/000146785823000107/0001467858-23-000107-index.htm",
    "finalLink": "https://www.sec.gov/Archives/edgar/data/1467858/000146785823000107/gm-20230930.htm"
  },
  {
    "date": "2023-06-30",
    "symbol": "GM",
    "reportedCurrency": "USD",
    "cik": "0001467858",
    "fillingDate": "2023-07-25",
    "acceptedDate": "2023-07-25 16:15:52",
    "calendarYear": "2023",
    "period": "Q2",
    "revenue": 44747000000,
    "costOfRevenue": 39400000000,
    "grossProfit": 5347000000,
    "grossProfitRatio": 0.1194940443,
    "researchAndDevelopmentExpenses": 0,
    "generalAndAdministrativeExpenses": 0,
    "sellingAndMarketingExpenses": 0,
    "sellingGeneralAndAdministrativeExpenses": 2558000000,
    "otherExpenses": 0,
    "operatingExpenses": 2558000000,
    "costAndExpenses": 41958000000,
    "interestIncome": 358000000,
    "interestExpense": 226000000,
    "depreciationAndAmortization": 2936000000,
    "ebitda": 6190000000,
    "ebitdaratio": 0.1383332961,
    "operatingIncome": 2789000000,
    "operatingIncomeRatio": 0.0623282008,
    "totalOtherIncomeExpensesNet": 240000000,
    "incomeBeforeTax": 3029000000,
    "incomeBeforeTaxRatio": 0.0676916888,
    "incomeTaxExpense": 522000000,
    "netIncome": 2566000000,
    "netIncomeRatio": 0.0573446265,
    "eps": 1.83,
    "epsdiluted": 1.83,
    "weightedAverageShsOut": 1385000000,
    "weightedAverageShsOutDil": 1389000000,
    "link": "https://www.sec.gov/Archives/edgar/data/1467858/000146785823000098/0001467858-23-000098-index.htm",
    "finalLink": "https://www.sec.gov/Archives/edgar/data/1467858/000146785823000098/gm-20230630.htm"
  },
  {
    "date": "2023-03-31",
    "symbol": "GM",
    "reportedCurrency": "USD",
    "cik": "0001467858",
    "fillingDate": "2023-04-25",
    "acceptedDate": "2023-04-25 14:54:45",
    "calendarYear": "2023",
    "period": "Q1",
    "revenue": 39985000000,
    "costOfRevenue": 34859000000,
    "grossProfit": 5126000000,
    "grossProfitRatio": 0.1281980743,
    "researchAndDevelopmentExpenses": 0,
    "generalAndAdministrativeExpenses": 0,
    "sellingAndMarketingExpenses": 0,
    "sellingGeneralAndAdministrativeExpenses": 2547000000,
    "otherExpenses": 1000000,
    "operatingExpenses": 2548000000,
    "costAndExpenses": 37407000000,
    "interestIncome": 409000000,
    "interestExpense": 234000000,
    "depreciationAndAmortization": 2812000000,
    "ebitda": 5821000000,
    "ebitdaratio": 0.1455795923,
    "operatingIncome": 2578000000,
    "operatingIncomeRatio": 0.0644741778,
    "totalOtherIncomeExpensesNet": 197000000,
    "incomeBeforeTax": 2775000000,
    "incomeBeforeTaxRatio": 0.0694010254,
    "incomeTaxExpense": 428000000,
    "netIncome": 2395000000,
    "netIncomeRatio": 0.0598974615,
    "eps": 1.7,
    "epsdiluted": 1.69,
    "weightedAverageShsOut": 1396000000,
    "weightedAverageShsOutDil": 1402000000,
    "link": "https://www.sec.gov/Archives/edgar/data/1467858/000146785823000075/0001467858-23-000075-index.htm",
    "finalLink": "https://www.sec.gov/Archives/edgar/data/1467858/000146785823000075/gm-20230331.htm"
  },
  {
    "date": "2022-12-31",
    "symbol": "GM",
    "reportedCurrency": "USD",
    "cik": "0001467858",
    "fillingDate": "2023-01-31",
    "acceptedDate": "2023-01-31 15:50:27",
    "calendarYear": "2022",
    "period": "Q4",
    "revenue": 43108000000,
    "costOfRevenue": 37105000000,
    "grossProfit": 6003000000,
    "grossProfitRatio": 0.1392548947,
    "researchAndDevelopmentExpenses": 0,
    "generalAndAdministrativeExpenses": 0,
    "sellingAndMarketingExpenses": 0,
    "sellingGeneralAndAdministrativeExpenses": 3393000000,
    "otherExpenses": -1000000,
    "operatingExpenses": 3393000000,
    "costAndExpenses": 40498000000,
    "interestIncome": 0,
    "interestExpense": 53000000,
    "depreciationAndAmortization": 2767000000,
    "ebitda": 5858000000,
    "ebitdaratio": 0.1358912499,
    "operatingIncome": 2611000000,
    "operatingIncomeRatio": 0.0605688039,
    "totalOtherIncomeExpensesNet": -23000000,
    "incomeBeforeTax": 2588000000,
    "incomeBeforeTaxRatio": 0.0600352603,
    "incomeTaxExpense": 580000000,
    "netIncome": 1999000000,
    "netIncomeRatio": 0.0463719031,
    "eps": 1.42,
    "epsdiluted": 1.39,
    "weightedAverageShsOut": 1400000000,
    "weightedAverageShsOutDil": 1427338129,
    "link": "https://www.sec.gov/Archives/edgar/data/1467858/000146785823000029/0001467858-23-000029-index.htm",
    "finalLink": "https://www.sec.gov/Archives/edgar/data/1467858/000146785823000029/gm-20221231.htm"
  },
  {
    "date": "2022-09-30",
    "symbol": "GM",
    "reportedCurrency": "USD",
    "cik": "0001467858",
    "fillingDate": "2022-10-25",
    "acceptedDate": "2022-10-25 14:37:08",
    "calendarYear": "2022",
    "period": "Q3",
    "revenue": 41888000000,
    "costOfRevenue": 36020000000,
    "grossProfit": 5868000000,
    "grossProfitRatio": 0.1400878533,
    "researchAndDevelopmentExpenses": 0,
    "generalAndAdministrativeExpenses": 0,
    "sellingAndMarketingExpenses": 0,
    "sellingGeneralAndAdministrativeExpenses": 2477000000,
    "otherExpenses": -1000000,
    "operatingExpenses": 2477000000,
    "costAndExpenses": 38497000000,
    "interestIncome": 598000000,
    "interestExpense": 259000000,
    "depreciationAndAmortization": 2774000000,
    "ebitda": 7131000000,
    "ebitdaratio": 0.1702396868,
    "operatingIncome": 3392000000,
    "operatingIncomeRatio": 0.0809778457,
    "totalOtherIncomeExpensesNet": 705000000,
    "incomeBeforeTax": 4097000000,
    "incomeBeforeTaxRatio": 0.0978084416,
    "incomeTaxExpense": 845000000,
    "netIncome": 3305000000,
    "netIncomeRatio": 0.0789008785,
    "eps": 2.28,
    "epsdiluted": 2.27,
    "weightedAverageShsOut": 1448000000,
    "weightedAverageShsOutDil": 1457000000,
    "link": "https://www.sec.gov/Archives/edgar/data/1467858/000146785822000114/0001467858-22-000114-index.htm",
    "finalLink": "https://www.sec.gov/Archives/edgar/data/1467858/000146785822000114/gm-20220930.htm"
  },
  {
    "date": "2022-06-30",
    "symbol": "GM",
    "reportedCurrency": "USD",
    "cik": "0001467858",
    "fillingDate": "2022-07-26",
    "acceptedDate": "2022-07-26 14:45:37",
    "calendarYear": "2022",
    "period": "Q2",
    "revenue": 35759000000,
    "costOfRevenue": 31350000000,
    "grossProfit": 4409000000,
    "grossProfitRatio": 0.1232976314,
    "researchAndDevelopmentExpenses": 0,
    "generalAndAdministrativeExpenses": 0,
    "sellingAndMarketingExpenses": 0,
    "sellingGeneralAndAdministrativeExpenses": 2293000000,
    "otherExpenses": 0,
    "operatingExpenses": 2293000000,
    "costAndExpenses": 33643000000,
    "interestIncome": 295000000,
    "interestExpense": 234000000,
    "depreciationAndAmortization": 2844000000,
    "ebitda": 5210000000,
    "ebitdaratio": 0.1456975866,
    "operatingIncome": 2116000000,
    "operatingIncomeRatio": 0.0591739143,
    "totalOtherIncomeExpensesNet": 16000000,
    "incomeBeforeTax": 2132000000,
    "incomeBeforeTaxRatio": 0.0596213541,
    "incomeTaxExpense": 490000000,
    "netIncome": 1692000000,
    "netIncomeRatio": 0.0473167594,
    "eps": 1.16,
    "epsdiluted": 1.15,
    "weightedAverageShsOut": 1458000000,
    "weightedAverageShsOutDil": 1465000000,
    "link": "https://www.sec.gov/Archives/edgar/data/1467858/000146785822000094/0001467858-22-000094-index.htm",
    "finalLink": "https://www.sec.gov/Archives/edgar/data/1467858/000146785822000094/gm-20220630.htm"
  },
  {
    "date": "2022-03-31",
    "symbol": "GM",
    "reportedCurrency": "USD",
    "cik": "0001467858",
    "fillingDate": "2022-04-27",
    "acceptedDate": "2022-04-27 06:06:18",
    "calendarYear": "2022",
    "period": "Q1",
    "revenue": 35979000000,
    "costOfRevenue": 31279000000,
    "grossProfit": 4700000000,
    "grossProfitRatio": 0.1306317574,
    "researchAndDevelopmentExpenses": 0,
    "generalAndAdministrativeExpenses": 0,
    "sellingAndMarketingExpenses": 0,
    "sellingGeneralAndAdministrativeExpenses": 2504000000,
    "otherExpenses": 0,
    "operatingExpenses": 2504000000,
    "costAndExpenses": 33783000000,
    "interestIncome": 517000000,
    "interestExpense": 226000000,
    "depreciationAndAmortization": 2891000000,
    "ebitda": 5896000000,
    "ebitdaratio": 0.1638733706,
    "operatingIncome": 2196000000,
    "operatingIncomeRatio": 0.0610356041,
    "totalOtherIncomeExpensesNet": 583000000,
    "incomeBeforeTax": 2779000000,
    "incomeBeforeTaxRatio": 0.0772395008,
    "incomeTaxExpense": -28000000,
    "netIncome": 2939000000,
    "netIncomeRatio": 0.0816865394,
    "eps": 1.36,
    "epsdiluted": 1.35,
    "weightedAverageShsOut": 1458000000,
    "weightedAverageShsOutDil": 1470000000,
    "link": "https://www.sec.gov/Archives/edgar/data/1467858/000146785822000078/0001467858-22-000078-index.htm",
    "finalLink": "https://www.sec.gov/Archives/edgar/data/1467858/000146785822000078/gm-20220331.htm"
  },
  {
    "date": "2021-12-31",
    "symbol": "GM",
    "reportedCurrency": "USD",
    "cik": "0001467858",
    "fillingDate": "2022-02-02",
    "acceptedDate": "2022-02-02 06:10:21",
    "calendarYear": "2021",
    "period": "Q4",
    "revenue": 33584000000,
    "costOfRevenue": 29586000000,
    "grossProfit": 3998000000,
    "grossProfitRatio": 0.1190447832,
    "researchAndDevelopmentExpenses": 0,
    "generalAndAdministrativeExpenses": 0,
    "sellingAndMarketingExpenses": 0,
    "sellingGeneralAndAdministrativeExpenses": 2478000000,
    "otherExpenses": 0,
    "operatingExpenses": 2478000000,
    "costAndExpenses": 32064000000,
    "interestIncome": 44000000,
    "interestExpense": 227000000,
    "depreciationAndAmortization": 2937000000,
    "ebitda": 5401000000,
    "ebitdaratio": 0.1608206289,
    "operatingIncome": 1520000000,
    "operatingIncomeRatio": 0.0452596475,
    "totalOtherIncomeExpensesNet": 717000000,
    "incomeBeforeTax": 2237000000,
    "incomeBeforeTaxRatio": 0.0666090996,
    "incomeTaxExpense": 471000000,
    "netIncome": 1741000000,
    "netIncomeRatio": 0.051840162,
    "eps": 1.22,
    "epsdiluted": 1.2,
    "weightedAverageShsOut": 1452000000,
    "weightedAverageShsOutDil": 1467000000,
    "link": "https://www.sec.gov/Archives/edgar/data/1467858/000146785822000034/0001467858-22-000034-index.htm",
    "finalLink": "https://www.sec.gov/Archives/edgar/data/1467858/000146785822000034/gm-20211231.htm"
  },
  {
    "date": "2021-09-30",
    "symbol": "GM",
    "reportedCurrency": "USD",
    "cik": "0001467858",
    "fillingDate": "2021-10-27",
    "acceptedDate": "2021-10-27 15:17:27",
    "calendarYear": "2021",
    "period": "Q3",
    "revenue": 26779000000,
    "costOfRevenue": 22986000000,
    "grossProfit": 3793000000,
    "grossProfitRatio": 0.141640838,
    "researchAndDevelopmentExpenses": 0,
    "generalAndAdministrativeExpenses": 0,
    "sellingAndMarketingExpenses": 0,
    "sellingGeneralAndAdministrativeExpenses": 2148000000,
    "otherExpenses": 0,
    "operatingExpenses": 2148000000,
    "costAndExpenses": 25134000000,
    "interestIncome": 800000000,
    "interestExpense": 230000000,
    "depreciationAndAmortization": 3081000000,
    "ebitda": 5849000000,
    "ebitdaratio": 0.2184174166,
    "operatingIncome": 1645000000,
    "operatingIncomeRatio": 0.0614287315,
    "totalOtherIncomeExpensesNet": 893000000,
    "incomeBeforeTax": 2538000000,
    "incomeBeforeTaxRatio": 0.0947757571,
    "incomeTaxExpense": 152000000,
    "netIncome": 2420000000,
    "netIncomeRatio": 0.0903693192,
    "eps": 1.64,
    "epsdiluted": 1.62,
    "weightedAverageShsOut": 1452000000,
    "weightedAverageShsOutDil": 1467000000,
    "link": "https://www.sec.gov/Archives/edgar/data/1467858/000146785821000152/0001467858-21-000152-index.htm",
    "finalLink": "https://www.sec.gov/Archives/edgar/data/1467858/000146785821000152/gm-20210930.htm"
  },
  {
    "date": "2021-06-30",
    "symbol": "GM",
    "reportedCurrency": "USD",
    "cik": "0001467858",
    "fillingDate": "2021-08-04",
    "acceptedDate": "2021-08-04 15:55:33",
    "calendarYear": "2021",
    "period": "Q2",
    "revenue": 34167000000,
    "costOfRevenue": 29160000000,
    "grossProfit": 5007000000,
    "grossProfitRatio": 0.1465449118,
    "researchAndDevelopmentExpenses": 0,
    "generalAndAdministrativeExpenses": 0,
    "sellingAndMarketingExpenses": 0,
    "sellingGeneralAndAdministrativeExpenses": 2125000000,
    "otherExpenses": 0,
    "operatingExpenses": 2125000000,
    "costAndExpenses": 31285000000,
    "interestIncome": 784000000,
    "interestExpense": 243000000,
    "depreciationAndAmortization": 3014000000,
    "ebitda": 7007000000,
    "ebitdaratio": 0.205080926,
    "operatingIncome": 2882000000,
    "operatingIncomeRatio": 0.0843503966,
    "totalOtherIncomeExpensesNet": 868000000,
    "incomeBeforeTax": 3750000000,
    "incomeBeforeTaxRatio": 0.1097550268,
    "incomeTaxExpense": 971000000,
    "netIncome": 2836000000,
    "netIncomeRatio": 0.0830040683,
    "eps": 1.92,
    "epsdiluted": 1.9,
    "weightedAverageShsOut": 1451000000,
    "weightedAverageShsOutDil": 1468000000,
    "link": "https://www.sec.gov/Archives/edgar/data/1467858/000146785821000142/0001467858-21-000142-index.htm",
    "finalLink": "https://www.sec.gov/Archives/edgar/data/1467858/000146785821000142/gm-20210630.htm"
  },
  {
    "date": "2021-03-31",
    "symbol": "GM",
    "reportedCurrency": "USD",
    "cik": "0001467858",
    "fillingDate": "2021-05-05",
    "acceptedDate": "2021-05-05 13:11:24",
    "calendarYear": "2021",
    "period": "Q1",
    "revenue": 32474000000,
    "costOfRevenue": 27394000000,
    "grossProfit": 5080000000,
    "grossProfitRatio": 0.1564328386,
    "researchAndDevelopmentExpenses": 0,
    "generalAndAdministrativeExpenses": 0,
    "sellingAndMarketingExpenses": 0,
    "sellingGeneralAndAdministrativeExpenses": 1803000000,
    "otherExpenses": 0,
    "operatingExpenses": 1803000000,
    "costAndExpenses": 29197000000,
    "interestIncome": 799000000,
    "interestExpense": 250000000,
    "depreciationAndAmortization": 3015000000,
    "ebitda": 7456000000,
    "ebitdaratio": 0.2295990639,
    "operatingIncome": 3277000000,
    "operatingIncomeRatio": 0.1009114984,
    "totalOtherIncomeExpensesNet": 914000000,
    "incomeBeforeTax": 4191000000,
    "incomeBeforeTaxRatio": 0.1290570918,
    "incomeTaxExpense": 1177000000,
    "netIncome": 3022000000,
    "netIncomeRatio": 0.0930590626,
    "eps": 2.06,
    "epsdiluted": 2.03,
    "weightedAverageShsOut": 1447000000,
    "weightedAverageShsOutDil": 1464000000,
    "link": "https://www.sec.gov/Archives/edgar/data/1467858/000146785821000117/0001467858-21-000117-index.htm",
    "finalLink": "https://www.sec.gov/Archives/edgar/data/1467858/000146785821000117/gm-20210331.htm"
  },
  {
    "date": "2020-12-31",
    "symbol": "GM",
    "reportedCurrency": "USD",
    "cik": "0001467858",
    "fillingDate": "2021-02-10",
    "acceptedDate": "2021-02-10 15:48:19",
    "calendarYear": "2020",
    "period": "Q4",
    "revenue": 37518000000,
    "costOfRevenue": 32621000000,
    "grossProfit": 4897000000,
    "grossProfitRatio": 0.1305240151,
    "researchAndDevelopmentExpenses": 0,
    "generalAndAdministrativeExpenses": 0,
    "sellingAndMarketingExpenses": 0,
    "sellingGeneralAndAdministrativeExpenses": 2130000000,
    "otherExpenses": 0,
    "operatingExpenses": 2130000000,
    "costAndExpenses": 34751000000,
    "interestIncome": 0,
    "interestExpense": 229000000,
    "depreciationAndAmortization": 3080000000,
    "ebitda": 6776000000,
    "ebitdaratio": 0.1806066421,
    "operatingIncome": 2767000000,
    "operatingIncomeRatio": 0.0737512661,
    "totalOtherIncomeExpensesNet": 672000000,
    "incomeBeforeTax": 3439000000,
    "incomeBeforeTaxRatio": 0.0916626686,
    "incomeTaxExpense": 642000000,
    "netIncome": 2846000000,
    "netIncomeRatio": 0.075856922,
    "eps": 1.99,
    "epsdiluted": 1.99,
    "weightedAverageShsOut": 1432000000,
    "weightedAverageShsOutDil": 1432000000,
    "link": "https://www.sec.gov/Archives/edgar/data/1467858/000146785821000037/0001467858-21-000037-index.htm",
    "finalLink": "https://www.sec.gov/Archives/edgar/data/1467858/000146785821000037/gm-20201231.htm"
  },
  {
    "date": "2020-09-30",
    "symbol": "GM",
    "reportedCurrency": "USD",
    "cik": "0001467858",
    "fillingDate": "2020-11-05",
    "acceptedDate": "2020-11-05 15:09:54",
    "calendarYear": "2020",
    "period": "Q3",
    "revenue": 35480000000,
    "costOfRevenue": 29428000000,
    "grossProfit": 6052000000,
    "grossProfitRatio": 0.1705749718,
    "researchAndDevelopmentExpenses": 0,
    "generalAndAdministrativeExpenses": 0,
    "sellingAndMarketingExpenses": 0,
    "sellingGeneralAndAdministrativeExpenses": 1628000000,
    "otherExpenses": 0,
    "operatingExpenses": 1628000000,
    "costAndExpenses": 31056000000,
    "interestIncome": 499000000,
    "interestExpense": 327000000,
    "depreciationAndAmortization": 3162000000,
    "ebitda": 8390000000,
    "ebitdaratio": 0.2364712514,
    "operatingIncome": 4424000000,
    "operatingIncomeRatio": 0.1246899662,
    "totalOtherIncomeExpensesNet": 481000000,
    "incomeBeforeTax": 4905000000,
    "incomeBeforeTaxRatio": 0.1382468997,
    "incomeTaxExpense": 887000000,
    "netIncome": 4045000000,
    "netIncomeRatio": 0.1140078918,
    "eps": 2.8,
    "epsdiluted": 2.78,
    "weightedAverageShsOut": 1432000000,
    "weightedAverageShsOutDil": 1439000000,
    "link": "https://www.sec.gov/Archives/edgar/data/1467858/000146785820000128/0001467858-20-000128-index.htm",
    "finalLink": "https://www.sec.gov/Archives/edgar/data/1467858/000146785820000128/gm-20200930.htm"
  },
  {
    "date": "2020-06-30",
    "symbol": "GM",
    "reportedCurrency": "USD",
    "cik": "0001467858",
    "fillingDate": "2020-07-29",
    "acceptedDate": "2020-07-29 15:15:44",
    "calendarYear": "2020",
    "period": "Q2",
    "revenue": 16778000000,
    "costOfRevenue": 16682000000,
    "grossProfit": 96000000,
    "grossProfitRatio": 0.0057217785,
    "researchAndDevelopmentExpenses": 0,
    "generalAndAdministrativeExpenses": 0,
    "sellingAndMarketingExpenses": 0,
    "sellingGeneralAndAdministrativeExpenses": 1310000000,
    "otherExpenses": 0,
    "operatingExpenses": 1310000000,
    "costAndExpenses": 17992000000,
    "interestIncome": 413000000,
    "interestExpense": 303000000,
    "depreciationAndAmortization": 3265000000,
    "ebitda": 2676000000,
    "ebitdaratio": 0.1594945762,
    "operatingIncome": -1214000000,
    "operatingIncomeRatio": -0.0723566575,
    "totalOtherIncomeExpensesNet": 322000000,
    "incomeBeforeTax": -892000000,
    "incomeBeforeTaxRatio": -0.0531648587,
    "incomeTaxExpense": -112000000,
    "netIncome": -758000000,
    "netIncomeRatio": -0.0451782096,
    "eps": -0.53,
    "epsdiluted": -0.53,
    "weightedAverageShsOut": 1432000000,
    "weightedAverageShsOutDil": 1432000000,
    "link": "https://www.sec.gov/Archives/edgar/data/1467858/000146785820000113/0001467858-20-000113-index.htm",
    "finalLink": "https://www.sec.gov/Archives/edgar/data/1467858/000146785820000113/gm-20200630.htm"
  },
  {
    "date": "2020-03-31",
    "symbol": "GM",
    "reportedCurrency": "USD",
    "cik": "0001467858",
    "fillingDate": "2020-05-06",
    "acceptedDate": "2020-05-06 15:35:36",
    "calendarYear": "2020",
    "period": "Q1",
    "revenue": 32709000000,
    "costOfRevenue": 30082000000,
    "grossProfit": 2627000000,
    "grossProfitRatio": 0.0803142866,
    "researchAndDevelopmentExpenses": 0,
    "generalAndAdministrativeExpenses": 0,
    "sellingAndMarketingExpenses": 0,
    "sellingGeneralAndAdministrativeExpenses": 1970000000,
    "otherExpenses": 0,
    "operatingExpenses": 1970000000,
    "costAndExpenses": 32052000000,
    "interestIncome": 311000000,
    "interestExpense": 193000000,
    "depreciationAndAmortization": 3198000000,
    "ebitda": 4034000000,
    "ebitdaratio": 0.1233299703,
    "operatingIncome": 657000000,
    "operatingIncomeRatio": 0.0200862148,
    "totalOtherIncomeExpensesNet": -14000000,
    "incomeBeforeTax": 643000000,
    "incomeBeforeTaxRatio": 0.019658198,
    "incomeTaxExpense": 357000000,
    "netIncome": 294000000,
    "netIncomeRatio": 0.0089883518,
    "eps": 0.17,
    "epsdiluted": 0.17,
    "weightedAverageShsOut": 1433000000,
    "weightedAverageShsOutDil": 1440000000,
    "link": "https://www.sec.gov/Archives/edgar/data/1467858/000146785820000069/0001467858-20-000069-index.htm",
    "finalLink": "https://www.sec.gov/Archives/edgar/data/1467858/000146785820000069/gm2020q1.htm"
  },
  {
    "date": "2019-12-31",
    "symbol": "GM",
    "reportedCurrency": "USD",
    "cik": "0001467858",
    "fillingDate": "2020-02-05",
    "acceptedDate": "2020-02-05 16:02:53",
    "calendarYear": "2019",
    "period": "Q4",
    "revenue": 30826000000,
    "costOfRevenue": 29098000000,
    "grossProfit": 1728000000,
    "grossProfitRatio": 0.0560565756,
    "researchAndDevelopmentExpenses": 0,
    "generalAndAdministrativeExpenses": 0,
    "sellingAndMarketingExpenses": 0,
    "sellingGeneralAndAdministrativeExpenses": 2282000000,
    "otherExpenses": 0,
    "operatingExpenses": 2282000000,
    "costAndExpenses": 31380000000,
    "interestIncome": 0,
    "interestExpense": 104000000,
    "depreciationAndAmortization": 3286000000,
    "ebitda": 3131000000,
    "ebitdaratio": 0.1015701032,
    "operatingIncome": -554000000,
    "operatingIncomeRatio": -0.017971842,
    "totalOtherIncomeExpensesNet": 199000000,
    "incomeBeforeTax": -355000000,
    "incomeBeforeTaxRatio": -0.0115162525,
    "incomeTaxExpense": -163000000,
    "netIncome": -194000000,
    "netIncomeRatio": -0.0062933887,
    "eps": -0.14,
    "epsdiluted": -0.14,
    "weightedAverageShsOut": 1430000000,
    "weightedAverageShsOutDil": 1433000000,
    "link": "https://www.sec.gov/Archives/edgar/data/1467858/000146785820000028/0001467858-20-000028-index.htm",
    "finalLink": "https://www.sec.gov/Archives/edgar/data/1467858/000146785820000028/gm201910k.htm"
  },
  {
    "date": "2019-09-30",
    "symbol": "GM",
    "reportedCurrency": "USD",
    "cik": "0001467858",
    "fillingDate": "2019-10-29",
    "acceptedDate": "2019-10-29 15:32:32",
    "calendarYear": "2019",
    "period": "Q3",
    "revenue": 35473000000,
    "costOfRevenue": 31161000000,
    "grossProfit": 4312000000,
    "grossProfitRatio": 0.1215572407,
    "researchAndDevelopmentExpenses": 0,
    "generalAndAdministrativeExpenses": 0,
    "sellingAndMarketingExpenses": 0,
    "sellingGeneralAndAdministrativeExpenses": 2008000000,
    "otherExpenses": 0,
    "operatingExpenses": 2008000000,
    "costAndExpenses": 33169000000,
    "interestIncome": 169000000,
    "interestExpense": 206000000,
    "depreciationAndAmortization": 3309000000,
    "ebitda": 6096000000,
    "ebitdaratio": 0.1718490119,
    "operatingIncome": 2304000000,
    "operatingIncomeRatio": 0.0649508077,
    "totalOtherIncomeExpensesNet": 278000000,
    "incomeBeforeTax": 2582000000,
    "incomeBeforeTaxRatio": 0.0727877541,
    "incomeTaxExpense": 271000000,
    "netIncome": 2351000000,
    "netIncomeRatio": 0.066275759,
    "eps": 1.62,
    "epsdiluted": 1.6,
    "weightedAverageShsOut": 1428000000,
    "weightedAverageShsOutDil": 1442000000,
    "link": "https://www.sec.gov/Archives/edgar/data/1467858/000146785819000121/0001467858-19-000121-index.htm",
    "finalLink": "https://www.sec.gov/Archives/edgar/data/1467858/000146785819000121/gm2019q3.htm"
  },
  {
    "date": "2019-06-30",
    "symbol": "GM",
    "reportedCurrency": "USD",
    "cik": "0001467858",
    "fillingDate": "2019-08-01",
    "acceptedDate": "2019-08-01 13:25:09",
    "calendarYear": "2019",
    "period": "Q2",
    "revenue": 36060000000,
    "costOfRevenue": 31471000000,
    "grossProfit": 4589000000,
    "grossProfitRatio": 0.127260122,
    "researchAndDevelopmentExpenses": 0,
    "generalAndAdministrativeExpenses": 0,
    "sellingAndMarketingExpenses": 0,
    "sellingGeneralAndAdministrativeExpenses": 2102000000,
    "otherExpenses": 0,
    "operatingExpenses": 2102000000,
    "costAndExpenses": 33573000000,
    "interestIncome": 364000000,
    "interestExpense": 195000000,
    "depreciationAndAmortization": 3407000000,
    "ebitda": 6518000000,
    "ebitdaratio": 0.1807542984,
    "operatingIncome": 2487000000,
    "operatingIncomeRatio": 0.068968386,
    "totalOtherIncomeExpensesNet": 440000000,
    "incomeBeforeTax": 2927000000,
    "incomeBeforeTaxRatio": 0.0811702718,
    "incomeTaxExpense": 524000000,
    "netIncome": 2418000000,
    "netIncomeRatio": 0.0670549085,
    "eps": 1.68,
    "epsdiluted": 1.66,
    "weightedAverageShsOut": 1420000000,
    "weightedAverageShsOutDil": 1438000000,
    "link": "https://www.sec.gov/Archives/edgar/data/1467858/000146785819000107/0001467858-19-000107-index.htm",
    "finalLink": "https://www.sec.gov/Archives/edgar/data/1467858/000146785819000107/gm2019q2.htm"
  },
  {
    "date": "2019-03-31",
    "symbol": "GM",
    "reportedCurrency": "USD",
    "cik": "0001467858",
    "fillingDate": "2019-04-30",
    "acceptedDate": "2019-04-30 15:10:35",
    "calendarYear": "2019",
    "period": "Q1",
    "revenue": 34878000000,
    "costOfRevenue": 31535000000,
    "grossProfit": 3343000000,
    "grossProfitRatio": 0.0958483858,
    "researchAndDevelopmentExpenses": 0,
    "generalAndAdministrativeExpenses": 0,
    "sellingAndMarketingExpenses": 0,
    "sellingGeneralAndAdministrativeExpenses": 2099000000,
    "otherExpenses": 0,
    "operatingExpenses": 2099000000,
    "costAndExpenses": 33634000000,
    "interestIncome": 805000000,
    "interestExpense": 181000000,
    "depreciationAndAmortization": 4116000000,
    "ebitda": 6572000000,
    "ebitdaratio": 0.1884282356,
    "operatingIncome": 1244000000,
    "operatingIncomeRatio": 0.0356671828,
    "totalOtherIncomeExpensesNet": 1038000000,
    "incomeBeforeTax": 2282000000,
    "incomeBeforeTaxRatio": 0.0654280635,
    "incomeTaxExpense": 137000000,
    "netIncome": 2157000000,
    "netIncomeRatio": 0.0618441424,
    "eps": 1.5,
    "epsdiluted": 1.48,
    "weightedAverageShsOut": 1417000000,
    "weightedAverageShsOutDil": 1436000000,
    "link": "https://www.sec.gov/Archives/edgar/data/1467858/000146785819000084/0001467858-19-000084-index.htm",
    "finalLink": "https://www.sec.gov/Archives/edgar/data/1467858/000146785819000084/gm2019q1.htm"
  },
  {
    "date": "2018-12-31",
    "symbol": "GM",
    "reportedCurrency": "USD",
    "cik": "0001467858",
    "fillingDate": "2019-02-06",
    "acceptedDate": "2019-02-06 16:46:41",
    "calendarYear": "2018",
    "period": "Q4",
    "revenue": 38399000000,
    "costOfRevenue": 35092000000,
    "grossProfit": 3307000000,
    "grossProfitRatio": 0.0861220344,
    "researchAndDevelopmentExpenses": 0,
    "generalAndAdministrativeExpenses": 0,
    "sellingAndMarketingExpenses": 0,
    "sellingGeneralAndAdministrativeExpenses": 2013000000,
    "otherExpenses": 0,
    "operatingExpenses": 2478000000,
    "costAndExpenses": 37570000000,
    "interestIncome": 0,
    "interestExpense": 68000000,
    "depreciationAndAmortization": 3646000000,
    "ebitda": 5284000000,
    "ebitdaratio": 0.1376077502,
    "operatingIncome": 829000000,
    "operatingIncomeRatio": 0.0215891039,
    "totalOtherIncomeExpensesNet": 629000000,
    "incomeBeforeTax": 1458000000,
    "incomeBeforeTaxRatio": 0.0379697388,
    "incomeTaxExpense": -611000000,
    "netIncome": 2044000000,
    "netIncomeRatio": 0.0532305529,
    "eps": 1.44,
    "epsdiluted": 1.44,
    "weightedAverageShsOut": 1414000000,
    "weightedAverageShsOutDil": 1417000000,
    "link": "https://www.sec.gov/Archives/edgar/data/1467858/000146785819000033/0001467858-19-000033-index.htm",
    "finalLink": "https://www.sec.gov/Archives/edgar/data/1467858/000146785819000033/gm201810k.htm"
  },
  {
    "date": "2018-09-30",
    "symbol": "GM",
    "reportedCurrency": "USD",
    "cik": "0001467858",
    "fillingDate": "2018-10-31",
    "acceptedDate": "2018-10-31 14:45:38",
    "calendarYear": "2018",
    "period": "Q3",
    "revenue": 35791000000,
    "costOfRevenue": 31597000000,
    "grossProfit": 4194000000,
    "grossProfitRatio": 0.1171802967,
    "researchAndDevelopmentExpenses": 0,
    "generalAndAdministrativeExpenses": 0,
    "sellingAndMarketingExpenses": 0,
    "sellingGeneralAndAdministrativeExpenses": 2584000000,
    "otherExpenses": 0,
    "operatingExpenses": 2584000000,
    "costAndExpenses": 34181000000,
    "interestIncome": 651000000,
    "interestExpense": 161000000,
    "depreciationAndAmortization": 3313000000,
    "ebitda": 6096000000,
    "ebitdaratio": 0.170322148,
    "operatingIncome": 1610000000,
    "operatingIncomeRatio": 0.0449833757,
    "totalOtherIncomeExpensesNet": 1020000000,
    "incomeBeforeTax": 2630000000,
    "incomeBeforeTaxRatio": 0.0734821603,
    "incomeTaxExpense": 100000000,
    "netIncome": 2534000000,
    "netIncomeRatio": 0.0707999218,
    "eps": 1.77,
    "epsdiluted": 1.75,
    "weightedAverageShsOut": 1412000000,
    "weightedAverageShsOutDil": 1431000000,
    "link": "https://www.sec.gov/Archives/edgar/data/1467858/000146785818000104/0001467858-18-000104-index.htm",
    "finalLink": "https://www.sec.gov/Archives/edgar/data/1467858/000146785818000104/gm2018q3.htm"
  },
  {
    "date": "2018-06-30",
    "symbol": "GM",
    "reportedCurrency": "USD",
    "cik": "0001467858",
    "fillingDate": "2018-07-25",
    "acceptedDate": "2018-07-25 15:50:31",
    "calendarYear": "2018",
    "period": "Q2",
    "revenue": 36760000000,
    "costOfRevenue": 33067000000,
    "grossProfit": 3693000000,
    "grossProfitRatio": 0.1004624592,
    "researchAndDevelopmentExpenses": 0,
    "generalAndAdministrativeExpenses": 0,
    "sellingAndMarketingExpenses": 0,
    "sellingGeneralAndAdministrativeExpenses": 2216000000,
    "otherExpenses": 0,
    "operatingExpenses": 2216000000,
    "costAndExpenses": 35283000000,
    "interestIncome": 930000000,
    "interestExpense": 159000000,
    "depreciationAndAmortization": 3129000000,
    "ebitda": 6143000000,
    "ebitdaratio": 0.1671109902,
    "operatingIncome": 1477000000,
    "operatingIncomeRatio": 0.040179543,
    "totalOtherIncomeExpensesNet": 1408000000,
    "incomeBeforeTax": 2885000000,
    "incomeBeforeTaxRatio": 0.0784820457,
    "incomeTaxExpense": 519000000,
    "netIncome": 2390000000,
    "netIncomeRatio": 0.0650163221,
    "eps": 1.68,
    "epsdiluted": 1.66,
    "weightedAverageShsOut": 1410000000,
    "weightedAverageShsOutDil": 1431000000,
    "link": "https://www.sec.gov/Archives/edgar/data/1467858/000146785818000089/0001467858-18-000089-index.htm",
    "finalLink": "https://www.sec.gov/Archives/edgar/data/1467858/000146785818000089/gm2018q2.htm"
  },
  {
    "date": "2018-03-31",
    "symbol": "GM",
    "reportedCurrency": "USD",
    "cik": "0001467858",
    "fillingDate": "2018-04-26",
    "acceptedDate": "2018-04-26 17:08:46",
    "calendarYear": "2018",
    "period": "Q1",
    "revenue": 36099000000,
    "costOfRevenue": 33198000000,
    "grossProfit": 2901000000,
    "grossProfitRatio": 0.0803623369,
    "researchAndDevelopmentExpenses": 0,
    "generalAndAdministrativeExpenses": 0,
    "sellingAndMarketingExpenses": 0,
    "sellingGeneralAndAdministrativeExpenses": 2372000000,
    "otherExpenses": 0,
    "operatingExpenses": 2372000000,
    "costAndExpenses": 35570000000,
    "interestIncome": 549000000,
    "interestExpense": 150000000,
    "depreciationAndAmortization": 3581000000,
    "ebitda": 4823000000,
    "ebitdaratio": 0.133604809,
    "operatingIncome": 529000000,
    "operatingIncomeRatio": 0.0146541455,
    "totalOtherIncomeExpensesNet": 1047000000,
    "incomeBeforeTax": 1576000000,
    "incomeBeforeTaxRatio": 0.0436577191,
    "incomeTaxExpense": 466000000,
    "netIncome": 1046000000,
    "netIncomeRatio": 0.0289758719,
    "eps": 0.73,
    "epsdiluted": 0.72,
    "weightedAverageShsOut": 1408000000,
    "weightedAverageShsOutDil": 1430000000,
    "link": "https://www.sec.gov/Archives/edgar/data/1467858/000146785818000068/0001467858-18-000068-index.htm",
    "finalLink": "https://www.sec.gov/Archives/edgar/data/1467858/000146785818000068/gm2018q1.htm"
  },
  {
    "date": "2017-12-31",
    "symbol": "GM",
    "reportedCurrency": "USD",
    "cik": "0001467858",
    "fillingDate": "2018-02-06",
    "acceptedDate": "2018-02-06 12:34:06",
    "calendarYear": "2017",
    "period": "Q4",
    "revenue": 37715000000,
    "costOfRevenue": 32703000000,
    "grossProfit": 5012000000,
    "grossProfitRatio": 0.1328914225,
    "researchAndDevelopmentExpenses": 0,
    "generalAndAdministrativeExpenses": 0,
    "sellingAndMarketingExpenses": 0,
    "sellingGeneralAndAdministrativeExpenses": 2118000000,
    "otherExpenses": 0,
    "operatingExpenses": 2434000000,
    "costAndExpenses": 35137000000,
    "interestIncome": 13000000,
    "interestExpense": 145000000,
    "depreciationAndAmortization": 3177000000,
    "ebitda": 6586000000,
    "ebitdaratio": 0.1746254806,
    "operatingIncome": 2578000000,
    "operatingIncomeRatio": 0.068354766,
    "totalOtherIncomeExpensesNet": 415000000,
    "incomeBeforeTax": 2993000000,
    "incomeBeforeTaxRatio": 0.0793583455,
    "incomeTaxExpense": 7896000000,
    "netIncome": -5151000000,
    "netIncomeRatio": -0.1365769588,
    "eps": -3.66,
    "epsdiluted": -3.66,
    "weightedAverageShsOut": 1408000000,
    "weightedAverageShsOutDil": 1408000000,
    "link": "https://www.sec.gov/Archives/edgar/data/1467858/000146785818000022/0001467858-18-000022-index.htm",
    "finalLink": "https://www.sec.gov/Archives/edgar/data/1467858/000146785818000022/gm201710k.htm"
  },
  {
    "date": "2017-09-30",
    "symbol": "GM",
    "reportedCurrency": "USD",
    "cik": "0001467858",
    "fillingDate": "2017-10-24",
    "acceptedDate": "2017-10-24 10:21:29",
    "calendarYear": "2017",
    "period": "Q3",
    "revenue": 33623000000,
    "costOfRevenue": 29403000000,
    "grossProfit": 4220000000,
    "grossProfitRatio": 0.125509324,
    "researchAndDevelopmentExpenses": 0,
    "generalAndAdministrativeExpenses": 0,
    "sellingAndMarketingExpenses": 0,
    "sellingGeneralAndAdministrativeExpenses": 2304000000,
    "otherExpenses": 0,
    "operatingExpenses": 2304000000,
    "costAndExpenses": 31707000000,
    "interestIncome": 505000000,
    "interestExpense": 151000000,
    "depreciationAndAmortization": 3147000000,
    "ebitda": 5711000000,
    "ebitdaratio": 0.169853969,
    "operatingIncome": 1916000000,
    "operatingIncomeRatio": 0.0569848021,
    "totalOtherIncomeExpensesNet": 514000000,
    "incomeBeforeTax": 2430000000,
    "incomeBeforeTaxRatio": 0.0722719567,
    "incomeTaxExpense": 2316000000,
    "netIncome": -2981000000,
    "netIncomeRatio": -0.0886595485,
    "eps": -2.06,
    "epsdiluted": -2.03,
    "weightedAverageShsOut": 1445000000,
    "weightedAverageShsOutDil": 1472000000,
    "link": "https://www.sec.gov/Archives/edgar/data/1467858/000146785817000133/0001467858-17-000133-index.htm",
    "finalLink": "https://www.sec.gov/Archives/edgar/data/1467858/000146785817000133/gm2017q3.htm"
  },
  {
    "date": "2017-06-30",
    "symbol": "GM",
    "reportedCurrency": "USD",
    "cik": "0001467858",
    "fillingDate": "2017-07-25",
    "acceptedDate": "2017-07-25 12:23:23",
    "calendarYear": "2017",
    "period": "Q2",
    "revenue": 36984000000,
    "costOfRevenue": 31887000000,
    "grossProfit": 5097000000,
    "grossProfitRatio": 0.137816353,
    "researchAndDevelopmentExpenses": 0,
    "generalAndAdministrativeExpenses": 0,
    "sellingAndMarketingExpenses": 0,
    "sellingGeneralAndAdministrativeExpenses": 2479000000,
    "otherExpenses": 0,
    "operatingExpenses": 2479000000,
    "costAndExpenses": 34366000000,
    "interestIncome": 272000000,
    "interestExpense": 132000000,
    "depreciationAndAmortization": 3054000000,
    "ebitda": 6060000000,
    "ebitdaratio": 0.1638546398,
    "operatingIncome": 2618000000,
    "operatingIncomeRatio": 0.0707873675,
    "totalOtherIncomeExpensesNet": 349000000,
    "incomeBeforeTax": 2967000000,
    "incomeBeforeTaxRatio": 0.0802238806,
    "incomeTaxExpense": 534000000,
    "netIncome": 1660000000,
    "netIncomeRatio": 0.0448842743,
    "eps": 1.11,
    "epsdiluted": 1.09,
    "weightedAverageShsOut": 1497000000,
    "weightedAverageShsOutDil": 1519000000,
    "link": "https://www.sec.gov/Archives/edgar/data/1467858/000146785817000103/0001467858-17-000103-index.htm",
    "finalLink": "https://www.sec.gov/Archives/edgar/data/1467858/000146785817000103/gm2017q2.htm"
  },
  {
    "date": "2017-03-31",
    "symbol": "GM",
    "reportedCurrency": "USD",
    "cik": "0001467858",
    "fillingDate": "2017-04-28",
    "acceptedDate": "2017-04-28 11:28:44",
    "calendarYear": "2017",
    "period": "Q1",
    "revenue": 41200000000,
    "costOfRevenue": 35771000000,
    "grossProfit": 5429000000,
    "grossProfitRatio": 0.1317718447,
    "researchAndDevelopmentExpenses": 0,
    "generalAndAdministrativeExpenses": 0,
    "sellingAndMarketingExpenses": 0,
    "sellingGeneralAndAdministrativeExpenses": 2684000000,
    "otherExpenses": 0,
    "operatingExpenses": 2684000000,
    "costAndExpenses": 38455000000,
    "interestIncome": 482000000,
    "interestExpense": 147000000,
    "depreciationAndAmortization": 2883000000,
    "ebitda": 6286000000,
    "ebitdaratio": 0.1525728155,
    "operatingIncome": 2745000000,
    "operatingIncomeRatio": 0.0666262136,
    "totalOtherIncomeExpensesNet": 572000000,
    "incomeBeforeTax": 3317000000,
    "incomeBeforeTaxRatio": 0.0805097087,
    "incomeTaxExpense": 700000000,
    "netIncome": 2608000000,
    "netIncomeRatio": 0.0633009709,
    "eps": 1.73,
    "epsdiluted": 1.7,
    "weightedAverageShsOut": 1505000000,
    "weightedAverageShsOutDil": 1532000000,
    "link": "https://www.sec.gov/Archives/edgar/data/1467858/000146785817000070/0001467858-17-000070-index.htm",
    "finalLink": "https://www.sec.gov/Archives/edgar/data/1467858/000146785817000070/gm2017q1.htm"
  },
  {
    "date": "2016-12-31",
    "symbol": "GM",
    "reportedCurrency": "USD",
    "cik": "0001467858",
    "fillingDate": "2017-02-07",
    "acceptedDate": "2017-02-07 11:42:59",
    "calendarYear": "2016",
    "period": "Q4",
    "revenue": 43918000000,
    "costOfRevenue": 39077000000,
    "grossProfit": 4841000000,
    "grossProfitRatio": 0.1102281525,
    "researchAndDevelopmentExpenses": 0,
    "generalAndAdministrativeExpenses": 0,
    "sellingAndMarketingExpenses": 0,
    "sellingGeneralAndAdministrativeExpenses": 2741000000,
    "otherExpenses": 0,
    "operatingExpenses": 3321000000,
    "costAndExpenses": 42398000000,
    "interestIncome": 0,
    "interestExpense": 105000000,
    "depreciationAndAmortization": 2851000000,
    "ebitda": 4923000000,
    "ebitdaratio": 0.1120952685,
    "operatingIncome": 1520000000,
    "operatingIncomeRatio": 0.0346099549,
    "totalOtherIncomeExpensesNet": 465000000,
    "incomeBeforeTax": 1985000000,
    "incomeBeforeTaxRatio": 0.0451978688,
    "incomeTaxExpense": 210000000,
    "netIncome": 1835000000,
    "netIncomeRatio": 0.0417824127,
    "eps": 1.22,
    "epsdiluted": 1.22,
    "weightedAverageShsOut": 1505000000,
    "weightedAverageShsOutDil": 1505000000,
    "link": "https://www.sec.gov/Archives/edgar/data/1467858/000146785817000028/0001467858-17-000028-index.htm",
    "finalLink": "https://www.sec.gov/Archives/edgar/data/1467858/000146785817000028/gm201610k.htm"
  },
  {
    "date": "2016-09-30",
    "symbol": "GM",
    "reportedCurrency": "USD",
    "cik": "0001467858",
    "fillingDate": "2016-10-25",
    "acceptedDate": "2016-10-25 12:01:40",
    "calendarYear": "2016",
    "period": "Q3",
    "revenue": 42825000000,
    "costOfRevenue": 37084000000,
    "grossProfit": 5741000000,
    "grossProfitRatio": 0.1340572096,
    "researchAndDevelopmentExpenses": 0,
    "generalAndAdministrativeExpenses": 0,
    "sellingAndMarketingExpenses": 0,
    "sellingGeneralAndAdministrativeExpenses": 2724000000,
    "otherExpenses": 0,
    "operatingExpenses": 2724000000,
    "costAndExpenses": 39808000000,
    "interestIncome": 109000000,
    "interestExpense": 145000000,
    "depreciationAndAmortization": 2686000000,
    "ebitda": 6287000000,
    "ebitdaratio": 0.1468067717,
    "operatingIncome": 3017000000,
    "operatingIncomeRatio": 0.0704495038,
    "totalOtherIncomeExpensesNet": 471000000,
    "incomeBeforeTax": 3488000000,
    "incomeBeforeTaxRatio": 0.0814477525,
    "incomeTaxExpense": 776000000,
    "netIncome": 2773000000,
    "netIncomeRatio": 0.0647518973,
    "eps": 1.79,
    "epsdiluted": 1.76,
    "weightedAverageShsOut": 1550000000,
    "weightedAverageShsOutDil": 1574000000,
    "link": "https://www.sec.gov/Archives/edgar/data/1467858/000146785816000363/0001467858-16-000363-index.htm",
    "finalLink": "https://www.sec.gov/Archives/edgar/data/1467858/000146785816000363/gm2016q3.htm"
  },
  {
    "date": "2016-06-30",
    "symbol": "GM",
    "reportedCurrency": "USD",
    "cik": "0001467858",
    "fillingDate": "2016-07-21",
    "acceptedDate": "2016-07-21 11:18:42",
    "calendarYear": "2016",
    "period": "Q2",
    "revenue": 42372000000,
    "costOfRevenue": 36489000000,
    "grossProfit": 5883000000,
    "grossProfitRatio": 0.1388416879,
    "researchAndDevelopmentExpenses": 0,
    "generalAndAdministrativeExpenses": 0,
    "sellingAndMarketingExpenses": 0,
    "sellingGeneralAndAdministrativeExpenses": 2847000000,
    "otherExpenses": 0,
    "operatingExpenses": 2847000000,
    "costAndExpenses": 39336000000,
    "interestIncome": 172000000,
    "interestExpense": 147000000,
    "depreciationAndAmortization": 2579000000,
    "ebitda": 3868000000,
    "ebitdaratio": 0.0912866988,
    "operatingIncome": 3036000000,
    "operatingIncomeRatio": 0.0716510903,
    "totalOtherIncomeExpensesNet": 749000000,
    "incomeBeforeTax": 3721000000,
    "incomeBeforeTaxRatio": 0.0878174266,
    "incomeTaxExpense": 871000000,
    "netIncome": 2866000000,
    "netIncomeRatio": 0.0676390069,
    "eps": 1.85,
    "epsdiluted": 1.81,
    "weightedAverageShsOut": 1548000000,
    "weightedAverageShsOutDil": 1581000000,
    "link": "https://www.sec.gov/Archives/edgar/data/1467858/000146785816000341/0001467858-16-000341-index.htm",
    "finalLink": "https://www.sec.gov/Archives/edgar/data/1467858/000146785816000341/gm2016q2.htm"
  },
  {
    "date": "2016-03-31",
    "symbol": "GM",
    "reportedCurrency": "USD",
    "cik": "0001467858",
    "fillingDate": "2016-04-21",
    "acceptedDate": "2016-04-21 11:17:43",
    "calendarYear": "2016",
    "period": "Q1",
    "revenue": 37265000000,
    "costOfRevenue": 32475000000,
    "grossProfit": 4790000000,
    "grossProfitRatio": 0.1285388434,
    "researchAndDevelopmentExpenses": 0,
    "generalAndAdministrativeExpenses": 0,
    "sellingAndMarketingExpenses": 0,
    "sellingGeneralAndAdministrativeExpenses": 2818000000,
    "otherExpenses": 0,
    "operatingExpenses": 2818000000,
    "costAndExpenses": 35293000000,
    "interestIncome": 85000000,
    "interestExpense": 127000000,
    "depreciationAndAmortization": 2292000000,
    "ebitda": 4909000000,
    "ebitdaratio": 0.1317321884,
    "operatingIncome": 1972000000,
    "operatingIncomeRatio": 0.0529182879,
    "totalOtherIncomeExpensesNet": 518000000,
    "incomeBeforeTax": 2490000000,
    "incomeBeforeTaxRatio": 0.0668187307,
    "incomeTaxExpense": 559000000,
    "netIncome": 1953000000,
    "netIncomeRatio": 0.0524084261,
    "eps": 1.26,
    "epsdiluted": 1.24,
    "weightedAverageShsOut": 1546000000,
    "weightedAverageShsOutDil": 1580000000,
    "link": "https://www.sec.gov/Archives/edgar/data/1467858/000146785816000317/0001467858-16-000317-index.htm",
    "finalLink": "https://www.sec.gov/Archives/edgar/data/1467858/000146785816000317/gm2016q1.htm"
  },
  {
    "date": "2015-12-31",
    "symbol": "GM",
    "reportedCurrency": "USD",
    "cik": "0001467858",
    "fillingDate": "2016-02-03",
    "acceptedDate": "2016-02-03 13:20:41",
    "calendarYear": "2015",
    "period": "Q4",
    "revenue": 39621000000,
    "costOfRevenue": 34733000000,
    "grossProfit": 4888000000,
    "grossProfitRatio": 0.1233689205,
    "researchAndDevelopmentExpenses": 0,
    "generalAndAdministrativeExpenses": 0,
    "sellingAndMarketingExpenses": 0,
    "sellingGeneralAndAdministrativeExpenses": 3029000000,
    "otherExpenses": 0,
    "operatingExpenses": 3029000000,
    "costAndExpenses": 37762000000,
    "interestIncome": 0,
    "interestExpense": 74000000,
    "depreciationAndAmortization": 559000000,
    "ebitda": 3171000000,
    "ebitdaratio": 0.0800333157,
    "operatingIncome": 1859000000,
    "operatingIncomeRatio": 0.0469195629,
    "totalOtherIncomeExpensesNet": 1199000000,
    "incomeBeforeTax": 3058000000,
    "incomeBeforeTaxRatio": 0.0771812927,
    "incomeTaxExpense": -3168000000,
    "netIncome": 6266000000,
    "netIncomeRatio": 0.1581484566,
    "eps": 4.05,
    "epsdiluted": 4.05,
    "weightedAverageShsOut": 1546000000,
    "weightedAverageShsOutDil": 1546000000,
    "link": "https://www.sec.gov/Archives/edgar/data/1467858/000146785816000255/0001467858-16-000255-index.htm",
    "finalLink": "https://www.sec.gov/Archives/edgar/data/1467858/000146785816000255/gm201510k.htm"
  },
  {
    "date": "2015-09-30",
    "symbol": "GM",
    "reportedCurrency": "USD",
    "cik": "0001467858",
    "fillingDate": "2015-10-21",
    "acceptedDate": "2015-10-21 11:16:04",
    "calendarYear": "2015",
    "period": "Q3",
    "revenue": 38843000000,
    "costOfRevenue": 33564000000,
    "grossProfit": 5279000000,
    "grossProfitRatio": 0.1359060835,
    "researchAndDevelopmentExpenses": 0,
    "generalAndAdministrativeExpenses": 0,
    "sellingAndMarketingExpenses": 0,
    "sellingGeneralAndAdministrativeExpenses": 4282000000,
    "otherExpenses": 0,
    "operatingExpenses": 4282000000,
    "costAndExpenses": 37846000000,
    "interestIncome": 119000000,
    "interestExpense": 112000000,
    "depreciationAndAmortization": 621000000,
    "ebitda": 3599000000,
    "ebitdaratio": 0.0926550472,
    "operatingIncome": 997000000,
    "operatingIncomeRatio": 0.0256674304,
    "totalOtherIncomeExpensesNet": 509000000,
    "incomeBeforeTax": 1506000000,
    "incomeBeforeTaxRatio": 0.0387714646,
    "incomeTaxExpense": 165000000,
    "netIncome": 1359000000,
    "netIncomeRatio": 0.0349869989,
    "eps": 0.86,
    "epsdiluted": 0.84,
    "weightedAverageShsOut": 1577000000,
    "weightedAverageShsOutDil": 1618000000,
    "link": "https://www.sec.gov/Archives/edgar/data/1467858/000146785815000217/0001467858-15-000217-index.htm",
    "finalLink": "https://www.sec.gov/Archives/edgar/data/1467858/000146785815000217/gmq32015.htm"
  },
  {
    "date": "2015-06-30",
    "symbol": "GM",
    "reportedCurrency": "USD",
    "cik": "0001467858",
    "fillingDate": "2015-07-23",
    "acceptedDate": "2015-07-23 11:24:05",
    "calendarYear": "2015",
    "period": "Q2",
    "revenue": 38180000000,
    "costOfRevenue": 33915000000,
    "grossProfit": 4265000000,
    "grossProfitRatio": 0.1117077004,
    "researchAndDevelopmentExpenses": 0,
    "generalAndAdministrativeExpenses": 0,
    "sellingAndMarketingExpenses": 0,
    "sellingGeneralAndAdministrativeExpenses": 2977000000,
    "otherExpenses": 0,
    "operatingExpenses": 2977000000,
    "costAndExpenses": 36892000000,
    "interestIncome": 13000000,
    "interestExpense": 108000000,
    "depreciationAndAmortization": 537000000,
    "ebitda": 1825000000,
    "ebitdaratio": 0.0477998952,
    "operatingIncome": 1288000000,
    "operatingIncomeRatio": 0.0337349398,
    "totalOtherIncomeExpensesNet": 429000000,
    "incomeBeforeTax": 1717000000,
    "incomeBeforeTaxRatio": 0.0449711891,
    "incomeTaxExpense": 577000000,
    "netIncome": 1117000000,
    "netIncomeRatio": 0.0292561551,
    "eps": 0.7,
    "epsdiluted": 0.67,
    "weightedAverageShsOut": 1596000000,
    "weightedAverageShsOutDil": 1660000000,
    "link": "https://www.sec.gov/Archives/edgar/data/1467858/000146785815000175/0001467858-15-000175-index.htm",
    "finalLink": "https://www.sec.gov/Archives/edgar/data/1467858/000146785815000175/gmq22015.htm"
  },
  {
    "date": "2015-03-31",
    "symbol": "GM",
    "reportedCurrency": "USD",
    "cik": "0001467858",
    "fillingDate": "2015-04-23",
    "acceptedDate": "2015-04-23 11:20:17",
    "calendarYear": "2015",
    "period": "Q1",
    "revenue": 35712000000,
    "costOfRevenue": 31842000000,
    "grossProfit": 3870000000,
    "grossProfitRatio": 0.1083669355,
    "researchAndDevelopmentExpenses": 0,
    "generalAndAdministrativeExpenses": 0,
    "sellingAndMarketingExpenses": 0,
    "sellingGeneralAndAdministrativeExpenses": 3117000000,
    "otherExpenses": 0,
    "operatingExpenses": 3117000000,
    "costAndExpenses": 34959000000,
    "interestIncome": 241000000,
    "interestExpense": 110000000,
    "depreciationAndAmortization": 794000000,
    "ebitda": 1547000000,
    "ebitdaratio": 0.0433187724,
    "operatingIncome": 753000000,
    "operatingIncomeRatio": 0.0210853495,
    "totalOtherIncomeExpensesNet": 684000000,
    "incomeBeforeTax": 1437000000,
    "incomeBeforeTaxRatio": 0.0402385753,
    "incomeTaxExpense": 529000000,
    "netIncome": 945000000,
    "netIncomeRatio": 0.0264616935,
    "eps": 0.58,
    "epsdiluted": 0.56,
    "weightedAverageShsOut": 1617000000,
    "weightedAverageShsOutDil": 1686000000,
    "link": "https://www.sec.gov/Archives/edgar/data/1467858/000146785815000122/0001467858-15-000122-index.htm",
    "finalLink": "https://www.sec.gov/Archives/edgar/data/1467858/000146785815000122/gmq12015.htm"
  },
  {
    "date": "2014-12-31",
    "symbol": "GM",
    "reportedCurrency": "USD",
    "cik": "0001467858",
    "fillingDate": "2015-02-04",
    "acceptedDate": "2015-02-04 11:47:54",
    "calendarYear": "2014",
    "period": "Q4",
    "revenue": 39617000000,
    "costOfRevenue": 35235000000,
    "grossProfit": 4382000000,
    "grossProfitRatio": 0.110609082,
    "researchAndDevelopmentExpenses": 0,
    "generalAndAdministrativeExpenses": 0,
    "sellingAndMarketingExpenses": 0,
    "sellingGeneralAndAdministrativeExpenses": 2953000000,
    "otherExpenses": 120000000,
    "operatingExpenses": 2953000000,
    "costAndExpenses": 38188000000,
    "interestIncome": 0,
    "interestExpense": 48000000,
    "depreciationAndAmortization": 463000000,
    "ebitda": 1772000000,
    "ebitdaratio": 0.0447282732,
    "operatingIncome": 1309000000,
    "operatingIncomeRatio": 0.0330413711,
    "totalOtherIncomeExpensesNet": 979000000,
    "incomeBeforeTax": 2288000000,
    "incomeBeforeTaxRatio": 0.0577529848,
    "incomeTaxExpense": 279000000,
    "netIncome": 1987000000,
    "netIncomeRatio": 0.0501552364,
    "eps": 1.23,
    "epsdiluted": 1.23,
    "weightedAverageShsOut": 1611000000,
    "weightedAverageShsOutDil": 1617000000,
    "link": "https://www.sec.gov/Archives/edgar/data/1467858/000146785815000036/0001467858-15-000036-index.htm",
    "finalLink": "https://www.sec.gov/Archives/edgar/data/1467858/000146785815000036/gm201410k.htm"
  },
  {
    "date": "2014-09-30",
    "symbol": "GM",
    "reportedCurrency": "USD",
    "cik": "0001467858",
    "fillingDate": "2014-10-23",
    "acceptedDate": "2014-10-23 14:51:37",
    "calendarYear": "2014",
    "period": "Q3",
    "revenue": 39255000000,
    "costOfRevenue": 35107000000,
    "grossProfit": 4148000000,
    "grossProfitRatio": 0.1056680678,
    "researchAndDevelopmentExpenses": 0,
    "generalAndAdministrativeExpenses": 0,
    "sellingAndMarketingExpenses": 0,
    "sellingGeneralAndAdministrativeExpenses": 2921000000,
    "otherExpenses": 0,
    "operatingExpenses": 2921000000,
    "costAndExpenses": 38028000000,
    "interestIncome": 239000000,
    "interestExpense": 96000000,
    "depreciationAndAmortization": 736000000,
    "ebitda": 1965000000,
    "ebitdaratio": 0.0500573175,
    "operatingIncome": 1227000000,
    "operatingIncomeRatio": 0.0312571647,
    "totalOtherIncomeExpensesNet": 642000000,
    "incomeBeforeTax": 1869000000,
    "incomeBeforeTaxRatio": 0.0476117692,
    "incomeTaxExpense": 427000000,
    "netIncome": 1471000000,
    "netIncomeRatio": 0.0374729334,
    "eps": 0.86,
    "epsdiluted": 0.81,
    "weightedAverageShsOut": 1612000000,
    "weightedAverageShsOutDil": 1691000000,
    "link": "https://www.sec.gov/Archives/edgar/data/1467858/000146785814000247/0001467858-14-000247-index.htm",
    "finalLink": "https://www.sec.gov/Archives/edgar/data/1467858/000146785814000247/gm2014q3.htm"
  },
  {
    "date": "2014-06-30",
    "symbol": "GM",
    "reportedCurrency": "USD",
    "cik": "0001467858",
    "fillingDate": "2014-07-24",
    "acceptedDate": "2014-07-24 12:16:47",
    "calendarYear": "2014",
    "period": "Q2",
    "revenue": 39649000000,
    "costOfRevenue": 36777000000,
    "grossProfit": 2872000000,
    "grossProfitRatio": 0.0724356226,
    "researchAndDevelopmentExpenses": 0,
    "generalAndAdministrativeExpenses": 0,
    "sellingAndMarketingExpenses": 0,
    "sellingGeneralAndAdministrativeExpenses": 3343000000,
    "otherExpenses": 0,
    "operatingExpenses": 3343000000,
    "costAndExpenses": 40120000000,
    "interestIncome": 81000000,
    "interestExpense": 100000000,
    "depreciationAndAmortization": 604000000,
    "ebitda": 133000000,
    "ebitdaratio": 0.0033544352,
    "operatingIncome": -471000000,
    "operatingIncomeRatio": -0.0118792403,
    "totalOtherIncomeExpensesNet": 504000000,
    "incomeBeforeTax": 33000000,
    "incomeBeforeTaxRatio": 0.0008323035,
    "incomeTaxExpense": -254000000,
    "netIncome": 278000000,
    "netIncomeRatio": 0.0070115261,
    "eps": 0.12,
    "epsdiluted": 0.11,
    "weightedAverageShsOut": 1608000000,
    "weightedAverageShsOutDil": 1688000000,
    "link": "https://www.sec.gov/Archives/edgar/data/1467858/000146785814000213/0001467858-14-000213-index.htm",
    "finalLink": "https://www.sec.gov/Archives/edgar/data/1467858/000146785814000213/gm2014q2.htm"
  },
  {
    "date": "2014-03-31",
    "symbol": "GM",
    "reportedCurrency": "USD",
    "cik": "0001467858",
    "fillingDate": "2014-04-24",
    "acceptedDate": "2014-04-24 14:05:16",
    "calendarYear": "2014",
    "period": "Q1",
    "revenue": 37408000000,
    "costOfRevenue": 35002000000,
    "grossProfit": 2406000000,
    "grossProfitRatio": 0.064317793,
    "researchAndDevelopmentExpenses": 0,
    "generalAndAdministrativeExpenses": 0,
    "sellingAndMarketingExpenses": 0,
    "sellingGeneralAndAdministrativeExpenses": 2941000000,
    "otherExpenses": 0,
    "operatingExpenses": 2941000000,
    "costAndExpenses": 37943000000,
    "interestIncome": 89000000,
    "interestExpense": 103000000,
    "depreciationAndAmortization": 694000000,
    "ebitda": 159000000,
    "ebitdaratio": 0.0042504277,
    "operatingIncome": -535000000,
    "operatingIncomeRatio": -0.0143017536,
    "totalOtherIncomeExpensesNet": 591000000,
    "incomeBeforeTax": 56000000,
    "incomeBeforeTaxRatio": 0.001497006,
    "incomeTaxExpense": -224000000,
    "netIncome": 213000000,
    "netIncomeRatio": 0.0056939692,
    "eps": 0.08,
    "epsdiluted": 0.06,
    "weightedAverageShsOut": 1587000000,
    "weightedAverageShsOutDil": 1691000000,
    "link": "https://www.sec.gov/Archives/edgar/data/1467858/000146785814000125/0001467858-14-000125-index.htm",
    "finalLink": "https://www.sec.gov/Archives/edgar/data/1467858/000146785814000125/gm2014q1.htm"
  },
  {
    "date": "2013-12-31",
    "symbol": "GM",
    "reportedCurrency": "USD",
    "cik": "0001467858",
    "fillingDate": "2014-02-06",
    "acceptedDate": "2014-02-06 12:49:42",
    "calendarYear": "2013",
    "period": "Q4",
    "revenue": 40485000000,
    "costOfRevenue": 36210000000,
    "grossProfit": 4275000000,
    "grossProfitRatio": 0.1055946647,
    "researchAndDevelopmentExpenses": 0,
    "generalAndAdministrativeExpenses": 0,
    "sellingAndMarketingExpenses": 0,
    "sellingGeneralAndAdministrativeExpenses": 3629000000,
    "otherExpenses": 481000000,
    "operatingExpenses": 3629000000,
    "costAndExpenses": 39839000000,
    "interestIncome": 37000000,
    "interestExpense": 0,
    "depreciationAndAmortization": 2393000000,
    "ebitda": 2724000000,
    "ebitdaratio": 0.0672841793,
    "operatingIncome": 165000000,
    "operatingIncomeRatio": 0.0040755835,
    "totalOtherIncomeExpensesNet": 2442000000,
    "incomeBeforeTax": 2607000000,
    "incomeBeforeTaxRatio": 0.0643942201,
    "incomeTaxExpense": 134000000,
    "netIncome": 1040000000,
    "netIncomeRatio": 0.0256885266,
    "eps": 0.66,
    "epsdiluted": 0.66,
    "weightedAverageShsOut": 1587000000,
    "weightedAverageShsOutDil": 1587000000,
    "link": "https://www.sec.gov/Archives/edgar/data/1467858/000146785814000043/0001467858-14-000043-index.htm",
    "finalLink": "https://www.sec.gov/Archives/edgar/data/1467858/000146785814000043/gm201310k.htm"
  },
  {
    "date": "2013-09-30",
    "symbol": "GM",
    "reportedCurrency": "USD",
    "cik": "0001467858",
    "fillingDate": "2013-10-30",
    "acceptedDate": "2013-10-30 14:12:53",
    "calendarYear": "2013",
    "period": "Q3",
    "revenue": 38983000000,
    "costOfRevenue": 33791000000,
    "grossProfit": 5192000000,
    "grossProfitRatio": 0.1331862607,
    "researchAndDevelopmentExpenses": 0,
    "generalAndAdministrativeExpenses": 0,
    "sellingAndMarketingExpenses": 0,
    "sellingGeneralAndAdministrativeExpenses": 2876000000,
    "otherExpenses": 60000000,
    "operatingExpenses": 2876000000,
    "costAndExpenses": 36667000000,
    "interestIncome": 0,
    "interestExpense": 147000000,
    "depreciationAndAmortization": 60000000,
    "ebitda": 2256000000,
    "ebitdaratio": 0.0578713798,
    "operatingIncome": 2256000000,
    "operatingIncomeRatio": 0.0578713798,
    "totalOtherIncomeExpensesNet": -145000000,
    "incomeBeforeTax": 2111000000,
    "incomeBeforeTaxRatio": 0.0541518098,
    "incomeTaxExpense": 842000000,
    "netIncome": 1717000000,
    "netIncomeRatio": 0.0440448401,
    "eps": 0.5,
    "epsdiluted": 0.45,
    "weightedAverageShsOut": 1386000000,
    "weightedAverageShsOutDil": 1681000000,
    "link": "https://www.sec.gov/Archives/edgar/data/1467858/000146785813000135/0001467858-13-000135-index.htm",
    "finalLink": "https://www.sec.gov/Archives/edgar/data/1467858/000146785813000135/gm2013q3.htm"
  },
  {
    "date": "2013-06-30",
    "symbol": "GM",
    "reportedCurrency": "USD",
    "cik": "0001467858",
    "fillingDate": "2013-07-25",
    "acceptedDate": "2013-07-25 13:54:59",
    "calendarYear": "2013",
    "period": "Q2",
    "revenue": 39075000000,
    "costOfRevenue": 34399000000,
    "grossProfit": 4676000000,
    "grossProfitRatio": 0.1196673065,
    "researchAndDevelopmentExpenses": 0,
    "generalAndAdministrativeExpenses": 0,
    "sellingAndMarketingExpenses": 0,
    "sellingGeneralAndAdministrativeExpenses": 2925000000,
    "otherExpenses": 0,
    "operatingExpenses": 2925000000,
    "costAndExpenses": 37324000000,
    "interestIncome": 251000000,
    "interestExpense": 61000000,
    "depreciationAndAmortization": 251000000,
    "ebitda": 2191000000,
    "ebitdaratio": 0.0560716571,
    "operatingIncome": 1751000000,
    "operatingIncomeRatio": 0.0448112604,
    "totalOtherIncomeExpensesNet": -50000000,
    "incomeBeforeTax": 1701000000,
    "incomeBeforeTaxRatio": 0.0435316699,
    "incomeTaxExpense": 742000000,
    "netIncome": 1414000000,
    "netIncomeRatio": 0.0361868202,
    "eps": 0.87,
    "epsdiluted": 0.75,
    "weightedAverageShsOut": 1376000000,
    "weightedAverageShsOutDil": 1677000000,
    "link": "https://www.sec.gov/Archives/edgar/data/1467858/000146785813000106/0001467858-13-000106-index.htm",
    "finalLink": "https://www.sec.gov/Archives/edgar/data/1467858/000146785813000106/gm2013q2.htm"
  },
  {
    "date": "2013-03-31",
    "symbol": "GM",
    "reportedCurrency": "USD",
    "cik": "0001467858",
    "fillingDate": "2013-05-02",
    "acceptedDate": "2013-05-02 16:06:27",
    "calendarYear": "2013",
    "period": "Q1",
    "revenue": 36884000000,
    "costOfRevenue": 32973000000,
    "grossProfit": 3911000000,
    "grossProfitRatio": 0.1060351372,
    "researchAndDevelopmentExpenses": 0,
    "generalAndAdministrativeExpenses": 0,
    "sellingAndMarketingExpenses": 0,
    "sellingGeneralAndAdministrativeExpenses": 2939000000,
    "otherExpenses": 0,
    "operatingExpenses": 2952000000,
    "costAndExpenses": 35925000000,
    "interestIncome": 171000000,
    "interestExpense": 91000000,
    "depreciationAndAmortization": 171000000,
    "ebitda": 1685000000,
    "ebitdaratio": 0.0456837653,
    "operatingIncome": 959000000,
    "operatingIncomeRatio": 0.0260004338,
    "totalOtherIncomeExpensesNet": 80000000,
    "incomeBeforeTax": 1039000000,
    "incomeBeforeTaxRatio": 0.0281693959,
    "incomeTaxExpense": 409000000,
    "netIncome": 1175000000,
    "netIncomeRatio": 0.0318566316,
    "eps": 0.63,
    "epsdiluted": 0.58,
    "weightedAverageShsOut": 1372000000,
    "weightedAverageShsOutDil": 1507000000,
    "link": "https://www.sec.gov/Archives/edgar/data/1467858/000146785813000075/0001467858-13-000075-index.htm",
    "finalLink": "https://www.sec.gov/Archives/edgar/data/1467858/000146785813000075/gm2013q1.htm"
  },
  {
    "date": "2012-12-31",
    "symbol": "GM",
    "reportedCurrency": "USD",
    "cik": "0001467858",
    "fillingDate": "2013-02-15",
    "acceptedDate": "2013-02-15 11:28:33",
    "calendarYear": "2012",
    "period": "Q4",
    "revenue": 39307000000,
    "costOfRevenue": 42293000000,
    "grossProfit": -2986000000,
    "grossProfitRatio": -0.0759661129,
    "researchAndDevelopmentExpenses": 0,
    "generalAndAdministrativeExpenses": 0,
    "sellingAndMarketingExpenses": 0,
    "sellingGeneralAndAdministrativeExpenses": 4909000000,
    "otherExpenses": 26888000000,
    "operatingExpenses": 5347000000,
    "costAndExpenses": 47640000000,
    "interestIncome": 49000000,
    "interestExpense": 0,
    "depreciationAndAmortization": 26528000000,
    "ebitda": -34902000000,
    "ebitdaratio": -0.887933447,
    "operatingIncome": -34783000000,
    "operatingIncomeRatio": -0.8849059964,
    "totalOtherIncomeExpensesNet": -252000000,
    "incomeBeforeTax": -35035000000,
    "incomeBeforeTaxRatio": -0.8913170682,
    "incomeTaxExpense": -35645000000,
    "netIncome": 1194000000,
    "netIncomeRatio": 0.0303762689,
    "eps": 0.87,
    "epsdiluted": 0.87,
    "weightedAverageShsOut": 1372000000,
    "weightedAverageShsOutDil": 1372000000,
    "link": "https://www.sec.gov/Archives/edgar/data/1467858/000146785813000025/0001467858-13-000025-index.htm",
    "finalLink": "https://www.sec.gov/Archives/edgar/data/1467858/000146785813000025/gm201210k.htm"
  },
  {
    "date": "2012-09-30",
    "symbol": "GM",
    "reportedCurrency": "USD",
    "cik": "0001467858",
    "fillingDate": "2012-10-31",
    "acceptedDate": "2012-10-31 13:45:12",
    "calendarYear": "2012",
    "period": "Q3",
    "revenue": 37576000000,
    "costOfRevenue": 33046000000,
    "grossProfit": 4530000000,
    "grossProfitRatio": 0.1205556738,
    "researchAndDevelopmentExpenses": 0,
    "generalAndAdministrativeExpenses": 0,
    "sellingAndMarketingExpenses": 0,
    "sellingGeneralAndAdministrativeExpenses": 2849000000,
    "otherExpenses": 78000000,
    "operatingExpenses": 2849000000,
    "costAndExpenses": 35895000000,
    "interestIncome": 318000000,
    "interestExpense": 128000000,
    "depreciationAndAmortization": 396000000,
    "ebitda": 1921000000,
    "ebitdaratio": 0.0511230573,
    "operatingIncome": 1603000000,
    "operatingIncomeRatio": 0.0426602086,
    "totalOtherIncomeExpensesNet": 190000000,
    "incomeBeforeTax": 1793000000,
    "incomeBeforeTaxRatio": 0.0477166276,
    "incomeTaxExpense": -357000000,
    "netIncome": 1833000000,
    "netIncomeRatio": 0.0487811369,
    "eps": 0.94,
    "epsdiluted": 0.89,
    "weightedAverageShsOut": 1570000000,
    "weightedAverageShsOutDil": 1663000000,
    "link": "https://www.sec.gov/Archives/edgar/data/1467858/000146785812000060/0001467858-12-000060-index.htm",
    "finalLink": "https://www.sec.gov/Archives/edgar/data/1467858/000146785812000060/gm2012q3.htm"
  },
  {
    "date": "2012-06-30",
    "symbol": "GM",
    "reportedCurrency": "USD",
    "cik": "0001467858",
    "fillingDate": "2012-08-03",
    "acceptedDate": "2012-08-03 09:09:05",
    "calendarYear": "2012",
    "period": "Q2",
    "revenue": 37614000000,
    "costOfRevenue": 32946000000,
    "grossProfit": 4668000000,
    "grossProfitRatio": 0.1241027277,
    "researchAndDevelopmentExpenses": 0,
    "generalAndAdministrativeExpenses": 0,
    "sellingAndMarketingExpenses": 0,
    "sellingGeneralAndAdministrativeExpenses": 2847000000,
    "otherExpenses": 0,
    "operatingExpenses": 2847000000,
    "costAndExpenses": 35793000000,
    "interestIncome": 139000000,
    "interestExpense": 118000000,
    "depreciationAndAmortization": 139000000,
    "ebitda": 1960000000,
    "ebitdaratio": 0.0521082576,
    "operatingIncome": 1821000000,
    "operatingIncomeRatio": 0.048412825,
    "totalOtherIncomeExpensesNet": 21000000,
    "incomeBeforeTax": 1842000000,
    "incomeBeforeTaxRatio": 0.0489711278,
    "incomeTaxExpense": -241000000,
    "netIncome": 1846000000,
    "netIncomeRatio": 0.0490774712,
    "eps": 0.95,
    "epsdiluted": 0.9,
    "weightedAverageShsOut": 1569000000,
    "weightedAverageShsOutDil": 1671000000,
    "link": "https://www.sec.gov/Archives/edgar/data/1467858/000146785812000047/0001467858-12-000047-index.htm",
    "finalLink": "https://www.sec.gov/Archives/edgar/data/1467858/000146785812000047/gm2012q2.htm"
  },
  {
    "date": "2012-03-31",
    "symbol": "GM",
    "reportedCurrency": "USD",
    "cik": "0001467858",
    "fillingDate": "2012-05-03",
    "acceptedDate": "2012-05-03 12:19:35",
    "calendarYear": "2012",
    "period": "Q1",
    "revenue": 37759000000,
    "costOfRevenue": 33158000000,
    "grossProfit": 4601000000,
    "grossProfitRatio": 0.121851744,
    "researchAndDevelopmentExpenses": 0,
    "generalAndAdministrativeExpenses": 0,
    "sellingAndMarketingExpenses": 0,
    "sellingGeneralAndAdministrativeExpenses": 2988000000,
    "otherExpenses": 632000000,
    "operatingExpenses": 2988000000,
    "costAndExpenses": 36146000000,
    "interestIncome": 275000000,
    "interestExpense": 110000000,
    "depreciationAndAmortization": 892000000,
    "ebitda": 1253000000,
    "ebitdaratio": 0.0331841415,
    "operatingIncome": 996000000,
    "operatingIncomeRatio": 0.0263778172,
    "totalOtherIncomeExpensesNet": 147000000,
    "incomeBeforeTax": 1143000000,
    "incomeBeforeTaxRatio": 0.0302709288,
    "incomeTaxExpense": 216000000,
    "netIncome": 1315000000,
    "netIncomeRatio": 0.0348261342,
    "eps": 0.64,
    "epsdiluted": 0.6,
    "weightedAverageShsOut": 1572000000,
    "weightedAverageShsOutDil": 1692000000,
    "link": "https://www.sec.gov/Archives/edgar/data/1467858/000146785812000029/0001467858-12-000029-index.htm",
    "finalLink": "https://www.sec.gov/Archives/edgar/data/1467858/000146785812000029/gm2012q1.htm"
  },
  {
    "date": "2011-12-31",
    "symbol": "GM",
    "reportedCurrency": "USD",
    "cik": "0001467858",
    "fillingDate": "2012-02-27",
    "acceptedDate": "2012-02-27 13:41:16",
    "calendarYear": "2011",
    "period": "Q4",
    "revenue": 37990000000,
    "costOfRevenue": 33396000000,
    "grossProfit": 4594000000,
    "grossProfitRatio": 0.1209265596,
    "researchAndDevelopmentExpenses": 0,
    "generalAndAdministrativeExpenses": 0,
    "sellingAndMarketingExpenses": 0,
    "sellingGeneralAndAdministrativeExpenses": 3253000000,
    "otherExpenses": 891000000,
    "operatingExpenses": 3253000000,
    "costAndExpenses": 36649000000,
    "interestIncome": -213000000,
    "interestExpense": 135000000,
    "depreciationAndAmortization": 678000000,
    "ebitda": 1128000000,
    "ebitdaratio": 0.0296920242,
    "operatingIncome": 450000000,
    "operatingIncomeRatio": 0.0118452224,
    "totalOtherIncomeExpensesNet": -285000000,
    "incomeBeforeTax": 165000000,
    "incomeBeforeTaxRatio": 0.0043432482,
    "incomeTaxExpense": -73000000,
    "netIncome": 725000000,
    "netIncomeRatio": 0.0190839695,
    "eps": 0.46,
    "epsdiluted": 0.46,
    "weightedAverageShsOut": 1572000000,
    "weightedAverageShsOutDil": 1572000000,
    "link": "https://www.sec.gov/Archives/edgar/data/1467858/000146785812000014/0001467858-12-000014-index.htm",
    "finalLink": "https://www.sec.gov/Archives/edgar/data/1467858/000146785812000014/gm201110k.htm"
  },
  {
    "date": "2011-09-30",
    "symbol": "GM",
    "reportedCurrency": "USD",
    "cik": "0001467858",
    "fillingDate": "2011-11-09",
    "acceptedDate": "2011-11-09 08:54:48",
    "calendarYear": "2011",
    "period": "Q3",
    "revenue": 36719000000,
    "costOfRevenue": 31946000000,
    "grossProfit": 4773000000,
    "grossProfitRatio": 0.1299872001,
    "researchAndDevelopmentExpenses": 0,
    "generalAndAdministrativeExpenses": 0,
    "sellingAndMarketingExpenses": 0,
    "sellingGeneralAndAdministrativeExpenses": 2967000000,
    "otherExpenses": 0,
    "operatingExpenses": 2967000000,
    "costAndExpenses": 34913000000,
    "interestIncome": 152000000,
    "interestExpense": 101000000,
    "depreciationAndAmortization": 152000000,
    "ebitda": 1923000000,
    "ebitdaratio": 0.0523707073,
    "operatingIncome": 1806000000,
    "operatingIncomeRatio": 0.049184346,
    "totalOtherIncomeExpensesNet": 16000000,
    "incomeBeforeTax": 1822000000,
    "incomeBeforeTaxRatio": 0.0496200877,
    "incomeTaxExpense": 107000000,
    "netIncome": 2107000000,
    "netIncomeRatio": 0.057381737,
    "eps": 1.1,
    "epsdiluted": 1.03,
    "weightedAverageShsOut": 1562000000,
    "weightedAverageShsOutDil": 1682000000,
    "link": "https://www.sec.gov/Archives/edgar/data/1467858/000119312511303419/0001193125-11-303419-index.htm",
    "finalLink": "https://www.sec.gov/Archives/edgar/data/1467858/000119312511303419/d235880d10q.htm"
  },
  {
    "date": "2011-06-30",
    "symbol": "GM",
    "reportedCurrency": "USD",
    "cik": "0001467858",
    "fillingDate": "2011-08-05",
    "acceptedDate": "2011-08-05 10:56:26",
    "calendarYear": "2011",
    "period": "Q2",
    "revenue": 39373000000,
    "costOfRevenue": 33979000000,
    "grossProfit": 5394000000,
    "grossProfitRatio": 0.1369974348,
    "researchAndDevelopmentExpenses": 0,
    "generalAndAdministrativeExpenses": 0,
    "sellingAndMarketingExpenses": 0,
    "sellingGeneralAndAdministrativeExpenses": 2943000000,
    "otherExpenses": 0,
    "operatingExpenses": 2943000000,
    "costAndExpenses": 36922000000,
    "interestIncome": 308000000,
    "interestExpense": 155000000,
    "depreciationAndAmortization": 308000000,
    "ebitda": 2749000000,
    "ebitdaratio": 0.0698194194,
    "operatingIncome": 2451000000,
    "operatingIncomeRatio": 0.062250781,
    "totalOtherIncomeExpensesNet": 143000000,
    "incomeBeforeTax": 2594000000,
    "incomeBeforeTaxRatio": 0.0658827115,
    "incomeTaxExpense": -61000000,
    "netIncome": 2992000000,
    "netIncomeRatio": 0.0759911615,
    "eps": 1.68,
    "epsdiluted": 1.54,
    "weightedAverageShsOut": 1505000000,
    "weightedAverageShsOutDil": 1654000000,
    "link": "https://www.sec.gov/Archives/edgar/data/1467858/000119312511211642/0001193125-11-211642-index.htm",
    "finalLink": "https://www.sec.gov/Archives/edgar/data/1467858/000119312511211642/d10q.htm"
  },
  {
    "date": "2011-03-31",
    "symbol": "GM",
    "reportedCurrency": "USD",
    "cik": "0001467858",
    "fillingDate": "2011-05-06",
    "acceptedDate": "2011-05-06 14:39:06",
    "calendarYear": "2011",
    "period": "Q1",
    "revenue": 36194000000,
    "costOfRevenue": 31850000000,
    "grossProfit": 4344000000,
    "grossProfitRatio": 0.1200198928,
    "researchAndDevelopmentExpenses": 0,
    "generalAndAdministrativeExpenses": 0,
    "sellingAndMarketingExpenses": 0,
    "sellingGeneralAndAdministrativeExpenses": 3000000000,
    "otherExpenses": 395000000,
    "operatingExpenses": 3000000000,
    "costAndExpenses": 34850000000,
    "interestIncome": 604000000,
    "interestExpense": 149000000,
    "depreciationAndAmortization": 999000000,
    "ebitda": 1553000000,
    "ebitdaratio": 0.0429076643,
    "operatingIncome": 949000000,
    "operatingIncomeRatio": 0.0262198154,
    "totalOtherIncomeExpensesNet": 455000000,
    "incomeBeforeTax": 1404000000,
    "incomeBeforeTaxRatio": 0.0387909598,
    "incomeTaxExpense": 137000000,
    "netIncome": 3366000000,
    "netIncomeRatio": 0.0929988396,
    "eps": 2.09,
    "epsdiluted": 1.77,
    "weightedAverageShsOut": 1504000000,
    "weightedAverageShsOutDil": 1817000000,
    "link": "https://www.sec.gov/Archives/edgar/data/1467858/000119312511130473/0001193125-11-130473-index.htm",
    "finalLink": "https://www.sec.gov/Archives/edgar/data/1467858/000119312511130473/d10q.htm"
  },
  {
    "date": "2010-12-31",
    "symbol": "GM",
    "reportedCurrency": "USD",
    "cik": "0001467858",
    "fillingDate": "2011-03-01",
    "acceptedDate": "2011-03-01 11:56:53",
    "calendarYear": "2010",
    "period": "Q4",
    "revenue": 36882000000,
    "costOfRevenue": 32974000000,
    "grossProfit": 3908000000,
    "grossProfitRatio": 0.1059595467,
    "researchAndDevelopmentExpenses": 0,
    "generalAndAdministrativeExpenses": 0,
    "sellingAndMarketingExpenses": 0,
    "sellingGeneralAndAdministrativeExpenses": 3699000000,
    "otherExpenses": -115000000,
    "operatingExpenses": 3584000000,
    "costAndExpenses": 36558000000,
    "interestIncome": 753000000,
    "interestExpense": 248000000,
    "depreciationAndAmortization": 950000000,
    "ebitda": 1274000000,
    "ebitdaratio": 0.0345425953,
    "operatingIncome": 324000000,
    "operatingIncomeRatio": 0.0087847731,
    "totalOtherIncomeExpensesNet": 702000000,
    "incomeBeforeTax": 1026000000,
    "incomeBeforeTaxRatio": 0.027818448,
    "incomeTaxExpense": -173000000,
    "netIncome": 1406000000,
    "netIncomeRatio": 0.0381215769,
    "eps": 0.93,
    "epsdiluted": 0.93,
    "weightedAverageShsOut": 1500136998,
    "weightedAverageShsOutDil": 1504000000,
    "link": "https://www.sec.gov/Archives/edgar/data/1467858/000119312511051462/0001193125-11-051462-index.htm",
    "finalLink": "https://www.sec.gov/Archives/edgar/data/1467858/000119312511051462/d10k.htm"
  },
  {
    "date": "2010-09-30",
    "symbol": "GM",
    "reportedCurrency": "USD",
    "cik": "0001467858",
    "fillingDate": "2010-11-10",
    "acceptedDate": "2010-11-10 08:11:38",
    "calendarYear": "2010",
    "period": "Q3",
    "revenue": 34060000000,
    "costOfRevenue": 29587000000,
    "grossProfit": 4473000000,
    "grossProfitRatio": 0.1313270699,
    "researchAndDevelopmentExpenses": 0,
    "generalAndAdministrativeExpenses": 0,
    "sellingAndMarketingExpenses": 0,
    "sellingGeneralAndAdministrativeExpenses": 2740000000,
    "otherExpenses": 0,
    "operatingExpenses": 2740000000,
    "costAndExpenses": 32327000000,
    "interestIncome": 377000000,
    "interestExpense": 263000000,
    "depreciationAndAmortization": 377000000,
    "ebitda": 2110000000,
    "ebitdaratio": 0.0619495009,
    "operatingIncome": 1733000000,
    "operatingIncomeRatio": 0.0508807986,
    "totalOtherIncomeExpensesNet": 114000000,
    "incomeBeforeTax": 1847000000,
    "incomeBeforeTaxRatio": 0.0542278332,
    "incomeTaxExpense": -25000000,
    "netIncome": 2162000000,
    "netIncomeRatio": 0.0634762184,
    "eps": 1.31,
    "epsdiluted": 1.31,
    "weightedAverageShsOut": 1500000000,
    "weightedAverageShsOutDil": 1500000000,
    "link": "https://www.sec.gov/Archives/edgar/data/1467858/000119312510255233/0001193125-10-255233-index.htm",
    "finalLink": "https://www.sec.gov/Archives/edgar/data/1467858/000119312510255233/d10q.htm"
  },
  {
    "date": "2010-06-30",
    "symbol": "GM",
    "reportedCurrency": "USD",
    "cik": "0001467858",
    "fillingDate": "2010-08-16",
    "acceptedDate": "2010-08-16 14:09:50",
    "calendarYear": "2010",
    "period": "Q2",
    "revenue": 33174000000,
    "costOfRevenue": 28609000000,
    "grossProfit": 4565000000,
    "grossProfitRatio": 0.1376077651,
    "researchAndDevelopmentExpenses": 0,
    "generalAndAdministrativeExpenses": 0,
    "sellingAndMarketingExpenses": 0,
    "sellingGeneralAndAdministrativeExpenses": 2662000000,
    "otherExpenses": 0,
    "operatingExpenses": 2662000000,
    "costAndExpenses": 31271000000,
    "interestIncome": 0,
    "interestExpense": 250000000,
    "depreciationAndAmortization": 0,
    "ebitda": 1903000000,
    "ebitdaratio": 0.0573642009,
    "operatingIncome": 1903000000,
    "operatingIncomeRatio": 0.0573642009,
    "totalOtherIncomeExpensesNet": -341000000,
    "incomeBeforeTax": 1562000000,
    "incomeBeforeTaxRatio": 0.0470850666,
    "incomeTaxExpense": 361000000,
    "netIncome": 1536000000,
    "netIncomeRatio": 0.0463013203,
    "eps": 2.67,
    "epsdiluted": 2.56,
    "weightedAverageShsOut": 500000000,
    "weightedAverageShsOutDil": 522000000,
    "link": "https://www.sec.gov/Archives/edgar/data/1467858/000119312510189968/0001193125-10-189968-index.htm",
    "finalLink": "https://www.sec.gov/Archives/edgar/data/1467858/000119312510189968/d10q.htm"
  },
  {
    "date": "2010-03-31",
    "symbol": "GM",
    "reportedCurrency": "USD",
    "cik": "0001467858",
    "fillingDate": "2010-05-17",
    "acceptedDate": "2010-05-17 08:47:51",
    "calendarYear": "2010",
    "period": "Q1",
    "revenue": 31476000000,
    "costOfRevenue": 27591000000,
    "grossProfit": 3885000000,
    "grossProfitRatio": 0.1234273732,
    "researchAndDevelopmentExpenses": 0,
    "generalAndAdministrativeExpenses": 0,
    "sellingAndMarketingExpenses": 0,
    "sellingGeneralAndAdministrativeExpenses": 2684000000,
    "otherExpenses": 0,
    "operatingExpenses": 2684000000,
    "costAndExpenses": 30275000000,
    "interestIncome": 485000000,
    "interestExpense": 337000000,
    "depreciationAndAmortization": 531000000,
    "ebitda": 1639000000,
    "ebitdaratio": 0.0520714195,
    "operatingIncome": 1155000000,
    "operatingIncomeRatio": 0.0366946245,
    "totalOtherIncomeExpensesNet": 109000000,
    "incomeBeforeTax": 1302000000,
    "incomeBeforeTaxRatio": 0.0413648494,
    "incomeTaxExpense": 509000000,
    "netIncome": 1068000000,
    "netIncomeRatio": 0.0339306138,
    "eps": 0.56,
    "epsdiluted": 0.55,
    "weightedAverageShsOut": 1548000000,
    "weightedAverageShsOutDil": 1581000000,
    "link": "https://www.sec.gov/Archives/edgar/data/1467858/000119312510121463/0001193125-10-121463-index.htm",
    "finalLink": "https://www.sec.gov/Archives/edgar/data/1467858/000119312510121463/d10q.htm"
  },
  {
    "date": "2009-12-31",
    "symbol": "GM",
    "reportedCurrency": "USD",
    "cik": "0001467858",
    "fillingDate": "2010-04-07",
    "acceptedDate": "2010-04-07 11:23:48",
    "calendarYear": "2009",
    "period": "Q4",
    "revenue": 32327000000,
    "costOfRevenue": 32827000000,
    "grossProfit": -500000000,
    "grossProfitRatio": -0.0154669471,
    "researchAndDevelopmentExpenses": 0,
    "generalAndAdministrativeExpenses": 0,
    "sellingAndMarketingExpenses": 0,
    "sellingGeneralAndAdministrativeExpenses": 3370000000,
    "otherExpenses": 55000000,
    "operatingExpenses": 3337000000,
    "costAndExpenses": 36164000000,
    "interestIncome": -14000000,
    "interestExpense": 329000000,
    "depreciationAndAmortization": 74000000,
    "ebitda": -4040000000,
    "ebitdaratio": -0.1249729328,
    "operatingIncome": -3925000000,
    "operatingIncomeRatio": -0.121415535,
    "totalOtherIncomeExpensesNet": -444000000,
    "incomeBeforeTax": -4369000000,
    "incomeBeforeTaxRatio": -0.1351501841,
    "incomeTaxExpense": -861000000,
    "netIncome": -3439000000,
    "netIncomeRatio": -0.1063816624,
    "eps": -6.88,
    "epsdiluted": -6.88,
    "weightedAverageShsOut": 500000000,
    "weightedAverageShsOutDil": 500000000,
    "link": "https://www.sec.gov/Archives/edgar/data/1467858/000119312510078119/0001193125-10-078119-index.htm",
    "finalLink": "https://www.sec.gov/Archives/edgar/data/1467858/000119312510078119/d10k.htm"
  },
  {
    "date": "2009-09-30",
    "symbol": "GM",
    "reportedCurrency": "USD",
    "cik": "0001467858",
    "fillingDate": "2010-04-07",
    "acceptedDate": "2010-04-07 11:27:54",
    "calendarYear": "2009",
    "period": "Q3",
    "revenue": 26784000000,
    "costOfRevenue": 25373000000,
    "grossProfit": 1411000000,
    "grossProfitRatio": 0.0526807049,
    "researchAndDevelopmentExpenses": 0,
    "generalAndAdministrativeExpenses": 0,
    "sellingAndMarketingExpenses": 0,
    "sellingGeneralAndAdministrativeExpenses": 3364000000,
    "otherExpenses": 41000000,
    "operatingExpenses": 3405000000,
    "costAndExpenses": 28778000000,
    "interestIncome": 473000000,
    "interestExpense": 1188000000,
    "depreciationAndAmortization": 473000000,
    "ebitda": 78000000,
    "ebitdaratio": 0.0029121864,
    "operatingIncome": -1994000000,
    "operatingIncomeRatio": -0.0744474313,
    "totalOtherIncomeExpensesNet": 128597000000,
    "incomeBeforeTax": 126603000000,
    "incomeBeforeTaxRatio": 4.7268145161,
    "incomeTaxExpense": -746000000,
    "netIncome": 127140000000,
    "netIncomeRatio": 4.7468637993,
    "eps": 254.28,
    "epsdiluted": 254.28,
    "weightedAverageShsOut": 500000000,
    "weightedAverageShsOutDil": 500000000,
    "link": "https://www.sec.gov/Archives/edgar/data/1467858/000119312510078123/0001193125-10-078123-index.htm",
    "finalLink": "https://www.sec.gov/Archives/edgar/data/1467858/000119312510078123/d10q.htm"
  },
  {
    "date": "2009-06-30",
    "symbol": "GM",
    "reportedCurrency": "USD",
    "cik": "0001467858",
    "fillingDate": "2009-06-30",
    "acceptedDate": "2009-06-29 20:00:00",
    "calendarYear": "2009",
    "period": "Q2",
    "revenue": 23047000000,
    "costOfRevenue": 29384000000,
    "grossProfit": -6337000000,
    "grossProfitRatio": -0.2749598646,
    "researchAndDevelopmentExpenses": 0,
    "generalAndAdministrativeExpenses": 0,
    "sellingAndMarketingExpenses": 0,
    "sellingGeneralAndAdministrativeExpenses": 2936000000,
    "otherExpenses": 169000000,
    "operatingExpenses": 4090000000,
    "costAndExpenses": 33474000000,
    "interestIncome": 408000000,
    "interestExpense": 3375000000,
    "depreciationAndAmortization": 1303000000,
    "ebitda": -8139000000,
    "ebitdaratio": -0.3531479151,
    "operatingIncome": -9442000000,
    "operatingIncomeRatio": -0.4096845576,
    "totalOtherIncomeExpensesNet": -4238000000,
    "incomeBeforeTax": -13680000000,
    "incomeBeforeTaxRatio": -0.593569662,
    "incomeTaxExpense": -445000000,
    "netIncome": -12905000000,
    "netIncomeRatio": -0.5599427257,
    "eps": -21.12,
    "epsdiluted": -21.12,
    "weightedAverageShsOut": 611000000,
    "weightedAverageShsOutDil": 611000000,
    "link": "",
    "finalLink": ""
  },
  {
    "date": "2009-03-31",
    "symbol": "GM",
    "reportedCurrency": "USD",
    "cik": "0001467858",
    "fillingDate": "2009-03-31",
    "acceptedDate": "2009-03-30 20:00:00",
    "calendarYear": "2009",
    "period": "Q1",
    "revenue": 22431000000,
    "costOfRevenue": 24611000000,
    "grossProfit": -2180000000,
    "grossProfitRatio": -0.0971869288,
    "researchAndDevelopmentExpenses": 0,
    "generalAndAdministrativeExpenses": 0,
    "sellingAndMarketingExpenses": 0,
    "sellingGeneralAndAdministrativeExpenses": 2497000000,
    "otherExpenses": 985000000,
    "operatingExpenses": 2497000000,
    "costAndExpenses": 27108000000,
    "interestIncome": 425000000,
    "interestExpense": 1230000000,
    "depreciationAndAmortization": 910000000,
    "ebitda": -4752000000,
    "ebitdaratio": -0.2118496723,
    "operatingIncome": -5662000000,
    "operatingIncomeRatio": -0.2524185279,
    "totalOtherIncomeExpensesNet": -399000000,
    "incomeBeforeTax": -6061000000,
    "incomeBeforeTaxRatio": -0.2702064108,
    "incomeTaxExpense": -114000000,
    "netIncome": -5975000000,
    "netIncomeRatio": -0.266372431,
    "eps": -9.78,
    "epsdiluted": -9.78,
    "weightedAverageShsOut": 611000000,
    "weightedAverageShsOutDil": 611000000,
    "link": "",
    "finalLink": ""
  }
]