[
  {
    "date": "2024-12-31",
    "symbol": "GM",
    "reportedCurrency": "USD",
    "cik": "0001467858",
    "fillingDate": "2025-01-28",
    "acceptedDate": "2025-01-28 15:40:05",
    "calendarYear": "2024",
    "period": "FY",
    "revenue": 187442000000,
    "costOfRevenue": 164037000000,
    "grossProfit": 23149000000,
    "grossProfitRatio": 0.1234995359,
    "researchAndDevelopmentExpenses": 9200000000,
    "generalAndAdministrativeExpenses": 7130000000,
    "sellingAndMarketingExpenses": 3300000000,
    "sellingGeneralAndAdministrativeExpenses": 10430000000,
    "otherExpenses": -9265000000,
    "operatingExpenses": 10365000000,
    "costAndExpenses": 174658000000,
    "interestIncome": 967000000,
    "interestExpense": 846000000,
    "depreciationAndAmortization": 12389000000,
    "ebitda": 21754000000,
    "ebitdaratio": 0.1160572337,
    "operatingIncome": 12784000000,
    "operatingIncomeRatio": 0.0682024306,
    "totalOtherIncomeExpensesNet": -4265000000,
    "incomeBeforeTax": 8519000000,
    "incomeBeforeTaxRatio": 0.0454487255,
    "incomeTaxExpense": 2556000000,
    "netIncome": 6008000000,
    "netIncomeRatio": 0.0320525816,
    "eps": 6.45,
    "epsdiluted": 6.37,
    "weightedAverageShsOut": 1115000000,
    "weightedAverageShsOutDil": 1129000000,
    "link": "https://www.sec.gov/Archives/edgar/data/1467858/000146785825000032/0001467858-25-000032-index.htm",
    "finalLink": "https://www.sec.gov/Archives/edgar/data/1467858/000146785825000032/gm-20241231.htm"
  },
  {
    "date": "2023-12-31",
    "symbol": "GM",
    "reportedCurrency": "USD",
    "cik": "0001467858",
    "fillingDate": "2024-01-30",
    "acceptedDate": "2024-01-30 15:40:20",
    "calendarYear": "2023",
    "period": "FY",
    "revenue": 171842000000,
    "costOfRevenue": 152704000000,
    "grossProfit": 19138000000,
    "grossProfitRatio": 0.1113697466,
    "researchAndDevelopmentExpenses": 0,
    "generalAndAdministrativeExpenses": 0,
    "sellingAndMarketingExpenses": 0,
    "sellingGeneralAndAdministrativeExpenses": 9840000000,
    "otherExpenses": 0,
    "operatingExpenses": 9840000000,
    "costAndExpenses": 162544000000,
    "interestIncome": 1109000000,
    "interestExpense": 911000000,
    "depreciationAndAmortization": 11737000000,
    "ebitda": 23051000000,
    "ebitdaratio": 0.1341406641,
    "operatingIncome": 9298000000,
    "operatingIncomeRatio": 0.0541078433,
    "totalOtherIncomeExpensesNet": 1105000000,
    "incomeBeforeTax": 10403000000,
    "incomeBeforeTaxRatio": 0.0605381688,
    "incomeTaxExpense": 563000000,
    "netIncome": 10127000000,
    "netIncomeRatio": 0.0589320422,
    "eps": 7.35,
    "epsdiluted": 7.32,
    "weightedAverageShsOut": 1364000000,
    "weightedAverageShsOutDil": 1369000000,
    "link": "https://www.sec.gov/Archives/edgar/data/1467858/000146785824000031/0001467858-24-000031-index.htm",
    "finalLink": "https://www.sec.gov/Archives/edgar/data/1467858/000146785824000031/gm-20231231.htm"
  },
  {
    "date": "2022-12-31",
    "symbol": "GM",
    "reportedCurrency": "USD",
    "cik": "0001467858",
    "fillingDate": "2023-01-31",
    "acceptedDate": "2023-01-31 15:50:27",
    "calendarYear": "2022",
    "period": "FY",
    "revenue": 156735000000,
    "costOfRevenue": 135754000000,
    "grossProfit": 20981000000,
    "grossProfitRatio": 0.1338628896,
    "researchAndDevelopmentExpenses": 0,
    "generalAndAdministrativeExpenses": 0,
    "sellingAndMarketingExpenses": 0,
    "sellingGeneralAndAdministrativeExpenses": 10667000000,
    "otherExpenses": -1000000,
    "operatingExpenses": 10667000000,
    "costAndExpenses": 146421000000,
    "interestIncome": 460000000,
    "interestExpense": 987000000,
    "depreciationAndAmortization": 11276000000,
    "ebitda": 23860000000,
    "ebitdaratio": 0.1522314735,
    "operatingIncome": 10315000000,
    "operatingIncomeRatio": 0.0658117204,
    "totalOtherIncomeExpensesNet": 1282000000,
    "incomeBeforeTax": 11597000000,
    "incomeBeforeTaxRatio": 0.0739911315,
    "incomeTaxExpense": 1888000000,
    "netIncome": 9934000000,
    "netIncomeRatio": 0.0633808658,
    "eps": 6.17,
    "epsdiluted": 6.13,
    "weightedAverageShsOut": 1445000000,
    "weightedAverageShsOutDil": 1454000000,
    "link": "https://www.sec.gov/Archives/edgar/data/1467858/000146785823000029/0001467858-23-000029-index.htm",
    "finalLink": "https://www.sec.gov/Archives/edgar/data/1467858/000146785823000029/gm-20221231.htm"
  },
  {
    "date": "2021-12-31",
    "symbol": "GM",
    "reportedCurrency": "USD",
    "cik": "0001467858",
    "fillingDate": "2022-02-02",
    "acceptedDate": "2022-02-02 06:10:21",
    "calendarYear": "2021",
    "period": "FY",
    "revenue": 127004000000,
    "costOfRevenue": 109126000000,
    "grossProfit": 17878000000,
    "grossProfitRatio": 0.1407672199,
    "researchAndDevelopmentExpenses": 0,
    "generalAndAdministrativeExpenses": 0,
    "sellingAndMarketingExpenses": 0,
    "sellingGeneralAndAdministrativeExpenses": 8554000000,
    "otherExpenses": 0,
    "operatingExpenses": 8554000000,
    "costAndExpenses": 117680000000,
    "interestIncome": 146000000,
    "interestExpense": 950000000,
    "depreciationAndAmortization": 12047000000,
    "ebitda": 25713000000,
    "ebitdaratio": 0.2024581903,
    "operatingIncome": 9324000000,
    "operatingIncomeRatio": 0.0734150106,
    "totalOtherIncomeExpensesNet": 3392000000,
    "incomeBeforeTax": 12716000000,
    "incomeBeforeTaxRatio": 0.1001228308,
    "incomeTaxExpense": 2771000000,
    "netIncome": 10019000000,
    "netIncomeRatio": 0.0788872791,
    "eps": 6.78,
    "epsdiluted": 6.7,
    "weightedAverageShsOut": 1451000000,
    "weightedAverageShsOutDil": 1468000000,
    "link": "https://www.sec.gov/Archives/edgar/data/1467858/000146785822000034/0001467858-22-000034-index.htm",
    "finalLink": "https://www.sec.gov/Archives/edgar/data/1467858/000146785822000034/gm-20211231.htm"
  },
  {
    "date": "2020-12-31",
    "symbol": "GM",
    "reportedCurrency": "USD",
    "cik": "0001467858",
    "fillingDate": "2021-02-10",
    "acceptedDate": "2021-02-10 15:48:19",
    "calendarYear": "2020",
    "period": "FY",
    "revenue": 122485000000,
    "costOfRevenue": 108813000000,
    "grossProfit": 13672000000,
    "grossProfitRatio": 0.1116218312,
    "researchAndDevelopmentExpenses": 0,
    "generalAndAdministrativeExpenses": 0,
    "sellingAndMarketingExpenses": 0,
    "sellingGeneralAndAdministrativeExpenses": 7038000000,
    "otherExpenses": 0,
    "operatingExpenses": 7038000000,
    "costAndExpenses": 115851000000,
    "interestIncome": 241000000,
    "interestExpense": 1098000000,
    "depreciationAndAmortization": 12676000000,
    "ebitda": 21869000000,
    "ebitdaratio": 0.1785443115,
    "operatingIncome": 6634000000,
    "operatingIncomeRatio": 0.0541617341,
    "totalOtherIncomeExpensesNet": 1461000000,
    "incomeBeforeTax": 8095000000,
    "incomeBeforeTaxRatio": 0.0660897253,
    "incomeTaxExpense": 1774000000,
    "netIncome": 6427000000,
    "netIncomeRatio": 0.0524717312,
    "eps": 4.36,
    "epsdiluted": 4.33,
    "weightedAverageShsOut": 1433000000,
    "weightedAverageShsOutDil": 1442000000,
    "link": "https://www.sec.gov/Archives/edgar/data/1467858/000146785821000037/0001467858-21-000037-index.htm",
    "finalLink": "https://www.sec.gov/Archives/edgar/data/1467858/000146785821000037/gm-20201231.htm"
  },
  {
    "date": "2019-12-31",
    "symbol": "GM",
    "reportedCurrency": "USD",
    "cik": "0001467858",
    "fillingDate": "2020-02-05",
    "acceptedDate": "2020-02-05 16:02:53",
    "calendarYear": "2019",
    "period": "FY",
    "revenue": 137237000000,
    "costOfRevenue": 123265000000,
    "grossProfit": 13972000000,
    "grossProfitRatio": 0.1018092788,
    "researchAndDevelopmentExpenses": 0,
    "generalAndAdministrativeExpenses": 0,
    "sellingAndMarketingExpenses": 0,
    "sellingGeneralAndAdministrativeExpenses": 8491000000,
    "otherExpenses": 0,
    "operatingExpenses": 8491000000,
    "costAndExpenses": 131756000000,
    "interestIncome": 429000000,
    "interestExpense": 782000000,
    "depreciationAndAmortization": 14060000000,
    "ebitda": 22278000000,
    "ebitdaratio": 0.1623323156,
    "operatingIncome": 5481000000,
    "operatingIncomeRatio": 0.0399382091,
    "totalOtherIncomeExpensesNet": 1955000000,
    "incomeBeforeTax": 7436000000,
    "incomeBeforeTaxRatio": 0.0541836385,
    "incomeTaxExpense": 769000000,
    "netIncome": 6732000000,
    "netIncomeRatio": 0.0490538266,
    "eps": 4.62,
    "epsdiluted": 4.57,
    "weightedAverageShsOut": 1424000000,
    "weightedAverageShsOutDil": 1439000000,
    "link": "https://www.sec.gov/Archives/edgar/data/1467858/000146785820000028/0001467858-20-000028-index.htm",
    "finalLink": "https://www.sec.gov/Archives/edgar/data/1467858/000146785820000028/gm201910k.htm"
  },
  {
    "date": "2018-12-31",
    "symbol": "GM",
    "reportedCurrency": "USD",
    "cik": "0001467858",
    "fillingDate": "2019-02-06",
    "acceptedDate": "2019-02-06 16:46:41",
    "calendarYear": "2018",
    "period": "FY",
    "revenue": 147049000000,
    "costOfRevenue": 132954000000,
    "grossProfit": 14095000000,
    "grossProfitRatio": 0.0958524029,
    "researchAndDevelopmentExpenses": 0,
    "generalAndAdministrativeExpenses": 0,
    "sellingAndMarketingExpenses": 0,
    "sellingGeneralAndAdministrativeExpenses": 7985000000,
    "otherExpenses": 0,
    "operatingExpenses": 9650000000,
    "costAndExpenses": 142604000000,
    "interestIncome": 335000000,
    "interestExpense": 655000000,
    "depreciationAndAmortization": 13142000000,
    "ebitda": 22346000000,
    "ebitdaratio": 0.1519629511,
    "operatingIncome": 4445000000,
    "operatingIncomeRatio": 0.0302280192,
    "totalOtherIncomeExpensesNet": 4104000000,
    "incomeBeforeTax": 8549000000,
    "incomeBeforeTaxRatio": 0.0581370836,
    "incomeTaxExpense": 474000000,
    "netIncome": 8014000000,
    "netIncomeRatio": 0.0544988405,
    "eps": 5.68,
    "epsdiluted": 5.6,
    "weightedAverageShsOut": 1411000000,
    "weightedAverageShsOutDil": 1431000000,
    "link": "https://www.sec.gov/Archives/edgar/data/1467858/000146785819000033/0001467858-19-000033-index.htm",
    "finalLink": "https://www.sec.gov/Archives/edgar/data/1467858/000146785819000033/gm201810k.htm"
  },
  {
    "date": "2017-12-31",
    "symbol": "GM",
    "reportedCurrency": "USD",
    "cik": "0001467858",
    "fillingDate": "2018-02-06",
    "acceptedDate": "2018-02-06 12:34:06",
    "calendarYear": "2017",
    "period": "FY",
    "revenue": 145588000000,
    "costOfRevenue": 125997000000,
    "grossProfit": 19591000000,
    "grossProfitRatio": 0.1345646619,
    "researchAndDevelopmentExpenses": 0,
    "generalAndAdministrativeExpenses": 0,
    "sellingAndMarketingExpenses": 0,
    "sellingGeneralAndAdministrativeExpenses": 8254000000,
    "otherExpenses": 0,
    "operatingExpenses": 9575000000,
    "costAndExpenses": 135572000000,
    "interestIncome": 266000000,
    "interestExpense": 575000000,
    "depreciationAndAmortization": 11967000000,
    "ebitda": 24405000000,
    "ebitdaratio": 0.1676305739,
    "operatingIncome": 10016000000,
    "operatingIncomeRatio": 0.0687968789,
    "totalOtherIncomeExpensesNet": 3202000000,
    "incomeBeforeTax": 11863000000,
    "incomeBeforeTaxRatio": 0.081483364,
    "incomeTaxExpense": 11533000000,
    "netIncome": -3864000000,
    "netIncomeRatio": -0.026540649,
    "eps": -2.64,
    "epsdiluted": -2.59,
    "weightedAverageShsOut": 1465000000,
    "weightedAverageShsOutDil": 1492000000,
    "link": "https://www.sec.gov/Archives/edgar/data/1467858/000146785818000022/0001467858-18-000022-index.htm",
    "finalLink": "https://www.sec.gov/Archives/edgar/data/1467858/000146785818000022/gm201710k.htm"
  },
  {
    "date": "2016-12-31",
    "symbol": "GM",
    "reportedCurrency": "USD",
    "cik": "0001467858",
    "fillingDate": "2017-02-07",
    "acceptedDate": "2017-02-07 11:42:59",
    "calendarYear": "2016",
    "period": "FY",
    "revenue": 166380000000,
    "costOfRevenue": 145125000000,
    "grossProfit": 21255000000,
    "grossProfitRatio": 0.1277497295,
    "researchAndDevelopmentExpenses": 0,
    "generalAndAdministrativeExpenses": 0,
    "sellingAndMarketingExpenses": 0,
    "sellingGeneralAndAdministrativeExpenses": 8783000000,
    "otherExpenses": 0,
    "operatingExpenses": 11710000000,
    "costAndExpenses": 156835000000,
    "interestIncome": 182000000,
    "interestExpense": 563000000,
    "depreciationAndAmortization": 9686000000,
    "ebitda": 22257000000,
    "ebitdaratio": 0.133772088,
    "operatingIncome": 9545000000,
    "operatingIncomeRatio": 0.0573686741,
    "totalOtherIncomeExpensesNet": 3322000000,
    "incomeBeforeTax": 11684000000,
    "incomeBeforeTaxRatio": 0.0702247866,
    "incomeTaxExpense": 2416000000,
    "netIncome": 9427000000,
    "netIncomeRatio": 0.0566594543,
    "eps": 6.12,
    "epsdiluted": 6,
    "weightedAverageShsOut": 1540000000,
    "weightedAverageShsOutDil": 1570000000,
    "link": "https://www.sec.gov/Archives/edgar/data/1467858/000146785817000028/0001467858-17-000028-index.htm",
    "finalLink": "https://www.sec.gov/Archives/edgar/data/1467858/000146785817000028/gm201610k.htm"
  },
  {
    "date": "2015-12-31",
    "symbol": "GM",
    "reportedCurrency": "USD",
    "cik": "0001467858",
    "fillingDate": "2016-02-03",
    "acceptedDate": "2016-02-03 13:20:41",
    "calendarYear": "2015",
    "period": "FY",
    "revenue": 152356000000,
    "costOfRevenue": 134054000000,
    "grossProfit": 18302000000,
    "grossProfitRatio": 0.1201265457,
    "researchAndDevelopmentExpenses": 0,
    "generalAndAdministrativeExpenses": 0,
    "sellingAndMarketingExpenses": 0,
    "sellingGeneralAndAdministrativeExpenses": 10288000000,
    "otherExpenses": 0,
    "operatingExpenses": 13405000000,
    "costAndExpenses": 147459000000,
    "interestIncome": 614000000,
    "interestExpense": 423000000,
    "depreciationAndAmortization": 8017000000,
    "ebitda": 15425000000,
    "ebitdaratio": 0.1012431411,
    "operatingIncome": 4897000000,
    "operatingIncomeRatio": 0.0321418257,
    "totalOtherIncomeExpensesNet": 2821000000,
    "incomeBeforeTax": 7718000000,
    "incomeBeforeTaxRatio": 0.0506576702,
    "incomeTaxExpense": -1897000000,
    "netIncome": 9687000000,
    "netIncomeRatio": 0.0635813489,
    "eps": 6.11,
    "epsdiluted": 5.91,
    "weightedAverageShsOut": 1586000000,
    "weightedAverageShsOutDil": 1640000000,
    "link": "https://www.sec.gov/Archives/edgar/data/1467858/000146785816000255/0001467858-16-000255-index.htm",
    "finalLink": "https://www.sec.gov/Archives/edgar/data/1467858/000146785816000255/gm201510k.htm"
  },
  {
    "date": "2014-12-31",
    "symbol": "GM",
    "reportedCurrency": "USD",
    "cik": "0001467858",
    "fillingDate": "2015-02-04",
    "acceptedDate": "2015-02-04 11:47:54",
    "calendarYear": "2014",
    "period": "FY",
    "revenue": 155929000000,
    "costOfRevenue": 142121000000,
    "grossProfit": 13808000000,
    "grossProfitRatio": 0.0885531235,
    "researchAndDevelopmentExpenses": 0,
    "generalAndAdministrativeExpenses": 0,
    "sellingAndMarketingExpenses": 0,
    "sellingGeneralAndAdministrativeExpenses": 11758000000,
    "otherExpenses": 120000000,
    "operatingExpenses": 12158000000,
    "costAndExpenses": 154279000000,
    "interestIncome": 211000000,
    "interestExpense": 403000000,
    "depreciationAndAmortization": 7238000000,
    "ebitda": 10887000000,
    "ebitdaratio": 0.0698202387,
    "operatingIncome": 1530000000,
    "operatingIncomeRatio": 0.0098121581,
    "totalOtherIncomeExpensesNet": 2716000000,
    "incomeBeforeTax": 4246000000,
    "incomeBeforeTaxRatio": 0.027230342,
    "incomeTaxExpense": 228000000,
    "netIncome": 3949000000,
    "netIncomeRatio": 0.025325629,
    "eps": 1.75,
    "epsdiluted": 1.65,
    "weightedAverageShsOut": 1605000000,
    "weightedAverageShsOutDil": 1687000000,
    "link": "https://www.sec.gov/Archives/edgar/data/1467858/000146785815000036/0001467858-15-000036-index.htm",
    "finalLink": "https://www.sec.gov/Archives/edgar/data/1467858/000146785815000036/gm201410k.htm"
  },
  {
    "date": "2013-12-31",
    "symbol": "GM",
    "reportedCurrency": "USD",
    "cik": "0001467858",
    "fillingDate": "2014-02-06",
    "acceptedDate": "2014-02-06 12:49:42",
    "calendarYear": "2013",
    "period": "FY",
    "revenue": 155427000000,
    "costOfRevenue": 137373000000,
    "grossProfit": 18054000000,
    "grossProfitRatio": 0.1161574244,
    "researchAndDevelopmentExpenses": 0,
    "generalAndAdministrativeExpenses": 0,
    "sellingAndMarketingExpenses": 0,
    "sellingGeneralAndAdministrativeExpenses": 12382000000,
    "otherExpenses": 541000000,
    "operatingExpenses": 12382000000,
    "costAndExpenses": 149755000000,
    "interestIncome": 246000000,
    "interestExpense": 334000000,
    "depreciationAndAmortization": 8041000000,
    "ebitda": 13700000000,
    "ebitdaratio": 0.0881442735,
    "operatingIncome": 5131000000,
    "operatingIncomeRatio": 0.0330122823,
    "totalOtherIncomeExpensesNet": 2327000000,
    "incomeBeforeTax": 7458000000,
    "incomeBeforeTaxRatio": 0.047983941,
    "incomeTaxExpense": 2127000000,
    "netIncome": 5346000000,
    "netIncomeRatio": 0.0343955683,
    "eps": 2.71,
    "epsdiluted": 2.38,
    "weightedAverageShsOut": 1393000000,
    "weightedAverageShsOutDil": 1676000000,
    "link": "https://www.sec.gov/Archives/edgar/data/1467858/000146785814000043/0001467858-14-000043-index.htm",
    "finalLink": "https://www.sec.gov/Archives/edgar/data/1467858/000146785814000043/gm201310k.htm"
  },
  {
    "date": "2012-12-31",
    "symbol": "GM",
    "reportedCurrency": "USD",
    "cik": "0001467858",
    "fillingDate": "2013-02-15",
    "acceptedDate": "2013-02-15 11:28:33",
    "calendarYear": "2012",
    "period": "FY",
    "revenue": 152256000000,
    "costOfRevenue": 141443000000,
    "grossProfit": 10813000000,
    "grossProfitRatio": 0.0710185477,
    "researchAndDevelopmentExpenses": 0,
    "generalAndAdministrativeExpenses": 0,
    "sellingAndMarketingExpenses": 0,
    "sellingGeneralAndAdministrativeExpenses": 13593000000,
    "otherExpenses": 27145000000,
    "operatingExpenses": 14031000000,
    "costAndExpenses": 155474000000,
    "interestIncome": 343000000,
    "interestExpense": 489000000,
    "depreciationAndAmortization": 38762000000,
    "ebitda": 10556000000,
    "ebitdaratio": 0.0693306011,
    "operatingIncome": -30363000000,
    "operatingIncomeRatio": -0.1994207125,
    "totalOtherIncomeExpensesNet": 106000000,
    "incomeBeforeTax": -30257000000,
    "incomeBeforeTaxRatio": -0.1987245166,
    "incomeTaxExpense": -34831000000,
    "netIncome": 6188000000,
    "netIncomeRatio": 0.0406420765,
    "eps": 3.1,
    "epsdiluted": 2.92,
    "weightedAverageShsOut": 1566000000,
    "weightedAverageShsOutDil": 1675000000,
    "link": "https://www.sec.gov/Archives/edgar/data/1467858/000146785813000025/0001467858-13-000025-index.htm",
    "finalLink": "https://www.sec.gov/Archives/edgar/data/1467858/000146785813000025/gm201210k.htm"
  },
  {
    "date": "2011-12-31",
    "symbol": "GM",
    "reportedCurrency": "USD",
    "cik": "0001467858",
    "fillingDate": "2012-02-27",
    "acceptedDate": "2012-02-27 13:41:16",
    "calendarYear": "2011",
    "period": "FY",
    "revenue": 150276000000,
    "costOfRevenue": 131171000000,
    "grossProfit": 19105000000,
    "grossProfitRatio": 0.1271327424,
    "researchAndDevelopmentExpenses": 0,
    "generalAndAdministrativeExpenses": 0,
    "sellingAndMarketingExpenses": 0,
    "sellingGeneralAndAdministrativeExpenses": 12163000000,
    "otherExpenses": 1286000000,
    "operatingExpenses": 12163000000,
    "costAndExpenses": 143334000000,
    "interestIncome": 851000000,
    "interestExpense": 540000000,
    "depreciationAndAmortization": 7344000000,
    "ebitda": 17144000000,
    "ebitdaratio": 0.1140834198,
    "operatingIncome": 5656000000,
    "operatingIncomeRatio": 0.0376374138,
    "totalOtherIncomeExpensesNet": 329000000,
    "incomeBeforeTax": 5985000000,
    "incomeBeforeTaxRatio": 0.0398267188,
    "incomeTaxExpense": 110000000,
    "netIncome": 9190000000,
    "netIncomeRatio": 0.061154143,
    "eps": 4.94,
    "epsdiluted": 4.58,
    "weightedAverageShsOut": 1536000000,
    "weightedAverageShsOutDil": 1668000000,
    "link": "https://www.sec.gov/Archives/edgar/data/1467858/000146785812000014/0001467858-12-000014-index.htm",
    "finalLink": "https://www.sec.gov/Archives/edgar/data/1467858/000146785812000014/gm201110k.htm"
  },
  {
    "date": "2010-12-31",
    "symbol": "GM",
    "reportedCurrency": "USD",
    "cik": "0001467858",
    "fillingDate": "2011-03-01",
    "acceptedDate": "2011-03-01 11:56:53",
    "calendarYear": "2010",
    "period": "FY",
    "revenue": 135592000000,
    "costOfRevenue": 118792000000,
    "grossProfit": 16800000000,
    "grossProfitRatio": 0.1239011151,
    "researchAndDevelopmentExpenses": 0,
    "generalAndAdministrativeExpenses": 0,
    "sellingAndMarketingExpenses": 0,
    "sellingGeneralAndAdministrativeExpenses": 11716000000,
    "otherExpenses": 118000000,
    "operatingExpenses": 11716000000,
    "costAndExpenses": 130508000000,
    "interestIncome": 1555000000,
    "interestExpense": 1098000000,
    "depreciationAndAmortization": 6923000000,
    "ebitda": 13469000000,
    "ebitdaratio": 0.099334769,
    "operatingIncome": 5084000000,
    "operatingIncomeRatio": 0.0374948375,
    "totalOtherIncomeExpensesNet": 629000000,
    "incomeBeforeTax": 5737000000,
    "incomeBeforeTaxRatio": 0.0423107558,
    "incomeTaxExpense": 672000000,
    "netIncome": 6172000000,
    "netIncomeRatio": 0.0455189097,
    "eps": 3.11,
    "epsdiluted": 2.89,
    "weightedAverageShsOut": 1500000000,
    "weightedAverageShsOutDil": 1624000000,
    "link": "https://www.sec.gov/Archives/edgar/data/1467858/000119312511051462/0001193125-11-051462-index.htm",
    "finalLink": "https://www.sec.gov/Archives/edgar/data/1467858/000119312511051462/d10k.htm"
  },
  {
    "date": "2009-12-31",
    "symbol": "GM",
    "reportedCurrency": "USD",
    "cik": "0001467858",
    "fillingDate": "2010-04-07",
    "acceptedDate": "2010-04-07 11:23:48",
    "calendarYear": "2009",
    "period": "FY",
    "revenue": 104589000000,
    "costOfRevenue": 112195000000,
    "grossProfit": -7606000000,
    "grossProfitRatio": -0.0727227529,
    "researchAndDevelopmentExpenses": 0,
    "generalAndAdministrativeExpenses": 12167000000,
    "sellingAndMarketingExpenses": 1250000000,
    "sellingGeneralAndAdministrativeExpenses": 12167000000,
    "otherExpenses": 0,
    "operatingExpenses": 13329000000,
    "costAndExpenses": 125524000000,
    "interestIncome": 1292000000,
    "interestExpense": 6122000000,
    "depreciationAndAmortization": 15151000000,
    "ebitda": -3112000000,
    "ebitdaratio": -0.0297545631,
    "operatingIncome": -21023000000,
    "operatingIncomeRatio": -0.2010058419,
    "totalOtherIncomeExpensesNet": 123516000000,
    "incomeBeforeTax": 102493000000,
    "incomeBeforeTaxRatio": 0.9799596516,
    "incomeTaxExpense": -2166000000,
    "netIncome": 104821000000,
    "netIncomeRatio": 1.0022182065,
    "eps": 113.18,
    "epsdiluted": 113.18,
    "weightedAverageShsOut": 925000000,
    "weightedAverageShsOutDil": 925000000,
    "link": "https://www.sec.gov/Archives/edgar/data/1467858/000119312510078119/0001193125-10-078119-index.htm",
    "finalLink": "https://www.sec.gov/Archives/edgar/data/1467858/000119312510078119/d10k.htm"
  },
  {
    "date": "2008-12-31",
    "symbol": "GM",
    "reportedCurrency": "USD",
    "cik": "0001467858",
    "fillingDate": "2008-12-31",
    "acceptedDate": "2008-12-30 19:00:00",
    "calendarYear": "2008",
    "period": "FY",
    "revenue": 148979000000,
    "costOfRevenue": 149257000000,
    "grossProfit": -278000000,
    "grossProfitRatio": -0.0018660348,
    "researchAndDevelopmentExpenses": 0,
    "generalAndAdministrativeExpenses": 14253000000,
    "sellingAndMarketingExpenses": 0,
    "sellingGeneralAndAdministrativeExpenses": 14253000000,
    "otherExpenses": 6699000000,
    "operatingExpenses": 20342000000,
    "costAndExpenses": 169599000000,
    "interestIncome": 424000000,
    "interestExpense": 2525000000,
    "depreciationAndAmortization": 10203000000,
    "ebitda": -18638000000,
    "ebitdaratio": -0.1251048806,
    "operatingIncome": -21230000000,
    "operatingIncomeRatio": -0.1425033058,
    "totalOtherIncomeExpensesNet": -8158000000,
    "incomeBeforeTax": -29471000000,
    "incomeBeforeTaxRatio": -0.197819827,
    "incomeTaxExpense": 1766000000,
    "netIncome": -30943000000,
    "netIncomeRatio": -0.2077004142,
    "eps": -53.44,
    "epsdiluted": -53.44,
    "weightedAverageShsOut": 579000000,
    "weightedAverageShsOutDil": 579000000,
    "link": "",
    "finalLink": ""
  }
]