[
  {
    "date": "2025-06-30",
    "symbol": "GNRC",
    "reportedCurrency": "USD",
    "cik": "0001474735",
    "fillingDate": "2025-08-05",
    "acceptedDate": "2025-08-05 16:46:05",
    "calendarYear": "2025",
    "period": "Q2",
    "revenue": 1061169000,
    "costOfRevenue": 644420000,
    "grossProfit": 416749000,
    "grossProfitRatio": 0.3927263235,
    "researchAndDevelopmentExpenses": 60354000,
    "generalAndAdministrativeExpenses": 79430000,
    "sellingAndMarketingExpenses": 139495000,
    "sellingGeneralAndAdministrativeExpenses": 218925000,
    "otherExpenses": 25681000,
    "operatingExpenses": 304960000,
    "costAndExpenses": 949380000,
    "interestIncome": 1747000,
    "interestExpense": 18242000,
    "depreciationAndAmortization": 48321000,
    "ebitda": 156415000,
    "ebitdaratio": 0.1473987649,
    "operatingIncome": 111789000,
    "operatingIncomeRatio": 0.105345143,
    "totalOtherIncomeExpensesNet": -21937000,
    "incomeBeforeTax": 89852000,
    "incomeBeforeTaxRatio": 0.0846726582,
    "incomeTaxExpense": 15422000,
    "netIncome": 74016000,
    "netIncomeRatio": 0.0697494932,
    "eps": 1.27,
    "epsdiluted": 1.25,
    "weightedAverageShsOut": 58771818,
    "weightedAverageShsOutDil": 59385907,
    "link": "https://www.sec.gov/Archives/edgar/data/1474735/000143774925024879/0001437749-25-024879-index.htm",
    "finalLink": "https://www.sec.gov/Archives/edgar/data/1474735/000143774925024879/gnrc20250630_10q.htm"
  },
  {
    "date": "2025-03-31",
    "symbol": "GNRC",
    "reportedCurrency": "USD",
    "cik": "0001474735",
    "fillingDate": "2025-05-06",
    "acceptedDate": "2025-05-06 16:13:29",
    "calendarYear": "2025",
    "period": "Q1",
    "revenue": 942121000,
    "costOfRevenue": 570135000,
    "grossProfit": 371986000,
    "grossProfitRatio": 0.3948388795,
    "researchAndDevelopmentExpenses": 62048000,
    "generalAndAdministrativeExpenses": 74746000,
    "sellingAndMarketingExpenses": 126065000,
    "sellingGeneralAndAdministrativeExpenses": 200811000,
    "otherExpenses": 25489000,
    "operatingExpenses": 288348000,
    "costAndExpenses": 858483000,
    "interestIncome": 0,
    "interestExpense": 17110000,
    "depreciationAndAmortization": 46141000,
    "ebitda": 121765000,
    "ebitdaratio": 0.1292456065,
    "operatingIncome": 83638000,
    "operatingIncomeRatio": 0.0887762825,
    "totalOtherIncomeExpensesNet": -25124000,
    "incomeBeforeTax": 58514000,
    "incomeBeforeTaxRatio": 0.0621087949,
    "incomeTaxExpense": 14236000,
    "netIncome": 43840000,
    "netIncomeRatio": 0.0465333009,
    "eps": 0.74,
    "epsdiluted": 0.73,
    "weightedAverageShsOut": 59062534,
    "weightedAverageShsOutDil": 59747589,
    "link": "https://www.sec.gov/Archives/edgar/data/1474735/000143774925014767/0001437749-25-014767-index.htm",
    "finalLink": "https://www.sec.gov/Archives/edgar/data/1474735/000143774925014767/gnrc20250331_10q.htm"
  },
  {
    "date": "2024-12-31",
    "symbol": "GNRC",
    "reportedCurrency": "USD",
    "cik": "0001474735",
    "fillingDate": "2025-02-19",
    "acceptedDate": "2025-02-19 16:07:25",
    "calendarYear": "2024",
    "period": "Q4",
    "revenue": 1234801000,
    "costOfRevenue": 733384000,
    "grossProfit": 501417000,
    "grossProfitRatio": 0.4060710997,
    "researchAndDevelopmentExpenses": 59258000,
    "generalAndAdministrativeExpenses": 75703000,
    "sellingAndMarketingExpenses": 144397000,
    "sellingGeneralAndAdministrativeExpenses": 220100000,
    "otherExpenses": 24045000,
    "operatingExpenses": 303403000,
    "costAndExpenses": 1036787000,
    "interestIncome": 0,
    "interestExpense": 19880000,
    "depreciationAndAmortization": 43834000,
    "ebitda": 208719000,
    "ebitdaratio": 0.1690304754,
    "operatingIncome": 198014000,
    "operatingIncomeRatio": 0.1603610622,
    "totalOtherIncomeExpensesNet": -53009000,
    "incomeBeforeTax": 145005000,
    "incomeBeforeTaxRatio": 0.1174318777,
    "incomeTaxExpense": 27336000,
    "netIncome": 128853000,
    "netIncomeRatio": 0.1043512274,
    "eps": 2.18,
    "epsdiluted": 2.15,
    "weightedAverageShsOut": 59559797,
    "weightedAverageShsOutDil": 60350412,
    "link": "https://www.sec.gov/Archives/edgar/data/1474735/000143774925004353/0001437749-25-004353-index.htm",
    "finalLink": "https://www.sec.gov/Archives/edgar/data/1474735/000143774925004353/gnrc20241231_10k.htm"
  },
  {
    "date": "2024-09-30",
    "symbol": "GNRC",
    "reportedCurrency": "USD",
    "cik": "0001474735",
    "fillingDate": "2024-11-05",
    "acceptedDate": "2024-11-05 16:10:03",
    "calendarYear": "2024",
    "period": "Q3",
    "revenue": 1173563000,
    "costOfRevenue": 701294000,
    "grossProfit": 472269000,
    "grossProfitRatio": 0.4024232189,
    "researchAndDevelopmentExpenses": 56936000,
    "generalAndAdministrativeExpenses": 77242000,
    "sellingAndMarketingExpenses": 145310000,
    "sellingGeneralAndAdministrativeExpenses": 222552000,
    "otherExpenses": 24157000,
    "operatingExpenses": 303645000,
    "costAndExpenses": 1004939000,
    "interestIncome": 0,
    "interestExpense": 22910000,
    "depreciationAndAmortization": 43152000,
    "ebitda": 213293000,
    "ebitdaratio": 0.1817482317,
    "operatingIncome": 168624000,
    "operatingIncomeRatio": 0.1436855116,
    "totalOtherIncomeExpensesNet": -21393000,
    "incomeBeforeTax": 147231000,
    "incomeBeforeTaxRatio": 0.1254564092,
    "incomeTaxExpense": 33453000,
    "netIncome": 113742000,
    "netIncomeRatio": 0.0969202335,
    "eps": 1.91,
    "epsdiluted": 1.89,
    "weightedAverageShsOut": 59493640,
    "weightedAverageShsOutDil": 60312393,
    "link": "https://www.sec.gov/Archives/edgar/data/1474735/000143774924033337/0001437749-24-033337-index.htm",
    "finalLink": "https://www.sec.gov/Archives/edgar/data/1474735/000143774924033337/gnrc20240930_10q.htm"
  },
  {
    "date": "2024-06-30",
    "symbol": "GNRC",
    "reportedCurrency": "USD",
    "cik": "0001474735",
    "fillingDate": "2024-08-06",
    "acceptedDate": "2024-08-06 16:09:35",
    "calendarYear": "2024",
    "period": "Q2",
    "revenue": 998197000,
    "costOfRevenue": 622636000,
    "grossProfit": 375561000,
    "grossProfitRatio": 0.3762393596,
    "researchAndDevelopmentExpenses": 53996000,
    "generalAndAdministrativeExpenses": 65386000,
    "sellingAndMarketingExpenses": 128153000,
    "sellingGeneralAndAdministrativeExpenses": 193539000,
    "otherExpenses": 24791000,
    "operatingExpenses": 272326000,
    "costAndExpenses": 894962000,
    "interestIncome": 0,
    "interestExpense": 23318000,
    "depreciationAndAmortization": 42880000,
    "ebitda": 144889000,
    "ebitdaratio": 0.1451507067,
    "operatingIncome": 103235000,
    "operatingIncomeRatio": 0.1034214689,
    "totalOtherIncomeExpensesNet": -24544000,
    "incomeBeforeTax": 78691000,
    "incomeBeforeTaxRatio": 0.0788331361,
    "incomeTaxExpense": 19638000,
    "netIncome": 59115000,
    "netIncomeRatio": 0.0592217769,
    "eps": 0.99,
    "epsdiluted": 0.97,
    "weightedAverageShsOut": 59880336,
    "weightedAverageShsOutDil": 60641740,
    "link": "https://www.sec.gov/Archives/edgar/data/1474735/000143774924024883/0001437749-24-024883-index.htm",
    "finalLink": "https://www.sec.gov/Archives/edgar/data/1474735/000143774924024883/gnrc20240630_10q.htm"
  },
  {
    "date": "2024-03-31",
    "symbol": "GNRC",
    "reportedCurrency": "USD",
    "cik": "0001474735",
    "fillingDate": "2024-05-07",
    "acceptedDate": "2024-05-07 16:09:09",
    "calendarYear": "2024",
    "period": "Q1",
    "revenue": 889273000,
    "costOfRevenue": 572894000,
    "grossProfit": 316379000,
    "grossProfitRatio": 0.3557726367,
    "researchAndDevelopmentExpenses": 49410000,
    "generalAndAdministrativeExpenses": 66764000,
    "sellingAndMarketingExpenses": 108586000,
    "sellingGeneralAndAdministrativeExpenses": 175350000,
    "otherExpenses": 24750000,
    "operatingExpenses": 249510000,
    "costAndExpenses": 822404000,
    "interestIncome": 0,
    "interestExpense": 23605000,
    "depreciationAndAmortization": 41902000,
    "ebitda": 104018000,
    "ebitdaratio": 0.1169697045,
    "operatingIncome": 66869000,
    "operatingIncomeRatio": 0.0751951313,
    "totalOtherIncomeExpensesNet": -28358000,
    "incomeBeforeTax": 38511000,
    "incomeBeforeTaxRatio": 0.0433061613,
    "incomeTaxExpense": 12033000,
    "netIncome": 23546000,
    "netIncomeRatio": 0.0264778083,
    "eps": 0.39,
    "epsdiluted": 0.39,
    "weightedAverageShsOut": 59849362,
    "weightedAverageShsOutDil": 60486125,
    "link": "https://www.sec.gov/Archives/edgar/data/1474735/000143774924015075/0001437749-24-015075-index.htm",
    "finalLink": "https://www.sec.gov/Archives/edgar/data/1474735/000143774924015075/gnrc20240331_10q.htm"
  },
  {
    "date": "2023-12-31",
    "symbol": "GNRC",
    "reportedCurrency": "USD",
    "cik": "0001474735",
    "fillingDate": "2024-02-21",
    "acceptedDate": "2024-02-21 16:10:51",
    "calendarYear": "2023",
    "period": "Q4",
    "revenue": 1063670000,
    "costOfRevenue": 674946000,
    "grossProfit": 388724000,
    "grossProfitRatio": 0.3654554514,
    "researchAndDevelopmentExpenses": 44369000,
    "generalAndAdministrativeExpenses": 53828000,
    "sellingAndMarketingExpenses": 113839000,
    "sellingGeneralAndAdministrativeExpenses": 167667000,
    "otherExpenses": 25720000,
    "operatingExpenses": 237756000,
    "costAndExpenses": 912702000,
    "interestIncome": 0,
    "interestExpense": 24765000,
    "depreciationAndAmortization": 42453000,
    "ebitda": 194024000,
    "ebitdaratio": 0.182409958,
    "operatingIncome": 150968000,
    "operatingIncomeRatio": 0.1419312381,
    "totalOtherIncomeExpensesNet": -24162000,
    "incomeBeforeTax": 126806000,
    "incomeBeforeTaxRatio": 0.1192155462,
    "incomeTaxExpense": 29996000,
    "netIncome": 95967000,
    "netIncomeRatio": 0.0902225314,
    "eps": 1.59,
    "epsdiluted": 1.57,
    "weightedAverageShsOut": 60391678,
    "weightedAverageShsOutDil": 61038694,
    "link": "https://www.sec.gov/Archives/edgar/data/1474735/000143774924005040/0001437749-24-005040-index.htm",
    "finalLink": "https://www.sec.gov/Archives/edgar/data/1474735/000143774924005040/gnrc20231231_10k.htm"
  },
  {
    "date": "2023-09-30",
    "symbol": "GNRC",
    "reportedCurrency": "USD",
    "cik": "0001474735",
    "fillingDate": "2023-11-07",
    "acceptedDate": "2023-11-07 16:08:38",
    "calendarYear": "2023",
    "period": "Q3",
    "revenue": 1070667000,
    "costOfRevenue": 694880000,
    "grossProfit": 375787000,
    "grossProfitRatio": 0.3509840128,
    "researchAndDevelopmentExpenses": 43312000,
    "generalAndAdministrativeExpenses": 83052000,
    "sellingAndMarketingExpenses": 117929000,
    "sellingGeneralAndAdministrativeExpenses": 200981000,
    "otherExpenses": 26718000,
    "operatingExpenses": 271011000,
    "costAndExpenses": 965891000,
    "interestIncome": 0,
    "interestExpense": 24707000,
    "depreciationAndAmortization": 42951000,
    "ebitda": 147720000,
    "ebitdaratio": 0.1379700691,
    "operatingIncome": 104776000,
    "operatingIncomeRatio": 0.0978604926,
    "totalOtherIncomeExpensesNet": -24714000,
    "incomeBeforeTax": 80062000,
    "incomeBeforeTaxRatio": 0.0747776853,
    "incomeTaxExpense": 19428000,
    "netIncome": 60331000,
    "netIncomeRatio": 0.0563489862,
    "eps": 0.98,
    "epsdiluted": 0.97,
    "weightedAverageShsOut": 61368440,
    "weightedAverageShsOutDil": 62091163,
    "link": "https://www.sec.gov/Archives/edgar/data/1474735/000143774923030646/0001437749-23-030646-index.htm",
    "finalLink": "https://www.sec.gov/Archives/edgar/data/1474735/000143774923030646/gnrc20230930_10q.htm"
  },
  {
    "date": "2023-06-30",
    "symbol": "GNRC",
    "reportedCurrency": "USD",
    "cik": "0001474735",
    "fillingDate": "2023-08-08",
    "acceptedDate": "2023-08-08 16:07:33",
    "calendarYear": "2023",
    "period": "Q2",
    "revenue": 1000420000,
    "costOfRevenue": 671999000,
    "grossProfit": 328421000,
    "grossProfitRatio": 0.3282831211,
    "researchAndDevelopmentExpenses": 43942000,
    "generalAndAdministrativeExpenses": 56371000,
    "sellingAndMarketingExpenses": 115743000,
    "sellingGeneralAndAdministrativeExpenses": 172114000,
    "otherExpenses": 26393000,
    "operatingExpenses": 242449000,
    "costAndExpenses": 914448000,
    "interestIncome": 0,
    "interestExpense": 25160000,
    "depreciationAndAmortization": 41247000,
    "ebitda": 127829000,
    "ebitdaratio": 0.1277753344,
    "operatingIncome": 85972000,
    "operatingIncomeRatio": 0.0859359069,
    "totalOtherIncomeExpensesNet": -24550000,
    "incomeBeforeTax": 61422000,
    "incomeBeforeTaxRatio": 0.0613962136,
    "incomeTaxExpense": 15907000,
    "netIncome": 43377000,
    "netIncomeRatio": 0.0433587893,
    "eps": 0.7,
    "epsdiluted": 0.7,
    "weightedAverageShsOut": 61721614,
    "weightedAverageShsOutDil": 62348184,
    "link": "https://www.sec.gov/Archives/edgar/data/1474735/000143774923022513/0001437749-23-022513-index.htm",
    "finalLink": "https://www.sec.gov/Archives/edgar/data/1474735/000143774923022513/gnrc20230630_10q.htm"
  },
  {
    "date": "2023-03-31",
    "symbol": "GNRC",
    "reportedCurrency": "USD",
    "cik": "0001474735",
    "fillingDate": "2023-05-09",
    "acceptedDate": "2023-05-09 16:46:47",
    "calendarYear": "2023",
    "period": "Q1",
    "revenue": 887910000,
    "costOfRevenue": 615411000,
    "grossProfit": 272499000,
    "grossProfitRatio": 0.3068993479,
    "researchAndDevelopmentExpenses": 41820000,
    "generalAndAdministrativeExpenses": 59685000,
    "sellingAndMarketingExpenses": 100688000,
    "sellingGeneralAndAdministrativeExpenses": 160373000,
    "otherExpenses": 25823000,
    "operatingExpenses": 228016000,
    "costAndExpenses": 843427000,
    "interestIncome": 0,
    "interestExpense": 22995000,
    "depreciationAndAmortization": 39951000,
    "ebitda": 84956000,
    "ebitdaratio": 0.0956808686,
    "operatingIncome": 44483000,
    "operatingIncomeRatio": 0.050098546,
    "totalOtherIncomeExpensesNet": -22473000,
    "incomeBeforeTax": 22010000,
    "incomeBeforeTaxRatio": 0.0247885484,
    "incomeTaxExpense": 7849000,
    "netIncome": 12430000,
    "netIncomeRatio": 0.0139991666,
    "eps": 0.2,
    "epsdiluted": 0.2,
    "weightedAverageShsOut": 61556044,
    "weightedAverageShsOutDil": 62294447,
    "link": "https://www.sec.gov/Archives/edgar/data/1474735/000143774923013331/0001437749-23-013331-index.htm",
    "finalLink": "https://www.sec.gov/Archives/edgar/data/1474735/000143774923013331/gnrc20230331_10q.htm"
  },
  {
    "date": "2022-12-31",
    "symbol": "GNRC",
    "reportedCurrency": "USD",
    "cik": "0001474735",
    "fillingDate": "2023-02-22",
    "acceptedDate": "2023-02-22 16:19:34",
    "calendarYear": "2022",
    "period": "Q4",
    "revenue": 1049232000,
    "costOfRevenue": 706065000,
    "grossProfit": 343167000,
    "grossProfitRatio": 0.3270649389,
    "researchAndDevelopmentExpenses": 38446000,
    "generalAndAdministrativeExpenses": 62825000,
    "sellingAndMarketingExpenses": 107570000,
    "sellingGeneralAndAdministrativeExpenses": 170395000,
    "otherExpenses": 27098000,
    "operatingExpenses": 235939000,
    "costAndExpenses": 942004000,
    "interestIncome": 0,
    "interestExpense": 19523000,
    "depreciationAndAmortization": 39417000,
    "ebitda": 146399000,
    "ebitdaratio": 0.139529675,
    "operatingIncome": 107228000,
    "operatingIncomeRatio": 0.1021966543,
    "totalOtherIncomeExpensesNet": -19769000,
    "incomeBeforeTax": 87459000,
    "incomeBeforeTaxRatio": 0.0833552541,
    "incomeTaxExpense": 13568000,
    "netIncome": 71015000,
    "netIncomeRatio": 0.0676828385,
    "eps": 1.14,
    "epsdiluted": 1.12,
    "weightedAverageShsOut": 62370769,
    "weightedAverageShsOutDil": 63583384,
    "link": "https://www.sec.gov/Archives/edgar/data/1474735/000143774923004153/0001437749-23-004153-index.htm",
    "finalLink": "https://www.sec.gov/Archives/edgar/data/1474735/000143774923004153/gnrc20221231_10k.htm"
  },
  {
    "date": "2022-09-30",
    "symbol": "GNRC",
    "reportedCurrency": "USD",
    "cik": "0001474735",
    "fillingDate": "2022-11-07",
    "acceptedDate": "2022-11-07 16:53:37",
    "calendarYear": "2022",
    "period": "Q3",
    "revenue": 1088258000,
    "costOfRevenue": 727154000,
    "grossProfit": 361104000,
    "grossProfitRatio": 0.331818374,
    "researchAndDevelopmentExpenses": 39985000,
    "generalAndAdministrativeExpenses": 37464000,
    "sellingAndMarketingExpenses": 170381000,
    "sellingGeneralAndAdministrativeExpenses": 207845000,
    "otherExpenses": 25751000,
    "operatingExpenses": 273581000,
    "costAndExpenses": 1000735000,
    "interestIncome": 0,
    "interestExpense": 15514000,
    "depreciationAndAmortization": 39165000,
    "ebitda": 126719000,
    "ebitdaratio": 0.1164420569,
    "operatingIncome": 87523000,
    "operatingIncomeRatio": 0.0804248625,
    "totalOtherIncomeExpensesNet": -15483000,
    "incomeBeforeTax": 72040000,
    "incomeBeforeTaxRatio": 0.0661975377,
    "incomeTaxExpense": 11594000,
    "netIncome": 58270000,
    "netIncomeRatio": 0.0535442882,
    "eps": 0.84,
    "epsdiluted": 0.83,
    "weightedAverageShsOut": 63249881,
    "weightedAverageShsOutDil": 64267638,
    "link": "https://www.sec.gov/Archives/edgar/data/1474735/000143774922026207/0001437749-22-026207-index.htm",
    "finalLink": "https://www.sec.gov/Archives/edgar/data/1474735/000143774922026207/gnrc20220930_10q.htm"
  },
  {
    "date": "2022-06-30",
    "symbol": "GNRC",
    "reportedCurrency": "USD",
    "cik": "0001474735",
    "fillingDate": "2022-08-08",
    "acceptedDate": "2022-08-08 16:13:01",
    "calendarYear": "2022",
    "period": "Q2",
    "revenue": 1291391000,
    "costOfRevenue": 834406000,
    "grossProfit": 456985000,
    "grossProfitRatio": 0.3538703615,
    "researchAndDevelopmentExpenses": 41599000,
    "generalAndAdministrativeExpenses": 52600000,
    "sellingAndMarketingExpenses": 120066000,
    "sellingGeneralAndAdministrativeExpenses": 172666000,
    "otherExpenses": 25876000,
    "operatingExpenses": 240141000,
    "costAndExpenses": 1074547000,
    "interestIncome": 0,
    "interestExpense": 10235000,
    "depreciationAndAmortization": 39098000,
    "ebitda": 252796000,
    "ebitdaratio": 0.1957548101,
    "operatingIncome": 216844000,
    "operatingIncomeRatio": 0.1679150621,
    "totalOtherIncomeExpensesNet": -13381000,
    "incomeBeforeTax": 203463000,
    "incomeBeforeTaxRatio": 0.1575533669,
    "incomeTaxExpense": 45826000,
    "netIncome": 156359000,
    "netIncomeRatio": 0.1210779694,
    "eps": 2.24,
    "epsdiluted": 2.21,
    "weightedAverageShsOut": 63662510,
    "weightedAverageShsOutDil": 64713748,
    "link": "https://www.sec.gov/Archives/edgar/data/1474735/000143774922019367/0001437749-22-019367-index.htm",
    "finalLink": "https://www.sec.gov/Archives/edgar/data/1474735/000143774922019367/gnrc20220614b_10q.htm"
  },
  {
    "date": "2022-03-31",
    "symbol": "GNRC",
    "reportedCurrency": "USD",
    "cik": "0001474735",
    "fillingDate": "2022-05-09",
    "acceptedDate": "2022-05-09 16:10:25",
    "calendarYear": "2022",
    "period": "Q1",
    "revenue": 1135856000,
    "costOfRevenue": 775108000,
    "grossProfit": 360748000,
    "grossProfitRatio": 0.3176001183,
    "researchAndDevelopmentExpenses": 39744000,
    "generalAndAdministrativeExpenses": 41972000,
    "sellingAndMarketingExpenses": 98243000,
    "sellingGeneralAndAdministrativeExpenses": 140215000,
    "otherExpenses": 26054000,
    "operatingExpenses": 206013000,
    "costAndExpenses": 981121000,
    "interestIncome": 0,
    "interestExpense": 9554000,
    "depreciationAndAmortization": 38461000,
    "ebitda": 193519000,
    "ebitdaratio": 0.170372829,
    "operatingIncome": 154735000,
    "operatingIncomeRatio": 0.1362276556,
    "totalOtherIncomeExpensesNet": -9231000,
    "incomeBeforeTax": 145504000,
    "incomeBeforeTaxRatio": 0.1281007452,
    "incomeTaxExpense": 28608000,
    "netIncome": 113858000,
    "netIncomeRatio": 0.1002398191,
    "eps": 1.61,
    "epsdiluted": 1.57,
    "weightedAverageShsOut": 63449380,
    "weightedAverageShsOutDil": 64828819,
    "link": "https://www.sec.gov/Archives/edgar/data/1474735/000143774922011515/0001437749-22-011515-index.htm",
    "finalLink": "https://www.sec.gov/Archives/edgar/data/1474735/000143774922011515/gnrc20220331_10q.htm"
  },
  {
    "date": "2021-12-31",
    "symbol": "GNRC",
    "reportedCurrency": "USD",
    "cik": "0001474735",
    "fillingDate": "2022-02-22",
    "acceptedDate": "2022-02-22 16:39:44",
    "calendarYear": "2021",
    "period": "Q4",
    "revenue": 1067071000,
    "costOfRevenue": 704532000,
    "grossProfit": 362539000,
    "grossProfitRatio": 0.3397515254,
    "researchAndDevelopmentExpenses": 29406000,
    "generalAndAdministrativeExpenses": 37758000,
    "sellingAndMarketingExpenses": 80780000,
    "sellingGeneralAndAdministrativeExpenses": 118538000,
    "otherExpenses": 39114000,
    "operatingExpenses": 187058000,
    "costAndExpenses": 891590000,
    "interestIncome": 0,
    "interestExpense": 9529000,
    "depreciationAndAmortization": 29359000,
    "ebitda": 205466000,
    "ebitdaratio": 0.192551386,
    "operatingIncome": 175481000,
    "operatingIncomeRatio": 0.1644511003,
    "totalOtherIncomeExpensesNet": -8903000,
    "incomeBeforeTax": 166578000,
    "incomeBeforeTaxRatio": 0.1561077004,
    "incomeTaxExpense": 20616000,
    "netIncome": 131480000,
    "netIncomeRatio": 0.1232157935,
    "eps": 2.09,
    "epsdiluted": 2.04,
    "weightedAverageShsOut": 62992133,
    "weightedAverageShsOutDil": 64574789,
    "link": "https://www.sec.gov/Archives/edgar/data/1474735/000143774922004080/0001437749-22-004080-index.htm",
    "finalLink": "https://www.sec.gov/Archives/edgar/data/1474735/000143774922004080/gnrc20211231_10k.htm"
  },
  {
    "date": "2021-09-30",
    "symbol": "GNRC",
    "reportedCurrency": "USD",
    "cik": "0001474735",
    "fillingDate": "2021-11-04",
    "acceptedDate": "2021-11-04 16:51:18",
    "calendarYear": "2021",
    "period": "Q3",
    "revenue": 942698000,
    "costOfRevenue": 606704000,
    "grossProfit": 335994000,
    "grossProfitRatio": 0.3564174317,
    "researchAndDevelopmentExpenses": 27165000,
    "generalAndAdministrativeExpenses": 40802000,
    "sellingAndMarketingExpenses": 82242000,
    "sellingGeneralAndAdministrativeExpenses": 123044000,
    "otherExpenses": 12206000,
    "operatingExpenses": 162415000,
    "costAndExpenses": 769119000,
    "interestIncome": 0,
    "interestExpense": 7980000,
    "depreciationAndAmortization": 23216000,
    "ebitda": 196560000,
    "ebitdaratio": 0.2085079209,
    "operatingIncome": 173579000,
    "operatingIncomeRatio": 0.1841300183,
    "totalOtherIncomeExpensesNet": -8215000,
    "incomeBeforeTax": 165364000,
    "incomeBeforeTaxRatio": 0.1754156686,
    "incomeTaxExpense": 32611000,
    "netIncome": 131570000,
    "netIncomeRatio": 0.1395674967,
    "eps": 1.98,
    "epsdiluted": 1.93,
    "weightedAverageShsOut": 62690437,
    "weightedAverageShsOutDil": 64208116,
    "link": "https://www.sec.gov/Archives/edgar/data/1474735/000143774921025317/0001437749-21-025317-index.htm",
    "finalLink": "https://www.sec.gov/Archives/edgar/data/1474735/000143774921025317/gnrc20210930_10q.htm"
  },
  {
    "date": "2021-06-30",
    "symbol": "GNRC",
    "reportedCurrency": "USD",
    "cik": "0001474735",
    "fillingDate": "2021-08-03",
    "acceptedDate": "2021-08-03 16:46:41",
    "calendarYear": "2021",
    "period": "Q2",
    "revenue": 919981000,
    "costOfRevenue": 580246000,
    "grossProfit": 339735000,
    "grossProfitRatio": 0.3692848004,
    "researchAndDevelopmentExpenses": 25344000,
    "generalAndAdministrativeExpenses": 41610000,
    "sellingAndMarketingExpenses": 78777000,
    "sellingGeneralAndAdministrativeExpenses": 120387000,
    "otherExpenses": 11052000,
    "operatingExpenses": 156783000,
    "costAndExpenses": 737029000,
    "interestIncome": 0,
    "interestExpense": 7721000,
    "depreciationAndAmortization": 21229000,
    "ebitda": 203221000,
    "ebitdaratio": 0.2208969533,
    "operatingIncome": 182952000,
    "operatingIncomeRatio": 0.1988649766,
    "totalOtherIncomeExpensesNet": -8681000,
    "incomeBeforeTax": 174271000,
    "incomeBeforeTaxRatio": 0.1894289121,
    "incomeTaxExpense": 46362000,
    "netIncome": 127036000,
    "netIncomeRatio": 0.1380854605,
    "eps": 2.06,
    "epsdiluted": 2.01,
    "weightedAverageShsOut": 62605166,
    "weightedAverageShsOutDil": 64088709,
    "link": "https://www.sec.gov/Archives/edgar/data/1474735/000143774921018371/0001437749-21-018371-index.htm",
    "finalLink": "https://www.sec.gov/Archives/edgar/data/1474735/000143774921018371/gnrc20210630_10q.htm"
  },
  {
    "date": "2021-03-31",
    "symbol": "GNRC",
    "reportedCurrency": "USD",
    "cik": "0001474735",
    "fillingDate": "2021-05-04",
    "acceptedDate": "2021-05-04 16:43:23",
    "calendarYear": "2021",
    "period": "Q1",
    "revenue": 807434000,
    "costOfRevenue": 485620000,
    "grossProfit": 321814000,
    "grossProfitRatio": 0.3985638455,
    "researchAndDevelopmentExpenses": 22388000,
    "generalAndAdministrativeExpenses": 32899000,
    "sellingAndMarketingExpenses": 68424000,
    "sellingGeneralAndAdministrativeExpenses": 101323000,
    "otherExpenses": 8979000,
    "operatingExpenses": 132690000,
    "costAndExpenses": 618310000,
    "interestIncome": 0,
    "interestExpense": 7723000,
    "depreciationAndAmortization": 18237000,
    "ebitda": 211273000,
    "ebitdaratio": 0.2616597765,
    "operatingIncome": 189124000,
    "operatingIncomeRatio": 0.2342284323,
    "totalOtherIncomeExpensesNet": -3811000,
    "incomeBeforeTax": 185313000,
    "incomeBeforeTaxRatio": 0.2295085419,
    "incomeTaxExpense": 35368000,
    "netIncome": 148993000,
    "netIncomeRatio": 0.1845265372,
    "eps": 2.39,
    "epsdiluted": 2.33,
    "weightedAverageShsOut": 62478734,
    "weightedAverageShsOutDil": 64099073,
    "link": "https://www.sec.gov/Archives/edgar/data/1474735/000143774921010764/0001437749-21-010764-index.htm",
    "finalLink": "https://www.sec.gov/Archives/edgar/data/1474735/000143774921010764/gnrc20210331_10q.htm"
  },
  {
    "date": "2020-12-31",
    "symbol": "GNRC",
    "reportedCurrency": "USD",
    "cik": "0001474735",
    "fillingDate": "2021-02-23",
    "acceptedDate": "2021-02-23 16:30:12",
    "calendarYear": "2020",
    "period": "Q4",
    "revenue": 761082000,
    "costOfRevenue": 460880000,
    "grossProfit": 300202000,
    "grossProfitRatio": 0.3944410721,
    "researchAndDevelopmentExpenses": 21489000,
    "generalAndAdministrativeExpenses": 30912000,
    "sellingAndMarketingExpenses": 67807000,
    "sellingGeneralAndAdministrativeExpenses": 98719000,
    "otherExpenses": 8940000,
    "operatingExpenses": 129148000,
    "costAndExpenses": 590028000,
    "interestIncome": 0,
    "interestExpense": 7910000,
    "depreciationAndAmortization": 18686000,
    "ebitda": 190582000,
    "ebitdaratio": 0.2504092857,
    "operatingIncome": 171054000,
    "operatingIncomeRatio": 0.2247510781,
    "totalOtherIncomeExpensesNet": -7068000,
    "incomeBeforeTax": 163986000,
    "incomeBeforeTaxRatio": 0.2154642995,
    "incomeTaxExpense": 39006000,
    "netIncome": 125001000,
    "netIncomeRatio": 0.1642411724,
    "eps": 2.02,
    "epsdiluted": 1.97,
    "weightedAverageShsOut": 62388940,
    "weightedAverageShsOutDil": 64312540,
    "link": "https://www.sec.gov/Archives/edgar/data/1474735/000143774921003793/0001437749-21-003793-index.htm",
    "finalLink": "https://www.sec.gov/Archives/edgar/data/1474735/000143774921003793/gnrc20201231_10k.htm"
  },
  {
    "date": "2020-09-30",
    "symbol": "GNRC",
    "reportedCurrency": "USD",
    "cik": "0001474735",
    "fillingDate": "2020-11-03",
    "acceptedDate": "2020-11-03 16:12:49",
    "calendarYear": "2020",
    "period": "Q3",
    "revenue": 701355000,
    "costOfRevenue": 425206000,
    "grossProfit": 276149000,
    "grossProfitRatio": 0.3937364102,
    "researchAndDevelopmentExpenses": 20658000,
    "generalAndAdministrativeExpenses": 31061000,
    "sellingAndMarketingExpenses": 60901000,
    "sellingGeneralAndAdministrativeExpenses": 91962000,
    "otherExpenses": 7892000,
    "operatingExpenses": 120512000,
    "costAndExpenses": 545718000,
    "interestIncome": 0,
    "interestExpense": 8096000,
    "depreciationAndAmortization": 17168000,
    "ebitda": 172549000,
    "ebitdaratio": 0.2460223425,
    "operatingIncome": 155637000,
    "operatingIncomeRatio": 0.221909019,
    "totalOtherIncomeExpensesNet": -8352000,
    "incomeBeforeTax": 147285000,
    "incomeBeforeTaxRatio": 0.2100006416,
    "incomeTaxExpense": 32050000,
    "netIncome": 115781000,
    "netIncomeRatio": 0.1650818772,
    "eps": 1.86,
    "epsdiluted": 1.82,
    "weightedAverageShsOut": 62353473,
    "weightedAverageShsOutDil": 63761380,
    "link": "https://www.sec.gov/Archives/edgar/data/1474735/000143774920022373/0001437749-20-022373-index.htm",
    "finalLink": "https://www.sec.gov/Archives/edgar/data/1474735/000143774920022373/gnrc20200930_10q.htm"
  },
  {
    "date": "2020-06-30",
    "symbol": "GNRC",
    "reportedCurrency": "USD",
    "cik": "0001474735",
    "fillingDate": "2020-08-04",
    "acceptedDate": "2020-08-04 17:16:06",
    "calendarYear": "2020",
    "period": "Q2",
    "revenue": 546848000,
    "costOfRevenue": 337865000,
    "grossProfit": 208983000,
    "grossProfitRatio": 0.3821592106,
    "researchAndDevelopmentExpenses": 19455000,
    "generalAndAdministrativeExpenses": 29782000,
    "sellingAndMarketingExpenses": 62526000,
    "sellingGeneralAndAdministrativeExpenses": 92308000,
    "otherExpenses": 7667000,
    "operatingExpenses": 119430000,
    "costAndExpenses": 457295000,
    "interestIncome": 0,
    "interestExpense": 7932000,
    "depreciationAndAmortization": 16803000,
    "ebitda": 106800000,
    "ebitdaratio": 0.1953010709,
    "operatingIncome": 89553000,
    "operatingIncomeRatio": 0.1637621423,
    "totalOtherIncomeExpensesNet": -7488000,
    "incomeBeforeTax": 82065000,
    "incomeBeforeTaxRatio": 0.1500691234,
    "incomeTaxExpense": 18473000,
    "netIncome": 66145000,
    "netIncomeRatio": 0.120956829,
    "eps": 1.04,
    "epsdiluted": 1.02,
    "weightedAverageShsOut": 62267083,
    "weightedAverageShsOutDil": 63364253,
    "link": "https://www.sec.gov/Archives/edgar/data/1474735/000143774920016520/0001437749-20-016520-index.htm",
    "finalLink": "https://www.sec.gov/Archives/edgar/data/1474735/000143774920016520/gnrc20200630_10q.htm"
  },
  {
    "date": "2020-03-31",
    "symbol": "GNRC",
    "reportedCurrency": "USD",
    "cik": "0001474735",
    "fillingDate": "2020-05-05",
    "acceptedDate": "2020-05-05 16:40:12",
    "calendarYear": "2020",
    "period": "Q1",
    "revenue": 475915000,
    "costOfRevenue": 303595000,
    "grossProfit": 172320000,
    "grossProfitRatio": 0.3620814641,
    "researchAndDevelopmentExpenses": 18649000,
    "generalAndAdministrativeExpenses": 27889000,
    "sellingAndMarketingExpenses": 55139000,
    "sellingGeneralAndAdministrativeExpenses": 83028000,
    "otherExpenses": 7781000,
    "operatingExpenses": 109458000,
    "costAndExpenses": 413053000,
    "interestIncome": 0,
    "interestExpense": 9053000,
    "depreciationAndAmortization": 16116000,
    "ebitda": 78024000,
    "ebitdaratio": 0.1639452423,
    "operatingIncome": 62862000,
    "operatingIncomeRatio": 0.1320866121,
    "totalOtherIncomeExpensesNet": -10007000,
    "incomeBeforeTax": 52855000,
    "incomeBeforeTaxRatio": 0.1110597481,
    "incomeTaxExpense": 9444000,
    "netIncome": 44460000,
    "netIncomeRatio": 0.0934200435,
    "eps": 0.69,
    "epsdiluted": 0.68,
    "weightedAverageShsOut": 62126481,
    "weightedAverageShsOutDil": 63283737,
    "link": "https://www.sec.gov/Archives/edgar/data/1474735/000143774920009467/0001437749-20-009467-index.htm",
    "finalLink": "https://www.sec.gov/Archives/edgar/data/1474735/000143774920009467/gnrc20200331_10q.htm"
  },
  {
    "date": "2019-12-31",
    "symbol": "GNRC",
    "reportedCurrency": "USD",
    "cik": "0001474735",
    "fillingDate": "2020-02-25",
    "acceptedDate": "2020-02-25 16:59:23",
    "calendarYear": "2019",
    "period": "Q4",
    "revenue": 590932000,
    "costOfRevenue": 368710000,
    "grossProfit": 222222000,
    "grossProfitRatio": 0.3760534207,
    "researchAndDevelopmentExpenses": 19488000,
    "generalAndAdministrativeExpenses": 30852000,
    "sellingAndMarketingExpenses": 58729000,
    "sellingGeneralAndAdministrativeExpenses": 89581000,
    "otherExpenses": 8645000,
    "operatingExpenses": 117714000,
    "costAndExpenses": 486424000,
    "interestIncome": 0,
    "interestExpense": 10116000,
    "depreciationAndAmortization": 18068000,
    "ebitda": 111543000,
    "ebitdaratio": 0.1887577589,
    "operatingIncome": 104508000,
    "operatingIncomeRatio": 0.1768528359,
    "totalOtherIncomeExpensesNet": -21149000,
    "incomeBeforeTax": 83359000,
    "incomeBeforeTaxRatio": 0.141063608,
    "incomeTaxExpense": 13423000,
    "netIncome": 70668000,
    "netIncomeRatio": 0.1195873637,
    "eps": 1.14,
    "epsdiluted": 1.12,
    "weightedAverageShsOut": 62056624,
    "weightedAverageShsOutDil": 63219078,
    "link": "https://www.sec.gov/Archives/edgar/data/1474735/000143774920003516/0001437749-20-003516-index.htm",
    "finalLink": "https://www.sec.gov/Archives/edgar/data/1474735/000143774920003516/gnrc20191231_10k.htm"
  },
  {
    "date": "2019-09-30",
    "symbol": "GNRC",
    "reportedCurrency": "USD",
    "cik": "0001474735",
    "fillingDate": "2019-11-05",
    "acceptedDate": "2019-11-05 17:27:35",
    "calendarYear": "2019",
    "period": "Q3",
    "revenue": 601135000,
    "costOfRevenue": 383618000,
    "grossProfit": 217517000,
    "grossProfitRatio": 0.3618438454,
    "researchAndDevelopmentExpenses": 17603000,
    "generalAndAdministrativeExpenses": 27596000,
    "sellingAndMarketingExpenses": 59356000,
    "sellingGeneralAndAdministrativeExpenses": 86952000,
    "otherExpenses": 7406000,
    "operatingExpenses": 111961000,
    "costAndExpenses": 495579000,
    "interestIncome": 0,
    "interestExpense": 10704000,
    "depreciationAndAmortization": 15494000,
    "ebitda": 121159000,
    "ebitdaratio": 0.2015504005,
    "operatingIncome": 105556000,
    "operatingIncomeRatio": 0.1755945004,
    "totalOtherIncomeExpensesNet": -10595000,
    "incomeBeforeTax": 94961000,
    "incomeBeforeTaxRatio": 0.1579695077,
    "incomeTaxExpense": 20064000,
    "netIncome": 74089000,
    "netIncomeRatio": 0.1232485215,
    "eps": 1.2,
    "epsdiluted": 1.18,
    "weightedAverageShsOut": 61973447,
    "weightedAverageShsOutDil": 62770592,
    "link": "https://www.sec.gov/Archives/edgar/data/1474735/000143774919021621/0001437749-19-021621-index.htm",
    "finalLink": "https://www.sec.gov/Archives/edgar/data/1474735/000143774919021621/gnrc20190930_10q.htm"
  },
  {
    "date": "2019-06-30",
    "symbol": "GNRC",
    "reportedCurrency": "USD",
    "cik": "0001474735",
    "fillingDate": "2019-08-06",
    "acceptedDate": "2019-08-06 16:04:21",
    "calendarYear": "2019",
    "period": "Q2",
    "revenue": 541916000,
    "costOfRevenue": 346078000,
    "grossProfit": 195838000,
    "grossProfitRatio": 0.3613807306,
    "researchAndDevelopmentExpenses": 17694000,
    "generalAndAdministrativeExpenses": 27658000,
    "sellingAndMarketingExpenses": 52309000,
    "sellingGeneralAndAdministrativeExpenses": 79967000,
    "otherExpenses": 7251000,
    "operatingExpenses": 104912000,
    "costAndExpenses": 450990000,
    "interestIncome": 0,
    "interestExpense": 10452000,
    "depreciationAndAmortization": 14740000,
    "ebitda": 105725000,
    "ebitdaratio": 0.1950948117,
    "operatingIncome": 90926000,
    "operatingIncomeRatio": 0.1677861514,
    "totalOtherIncomeExpensesNet": -10393000,
    "incomeBeforeTax": 80533000,
    "incomeBeforeTaxRatio": 0.1486079023,
    "incomeTaxExpense": 18827000,
    "netIncome": 61958000,
    "netIncomeRatio": 0.1143313724,
    "eps": 0.99,
    "epsdiluted": 0.98,
    "weightedAverageShsOut": 61921711,
    "weightedAverageShsOutDil": 62405863,
    "link": "https://www.sec.gov/Archives/edgar/data/1474735/000143774919015628/0001437749-19-015628-index.htm",
    "finalLink": "https://www.sec.gov/Archives/edgar/data/1474735/000143774919015628/gnrc20190630_10q.htm"
  },
  {
    "date": "2019-03-31",
    "symbol": "GNRC",
    "reportedCurrency": "USD",
    "cik": "0001474735",
    "fillingDate": "2019-05-07",
    "acceptedDate": "2019-05-07 16:08:41",
    "calendarYear": "2019",
    "period": "Q1",
    "revenue": 470353000,
    "costOfRevenue": 308178000,
    "grossProfit": 162175000,
    "grossProfitRatio": 0.344794229,
    "researchAndDevelopmentExpenses": 13609000,
    "generalAndAdministrativeExpenses": 24762000,
    "sellingAndMarketingExpenses": 47289000,
    "sellingGeneralAndAdministrativeExpenses": 72051000,
    "otherExpenses": 5342000,
    "operatingExpenses": 91002000,
    "costAndExpenses": 399180000,
    "interestIncome": 0,
    "interestExpense": 10272000,
    "depreciationAndAmortization": 12607000,
    "ebitda": 83633000,
    "ebitdaratio": 0.1778090073,
    "operatingIncome": 71173000,
    "operatingIncomeRatio": 0.1513182652,
    "totalOtherIncomeExpensesNet": -10419000,
    "incomeBeforeTax": 60754000,
    "incomeBeforeTaxRatio": 0.1291668173,
    "incomeTaxExpense": 14985000,
    "netIncome": 44861000,
    "netIncomeRatio": 0.0953773017,
    "eps": 0.77,
    "epsdiluted": 0.76,
    "weightedAverageShsOut": 61762260,
    "weightedAverageShsOutDil": 62223638,
    "link": "https://www.sec.gov/Archives/edgar/data/1474735/000143774919008988/0001437749-19-008988-index.htm",
    "finalLink": "https://www.sec.gov/Archives/edgar/data/1474735/000143774919008988/gnrc20190331_10q.htm"
  },
  {
    "date": "2018-12-31",
    "symbol": "GNRC",
    "reportedCurrency": "USD",
    "cik": "0001474735",
    "fillingDate": "2019-02-26",
    "acceptedDate": "2019-02-26 16:06:04",
    "calendarYear": "2018",
    "period": "Q4",
    "revenue": 563404000,
    "costOfRevenue": 359098000,
    "grossProfit": 204306000,
    "grossProfitRatio": 0.3626278834,
    "researchAndDevelopmentExpenses": 11897000,
    "generalAndAdministrativeExpenses": 28228000,
    "sellingAndMarketingExpenses": 50013000,
    "sellingGeneralAndAdministrativeExpenses": 84845000,
    "otherExpenses": 5320000,
    "operatingExpenses": 102062000,
    "costAndExpenses": 462518000,
    "interestIncome": 0,
    "interestExpense": 10017000,
    "depreciationAndAmortization": 12284000,
    "ebitda": 118984000,
    "ebitdaratio": 0.211187709,
    "operatingIncome": 108848000,
    "operatingIncomeRatio": 0.1931970664,
    "totalOtherIncomeExpensesNet": -12165000,
    "incomeBeforeTax": 96683000,
    "incomeBeforeTaxRatio": 0.1716051004,
    "incomeTaxExpense": 19986000,
    "netIncome": 75575000,
    "netIncomeRatio": 0.1341399777,
    "eps": 1.21,
    "epsdiluted": 1.2,
    "weightedAverageShsOut": 61669467,
    "weightedAverageShsOutDil": 62201066,
    "link": "https://www.sec.gov/Archives/edgar/data/1474735/000143774919003397/0001437749-19-003397-index.htm",
    "finalLink": "https://www.sec.gov/Archives/edgar/data/1474735/000143774919003397/gnrc20181231_10k.htm"
  },
  {
    "date": "2018-09-30",
    "symbol": "GNRC",
    "reportedCurrency": "USD",
    "cik": "0001474735",
    "fillingDate": "2018-11-06",
    "acceptedDate": "2018-11-06 16:10:10",
    "calendarYear": "2018",
    "period": "Q3",
    "revenue": 559515000,
    "costOfRevenue": 361630000,
    "grossProfit": 197885000,
    "grossProfitRatio": 0.353672377,
    "researchAndDevelopmentExpenses": 13653000,
    "generalAndAdministrativeExpenses": 25499000,
    "sellingAndMarketingExpenses": 46536000,
    "sellingGeneralAndAdministrativeExpenses": 74484000,
    "otherExpenses": 5678000,
    "operatingExpenses": 93815000,
    "costAndExpenses": 455869000,
    "interestIncome": 0,
    "interestExpense": 9824000,
    "depreciationAndAmortization": 11841000,
    "ebitda": 118259000,
    "ebitdaratio": 0.2113598384,
    "operatingIncome": 106519000,
    "operatingIncomeRatio": 0.1903773804,
    "totalOtherIncomeExpensesNet": -9925000,
    "incomeBeforeTax": 96594000,
    "incomeBeforeTaxRatio": 0.1726388032,
    "incomeTaxExpense": 20072000,
    "netIncome": 68864000,
    "netIncomeRatio": 0.1230780229,
    "eps": 1.12,
    "epsdiluted": 1.11,
    "weightedAverageShsOut": 61579564,
    "weightedAverageShsOutDil": 62220298,
    "link": "https://www.sec.gov/Archives/edgar/data/1474735/000143774918019673/0001437749-18-019673-index.htm",
    "finalLink": "https://www.sec.gov/Archives/edgar/data/1474735/000143774918019673/gnrc20180930_10q.htm"
  },
  {
    "date": "2018-06-30",
    "symbol": "GNRC",
    "reportedCurrency": "USD",
    "cik": "0001474735",
    "fillingDate": "2018-08-07",
    "acceptedDate": "2018-08-07 16:09:17",
    "calendarYear": "2018",
    "period": "Q2",
    "revenue": 494949000,
    "costOfRevenue": 318693000,
    "grossProfit": 176256000,
    "grossProfitRatio": 0.3561094173,
    "researchAndDevelopmentExpenses": 12616000,
    "generalAndAdministrativeExpenses": 26639000,
    "sellingAndMarketingExpenses": 46052000,
    "sellingGeneralAndAdministrativeExpenses": 74908000,
    "otherExpenses": 5482000,
    "operatingExpenses": 93006000,
    "costAndExpenses": 412114000,
    "interestIncome": 0,
    "interestExpense": 11002000,
    "depreciationAndAmortization": 11600000,
    "ebitda": 95215000,
    "ebitdaratio": 0.1923733556,
    "operatingIncome": 85467000,
    "operatingIncomeRatio": 0.1726783972,
    "totalOtherIncomeExpensesNet": -12854000,
    "incomeBeforeTax": 72613000,
    "incomeBeforeTaxRatio": 0.1467080447,
    "incomeTaxExpense": 18382000,
    "netIncome": 50956000,
    "netIncomeRatio": 0.1029520213,
    "eps": 0.83,
    "epsdiluted": 0.82,
    "weightedAverageShsOut": 61534423,
    "weightedAverageShsOutDil": 62054447,
    "link": "https://www.sec.gov/Archives/edgar/data/1474735/000143774918014736/0001437749-18-014736-index.htm",
    "finalLink": "https://www.sec.gov/Archives/edgar/data/1474735/000143774918014736/gnrc20180630_10q.htm"
  },
  {
    "date": "2018-03-31",
    "symbol": "GNRC",
    "reportedCurrency": "USD",
    "cik": "0001474735",
    "fillingDate": "2018-05-07",
    "acceptedDate": "2018-05-07 16:13:35",
    "calendarYear": "2018",
    "period": "Q1",
    "revenue": 397634000,
    "costOfRevenue": 257645000,
    "grossProfit": 139989000,
    "grossProfitRatio": 0.3520549048,
    "researchAndDevelopmentExpenses": 11853000,
    "generalAndAdministrativeExpenses": 23475000,
    "sellingAndMarketingExpenses": 42682000,
    "sellingGeneralAndAdministrativeExpenses": 68095000,
    "otherExpenses": 5632000,
    "operatingExpenses": 85580000,
    "costAndExpenses": 343744000,
    "interestIncome": 0,
    "interestExpense": 10113000,
    "depreciationAndAmortization": 11683000,
    "ebitda": 66982000,
    "ebitdaratio": 0.16845139,
    "operatingIncome": 56347000,
    "operatingIncomeRatio": 0.1417056892,
    "totalOtherIncomeExpensesNet": -11161000,
    "incomeBeforeTax": 45186000,
    "incomeBeforeTaxRatio": 0.1136371638,
    "incomeTaxExpense": 11416000,
    "netIncome": 33645000,
    "netIncomeRatio": 0.0846129858,
    "eps": 0.42,
    "epsdiluted": 0.42,
    "weightedAverageShsOut": 61943495,
    "weightedAverageShsOutDil": 62474936,
    "link": "https://www.sec.gov/Archives/edgar/data/1474735/000143774918008863/0001437749-18-008863-index.htm",
    "finalLink": "https://www.sec.gov/Archives/edgar/data/1474735/000143774918008863/gnrc20180331_10q.htm"
  },
  {
    "date": "2017-12-31",
    "symbol": "GNRC",
    "reportedCurrency": "USD",
    "cik": "0001474735",
    "fillingDate": "2018-02-26",
    "acceptedDate": "2018-02-26 16:58:16",
    "calendarYear": "2017",
    "period": "Q4",
    "revenue": 488002000,
    "costOfRevenue": 308300000,
    "grossProfit": 179702000,
    "grossProfitRatio": 0.3682402941,
    "researchAndDevelopmentExpenses": 11193000,
    "generalAndAdministrativeExpenses": 23076000,
    "sellingAndMarketingExpenses": 44053000,
    "sellingGeneralAndAdministrativeExpenses": 67129000,
    "otherExpenses": 7307000,
    "operatingExpenses": 85629000,
    "costAndExpenses": 393929000,
    "interestIncome": 0,
    "interestExpense": 10314000,
    "depreciationAndAmortization": 13297000,
    "ebitda": 106709000,
    "ebitdaratio": 0.2186650874,
    "operatingIncome": 94073000,
    "operatingIncomeRatio": 0.1927717509,
    "totalOtherIncomeExpensesNet": -10975000,
    "incomeBeforeTax": 83098000,
    "incomeBeforeTaxRatio": 0.170282089,
    "incomeTaxExpense": 607000,
    "netIncome": 81175000,
    "netIncomeRatio": 0.1663415314,
    "eps": 1.31,
    "epsdiluted": 1.3,
    "weightedAverageShsOut": 61883857,
    "weightedAverageShsOutDil": 62500072,
    "link": "https://www.sec.gov/Archives/edgar/data/1474735/000143774918003334/0001437749-18-003334-index.htm",
    "finalLink": "https://www.sec.gov/Archives/edgar/data/1474735/000143774918003334/gnrc20171231_10k.htm"
  },
  {
    "date": "2017-09-30",
    "symbol": "GNRC",
    "reportedCurrency": "USD",
    "cik": "0001474735",
    "fillingDate": "2017-11-06",
    "acceptedDate": "2017-11-06 16:12:07",
    "calendarYear": "2017",
    "period": "Q3",
    "revenue": 457253000,
    "costOfRevenue": 299784000,
    "grossProfit": 157469000,
    "grossProfitRatio": 0.3443804633,
    "researchAndDevelopmentExpenses": 10864000,
    "generalAndAdministrativeExpenses": 22102000,
    "sellingAndMarketingExpenses": 44402000,
    "sellingGeneralAndAdministrativeExpenses": 65591000,
    "otherExpenses": 7242000,
    "operatingExpenses": 83683000,
    "costAndExpenses": 383291000,
    "interestIncome": 0,
    "interestExpense": 10672000,
    "depreciationAndAmortization": 13108000,
    "ebitda": 83960000,
    "ebitdaratio": 0.1836182595,
    "operatingIncome": 72859000,
    "operatingIncomeRatio": 0.1593406714,
    "totalOtherIncomeExpensesNet": -12228000,
    "incomeBeforeTax": 60631000,
    "incomeBeforeTaxRatio": 0.1325983646,
    "incomeTaxExpense": 20581000,
    "netIncome": 39709000,
    "netIncomeRatio": 0.0868425139,
    "eps": 0.64,
    "epsdiluted": 0.64,
    "weightedAverageShsOut": 61758190,
    "weightedAverageShsOutDil": 62316788,
    "link": "https://www.sec.gov/Archives/edgar/data/1474735/000143774917018410/0001437749-17-018410-index.htm",
    "finalLink": "https://www.sec.gov/Archives/edgar/data/1474735/000143774917018410/gnrc20170930_10q.htm"
  },
  {
    "date": "2017-06-30",
    "symbol": "GNRC",
    "reportedCurrency": "USD",
    "cik": "0001474735",
    "fillingDate": "2017-08-04",
    "acceptedDate": "2017-08-04 16:07:49",
    "calendarYear": "2017",
    "period": "Q2",
    "revenue": 395376000,
    "costOfRevenue": 260916000,
    "grossProfit": 134460000,
    "grossProfitRatio": 0.3400813403,
    "researchAndDevelopmentExpenses": 10567000,
    "generalAndAdministrativeExpenses": 21361000,
    "sellingAndMarketingExpenses": 43116000,
    "sellingGeneralAndAdministrativeExpenses": 63417000,
    "otherExpenses": 7129000,
    "operatingExpenses": 81099000,
    "costAndExpenses": 343053000,
    "interestIncome": 0,
    "interestExpense": 10893000,
    "depreciationAndAmortization": 12986000,
    "ebitda": 63133000,
    "ebitdaratio": 0.1596783821,
    "operatingIncome": 52287000,
    "operatingIncomeRatio": 0.1322462668,
    "totalOtherIncomeExpensesNet": -11963000,
    "incomeBeforeTax": 39859000,
    "incomeBeforeTaxRatio": 0.1008128971,
    "incomeTaxExpense": 14114000,
    "netIncome": 25660000,
    "netIncomeRatio": 0.0649002469,
    "eps": 0.42,
    "epsdiluted": 0.41,
    "weightedAverageShsOut": 62146393,
    "weightedAverageShsOutDil": 62635437,
    "link": "https://www.sec.gov/Archives/edgar/data/1474735/000143774917013821/0001437749-17-013821-index.htm",
    "finalLink": "https://www.sec.gov/Archives/edgar/data/1474735/000143774917013821/gnrc20170630_10q.htm"
  },
  {
    "date": "2017-03-31",
    "symbol": "GNRC",
    "reportedCurrency": "USD",
    "cik": "0001474735",
    "fillingDate": "2017-05-05",
    "acceptedDate": "2017-05-05 16:05:28",
    "calendarYear": "2017",
    "period": "Q1",
    "revenue": 331814000,
    "costOfRevenue": 221328000,
    "grossProfit": 110486000,
    "grossProfitRatio": 0.3329757033,
    "researchAndDevelopmentExpenses": 10301000,
    "generalAndAdministrativeExpenses": 20973000,
    "sellingAndMarketingExpenses": 40184000,
    "sellingGeneralAndAdministrativeExpenses": 60440000,
    "otherExpenses": 7183000,
    "operatingExpenses": 77910000,
    "costAndExpenses": 299595000,
    "interestIncome": 0,
    "interestExpense": 10788000,
    "depreciationAndAmortization": 12597000,
    "ebitda": 43390000,
    "ebitdaratio": 0.1307660316,
    "operatingIncome": 31845000,
    "operatingIncomeRatio": 0.0959724424,
    "totalOtherIncomeExpensesNet": -9790000,
    "incomeBeforeTax": 21100000,
    "incomeBeforeTaxRatio": 0.0635898425,
    "incomeTaxExpense": 8251000,
    "netIncome": 12842000,
    "netIncomeRatio": 0.0387024056,
    "eps": 0.22,
    "epsdiluted": 0.21,
    "weightedAverageShsOut": 62366263,
    "weightedAverageShsOutDil": 62936126,
    "link": "https://www.sec.gov/Archives/edgar/data/1474735/000143774917008152/0001437749-17-008152-index.htm",
    "finalLink": "https://www.sec.gov/Archives/edgar/data/1474735/000143774917008152/gnrc20170331_10q.htm"
  },
  {
    "date": "2016-12-31",
    "symbol": "GNRC",
    "reportedCurrency": "USD",
    "cik": "0001474735",
    "fillingDate": "2017-02-24",
    "acceptedDate": "2017-02-24 16:05:35",
    "calendarYear": "2016",
    "period": "Q4",
    "revenue": 417421000,
    "costOfRevenue": 263294000,
    "grossProfit": 154127000,
    "grossProfitRatio": 0.3692363345,
    "researchAndDevelopmentExpenses": 9717000,
    "generalAndAdministrativeExpenses": 19208000,
    "sellingAndMarketingExpenses": 40543000,
    "sellingGeneralAndAdministrativeExpenses": 59751000,
    "otherExpenses": 7428000,
    "operatingExpenses": 76896000,
    "costAndExpenses": 340190000,
    "interestIncome": 0,
    "interestExpense": 10854000,
    "depreciationAndAmortization": 13075000,
    "ebitda": 89990000,
    "ebitdaratio": 0.2155857036,
    "operatingIncome": 77231000,
    "operatingIncomeRatio": 0.1850194408,
    "totalOtherIncomeExpensesNet": -11170000,
    "incomeBeforeTax": 66061000,
    "incomeBeforeTaxRatio": 0.1582598863,
    "incomeTaxExpense": 24416000,
    "netIncome": 41509000,
    "netIncomeRatio": 0.099441571,
    "eps": 0.64,
    "epsdiluted": 0.64,
    "weightedAverageShsOut": 63021966,
    "weightedAverageShsOutDil": 63533112,
    "link": "https://www.sec.gov/Archives/edgar/data/1474735/000143774917003237/0001437749-17-003237-index.htm",
    "finalLink": "https://www.sec.gov/Archives/edgar/data/1474735/000143774917003237/gnrc20161231_10k.htm"
  },
  {
    "date": "2016-09-30",
    "symbol": "GNRC",
    "reportedCurrency": "USD",
    "cik": "0001474735",
    "fillingDate": "2016-11-04",
    "acceptedDate": "2016-11-04 16:06:44",
    "calendarYear": "2016",
    "period": "Q3",
    "revenue": 373121000,
    "costOfRevenue": 235349000,
    "grossProfit": 137772000,
    "grossProfitRatio": 0.3692421493,
    "researchAndDevelopmentExpenses": 9426000,
    "generalAndAdministrativeExpenses": 18066000,
    "sellingAndMarketingExpenses": 44429000,
    "sellingGeneralAndAdministrativeExpenses": 62495000,
    "otherExpenses": 9511000,
    "operatingExpenses": 81432000,
    "costAndExpenses": 316781000,
    "interestIncome": 0,
    "interestExpense": 11299000,
    "depreciationAndAmortization": 14900000,
    "ebitda": 67725000,
    "ebitdaratio": 0.1815094835,
    "operatingIncome": 56340000,
    "operatingIncomeRatio": 0.1509965936,
    "totalOtherIncomeExpensesNet": -14814000,
    "incomeBeforeTax": 41526000,
    "incomeBeforeTaxRatio": 0.1112936554,
    "incomeTaxExpense": 15514000,
    "netIncome": 26183000,
    "netIncomeRatio": 0.0701729466,
    "eps": 0.41,
    "epsdiluted": 0.4,
    "weightedAverageShsOut": 64615935,
    "weightedAverageShsOutDil": 65126117,
    "link": "https://www.sec.gov/Archives/edgar/data/1474735/000143774916041147/0001437749-16-041147-index.htm",
    "finalLink": "https://www.sec.gov/Archives/edgar/data/1474735/000143774916041147/gnrc20161022_10q.htm"
  },
  {
    "date": "2016-06-30",
    "symbol": "GNRC",
    "reportedCurrency": "USD",
    "cik": "0001474735",
    "fillingDate": "2016-08-05",
    "acceptedDate": "2016-08-05 16:07:58",
    "calendarYear": "2016",
    "period": "Q2",
    "revenue": 367376000,
    "costOfRevenue": 243229000,
    "grossProfit": 124147000,
    "grossProfitRatio": 0.3379289883,
    "researchAndDevelopmentExpenses": 9889000,
    "generalAndAdministrativeExpenses": 19593000,
    "sellingAndMarketingExpenses": 42366000,
    "sellingGeneralAndAdministrativeExpenses": 61959000,
    "otherExpenses": 8217000,
    "operatingExpenses": 80065000,
    "costAndExpenses": 323294000,
    "interestIncome": 0,
    "interestExpense": 11380000,
    "depreciationAndAmortization": 13650000,
    "ebitda": 57894000,
    "ebitdaratio": 0.1575878664,
    "operatingIncome": 44082000,
    "operatingIncomeRatio": 0.1199915073,
    "totalOtherIncomeExpensesNet": -11218000,
    "incomeBeforeTax": 32864000,
    "incomeBeforeTaxRatio": 0.0894560341,
    "incomeTaxExpense": 11921000,
    "netIncome": 20888000,
    "netIncomeRatio": 0.0568572797,
    "eps": 0.32,
    "epsdiluted": 0.31,
    "weightedAverageShsOut": 65870714,
    "weightedAverageShsOutDil": 66388581,
    "link": "https://www.sec.gov/Archives/edgar/data/1474735/000143774916036603/0001437749-16-036603-index.htm",
    "finalLink": "https://www.sec.gov/Archives/edgar/data/1474735/000143774916036603/gnrc20160630_10q.htm"
  },
  {
    "date": "2016-03-31",
    "symbol": "GNRC",
    "reportedCurrency": "USD",
    "cik": "0001474735",
    "fillingDate": "2016-05-06",
    "acceptedDate": "2016-05-06 16:50:17",
    "calendarYear": "2016",
    "period": "Q1",
    "revenue": 286535000,
    "costOfRevenue": 188475000,
    "grossProfit": 98060000,
    "grossProfitRatio": 0.3422269531,
    "researchAndDevelopmentExpenses": 8197000,
    "generalAndAdministrativeExpenses": 17833000,
    "sellingAndMarketingExpenses": 37269000,
    "sellingGeneralAndAdministrativeExpenses": 55102000,
    "otherExpenses": 7797000,
    "operatingExpenses": 71096000,
    "costAndExpenses": 259571000,
    "interestIncome": 0,
    "interestExpense": 11035000,
    "depreciationAndAmortization": 12793000,
    "ebitda": 39759000,
    "ebitdaratio": 0.1387579179,
    "operatingIncome": 26964000,
    "operatingIncomeRatio": 0.0941036872,
    "totalOtherIncomeExpensesNet": -11033000,
    "incomeBeforeTax": 15931000,
    "incomeBeforeTaxRatio": 0.0555987925,
    "incomeTaxExpense": 5719000,
    "netIncome": 10208000,
    "netIncomeRatio": 0.0356256653,
    "eps": 0.15,
    "epsdiluted": 0.15,
    "weightedAverageShsOut": 66099755,
    "weightedAverageShsOutDil": 66600040,
    "link": "https://www.sec.gov/Archives/edgar/data/1474735/000143774916031130/0001437749-16-031130-index.htm",
    "finalLink": "https://www.sec.gov/Archives/edgar/data/1474735/000143774916031130/gnrc20160331_10q.htm"
  },
  {
    "date": "2015-12-31",
    "symbol": "GNRC",
    "reportedCurrency": "USD",
    "cik": "0001474735",
    "fillingDate": "2016-02-26",
    "acceptedDate": "2016-02-26 17:45:29",
    "calendarYear": "2015",
    "period": "Q4",
    "revenue": 357830000,
    "costOfRevenue": 226706000,
    "grossProfit": 131124000,
    "grossProfitRatio": 0.3664421653,
    "researchAndDevelopmentExpenses": 8015000,
    "generalAndAdministrativeExpenses": 12050000,
    "sellingAndMarketingExpenses": 36925000,
    "sellingGeneralAndAdministrativeExpenses": 48975000,
    "otherExpenses": 46818000,
    "operatingExpenses": 103808000,
    "costAndExpenses": 330514000,
    "interestIncome": 0,
    "interestExpense": 10602000,
    "depreciationAndAmortization": 10573000,
    "ebitda": 36729000,
    "ebitdaratio": 0.1026437135,
    "operatingIncome": 27316000,
    "operatingIncomeRatio": 0.0763379258,
    "totalOtherIncomeExpensesNet": -11762000,
    "incomeBeforeTax": 15554000,
    "incomeBeforeTaxRatio": 0.0434675684,
    "incomeTaxExpense": 6372000,
    "netIncome": 9182000,
    "netIncomeRatio": 0.0256602297,
    "eps": 0.14,
    "epsdiluted": 0.14,
    "weightedAverageShsOut": 66482219,
    "weightedAverageShsOutDil": 67472321,
    "link": "https://www.sec.gov/Archives/edgar/data/1474735/000143774916026187/0001437749-16-026187-index.htm",
    "finalLink": "https://www.sec.gov/Archives/edgar/data/1474735/000143774916026187/gnrc20151231_10k.htm"
  },
  {
    "date": "2015-09-30",
    "symbol": "GNRC",
    "reportedCurrency": "USD",
    "cik": "0001474735",
    "fillingDate": "2015-11-06",
    "acceptedDate": "2015-11-06 14:12:33",
    "calendarYear": "2015",
    "period": "Q3",
    "revenue": 359291000,
    "costOfRevenue": 228965000,
    "grossProfit": 130326000,
    "grossProfitRatio": 0.3627310453,
    "researchAndDevelopmentExpenses": 8332000,
    "generalAndAdministrativeExpenses": 13127000,
    "sellingAndMarketingExpenses": 34715000,
    "sellingGeneralAndAdministrativeExpenses": 47842000,
    "otherExpenses": 6285000,
    "operatingExpenses": 62459000,
    "costAndExpenses": 291424000,
    "interestIncome": 0,
    "interestExpense": 10171000,
    "depreciationAndAmortization": 6285000,
    "ebitda": 74061000,
    "ebitdaratio": 0.2061309635,
    "operatingIncome": 67867000,
    "operatingIncomeRatio": 0.1888914557,
    "totalOtherIncomeExpensesNet": -14613000,
    "incomeBeforeTax": 53254000,
    "incomeBeforeTaxRatio": 0.1482196882,
    "incomeTaxExpense": 19218000,
    "netIncome": 34036000,
    "netIncomeRatio": 0.0947310119,
    "eps": 0.5,
    "epsdiluted": 0.49,
    "weightedAverageShsOut": 68175466,
    "weightedAverageShsOutDil": 69182465,
    "link": "https://www.sec.gov/Archives/edgar/data/1474735/000143774915020022/0001437749-15-020022-index.htm",
    "finalLink": "https://www.sec.gov/Archives/edgar/data/1474735/000143774915020022/gnrc20150930_10q.htm"
  },
  {
    "date": "2015-06-30",
    "symbol": "GNRC",
    "reportedCurrency": "USD",
    "cik": "0001474735",
    "fillingDate": "2015-08-07",
    "acceptedDate": "2015-08-07 16:22:09",
    "calendarYear": "2015",
    "period": "Q2",
    "revenue": 288360000,
    "costOfRevenue": 192463000,
    "grossProfit": 95897000,
    "grossProfitRatio": 0.3325599945,
    "researchAndDevelopmentExpenses": 8412000,
    "generalAndAdministrativeExpenses": 13564000,
    "sellingAndMarketingExpenses": 28474000,
    "sellingGeneralAndAdministrativeExpenses": 42038000,
    "otherExpenses": 5980000,
    "operatingExpenses": 56430000,
    "costAndExpenses": 248893000,
    "interestIncome": 0,
    "interestExpense": 10763000,
    "depreciationAndAmortization": 10129000,
    "ebitda": 44364000,
    "ebitdaratio": 0.153849355,
    "operatingIncome": 39467000,
    "operatingIncomeRatio": 0.1368671106,
    "totalOtherIncomeExpensesNet": -15995000,
    "incomeBeforeTax": 23472000,
    "incomeBeforeTaxRatio": 0.0813982522,
    "incomeTaxExpense": 8628000,
    "netIncome": 14844000,
    "netIncomeRatio": 0.05147732,
    "eps": 0.22,
    "epsdiluted": 0.21,
    "weightedAverageShsOut": 68961877,
    "weightedAverageShsOutDil": 70063063,
    "link": "https://www.sec.gov/Archives/edgar/data/1474735/000143774915015234/0001437749-15-015234-index.htm",
    "finalLink": "https://www.sec.gov/Archives/edgar/data/1474735/000143774915015234/gnrc20150630_10q.htm"
  },
  {
    "date": "2015-03-31",
    "symbol": "GNRC",
    "reportedCurrency": "USD",
    "cik": "0001474735",
    "fillingDate": "2015-05-08",
    "acceptedDate": "2015-05-08 13:33:58",
    "calendarYear": "2015",
    "period": "Q1",
    "revenue": 311818000,
    "costOfRevenue": 209215000,
    "grossProfit": 102603000,
    "grossProfitRatio": 0.3290477137,
    "researchAndDevelopmentExpenses": 8163000,
    "generalAndAdministrativeExpenses": 14206000,
    "sellingAndMarketingExpenses": 30128000,
    "sellingGeneralAndAdministrativeExpenses": 44334000,
    "otherExpenses": 5195000,
    "operatingExpenses": 57692000,
    "costAndExpenses": 266907000,
    "interestIncome": 0,
    "interestExpense": 11268000,
    "depreciationAndAmortization": 9034000,
    "ebitda": 51005000,
    "ebitdaratio": 0.1635729817,
    "operatingIncome": 44911000,
    "operatingIncomeRatio": 0.14402953,
    "totalOtherIncomeExpensesNet": -14208000,
    "incomeBeforeTax": 30703000,
    "incomeBeforeTaxRatio": 0.0984644889,
    "incomeTaxExpense": 11018000,
    "netIncome": 19685000,
    "netIncomeRatio": 0.0631297744,
    "eps": 0.29,
    "epsdiluted": 0.28,
    "weightedAverageShsOut": 68806337,
    "weightedAverageShsOutDil": 70088935,
    "link": "https://www.sec.gov/Archives/edgar/data/1474735/000143774915009450/0001437749-15-009450-index.htm",
    "finalLink": "https://www.sec.gov/Archives/edgar/data/1474735/000143774915009450/gnrc20150331_10q.htm"
  },
  {
    "date": "2014-12-31",
    "symbol": "GNRC",
    "reportedCurrency": "USD",
    "cik": "0001474735",
    "fillingDate": "2015-02-27",
    "acceptedDate": "2015-02-27 14:48:24",
    "calendarYear": "2014",
    "period": "Q4",
    "revenue": 403997000,
    "costOfRevenue": 265587000,
    "grossProfit": 138410000,
    "grossProfitRatio": 0.342601554,
    "researchAndDevelopmentExpenses": 7914000,
    "generalAndAdministrativeExpenses": 15715000,
    "sellingAndMarketingExpenses": 30363000,
    "sellingGeneralAndAdministrativeExpenses": 46078000,
    "otherExpenses": 5303000,
    "operatingExpenses": 59295000,
    "costAndExpenses": 324882000,
    "interestIncome": 0,
    "interestExpense": 11804000,
    "depreciationAndAmortization": 8985000,
    "ebitda": 87643000,
    "ebitdaratio": 0.2169397298,
    "operatingIncome": 79115000,
    "operatingIncomeRatio": 0.1958306621,
    "totalOtherIncomeExpensesNet": -12261000,
    "incomeBeforeTax": 66854000,
    "incomeBeforeTaxRatio": 0.1654814268,
    "incomeTaxExpense": 17464000,
    "netIncome": 49390000,
    "netIncomeRatio": 0.1222533831,
    "eps": 0.72,
    "epsdiluted": 0.7,
    "weightedAverageShsOut": 68598310,
    "weightedAverageShsOutDil": 70170300,
    "link": "https://www.sec.gov/Archives/edgar/data/1474735/000143774915003654/0001437749-15-003654-index.htm",
    "finalLink": "https://www.sec.gov/Archives/edgar/data/1474735/000143774915003654/gnrc20141231_10k.htm"
  },
  {
    "date": "2014-09-30",
    "symbol": "GNRC",
    "reportedCurrency": "USD",
    "cik": "0001474735",
    "fillingDate": "2014-11-07",
    "acceptedDate": "2014-11-07 15:35:04",
    "calendarYear": "2014",
    "period": "Q3",
    "revenue": 352305000,
    "costOfRevenue": 222022000,
    "grossProfit": 130283000,
    "grossProfitRatio": 0.3698017343,
    "researchAndDevelopmentExpenses": 7822000,
    "generalAndAdministrativeExpenses": 13429000,
    "sellingAndMarketingExpenses": 32961000,
    "sellingGeneralAndAdministrativeExpenses": 46390000,
    "otherExpenses": 5277000,
    "operatingExpenses": 59489000,
    "costAndExpenses": 281511000,
    "interestIncome": 0,
    "interestExpense": 12294000,
    "depreciationAndAmortization": 8789000,
    "ebitda": 75945000,
    "ebitdaratio": 0.2155660578,
    "operatingIncome": 70794000,
    "operatingIncomeRatio": 0.2009452037,
    "totalOtherIncomeExpensesNet": -15932000,
    "incomeBeforeTax": 54862000,
    "incomeBeforeTaxRatio": 0.1557230241,
    "incomeTaxExpense": 18365000,
    "netIncome": 36497000,
    "netIncomeRatio": 0.1035948965,
    "eps": 0.53,
    "epsdiluted": 0.52,
    "weightedAverageShsOut": 68556051,
    "weightedAverageShsOutDil": 70033224,
    "link": "https://www.sec.gov/Archives/edgar/data/1474735/000143774914020036/0001437749-14-020036-index.htm",
    "finalLink": "https://www.sec.gov/Archives/edgar/data/1474735/000143774914020036/gnrc20140930_10q.htm"
  },
  {
    "date": "2014-06-30",
    "symbol": "GNRC",
    "reportedCurrency": "USD",
    "cik": "0001474735",
    "fillingDate": "2014-08-07",
    "acceptedDate": "2014-08-07 16:29:24",
    "calendarYear": "2014",
    "period": "Q2",
    "revenue": 362609000,
    "costOfRevenue": 234597000,
    "grossProfit": 128012000,
    "grossProfitRatio": 0.3530303991,
    "researchAndDevelopmentExpenses": 8012000,
    "generalAndAdministrativeExpenses": 12503000,
    "sellingAndMarketingExpenses": 29115000,
    "sellingGeneralAndAdministrativeExpenses": 41618000,
    "otherExpenses": 222000,
    "operatingExpenses": 49852000,
    "costAndExpenses": 284449000,
    "interestIncome": 0,
    "interestExpense": 11428000,
    "depreciationAndAmortization": 8381000,
    "ebitda": 102231000,
    "ebitdaratio": 0.2819317778,
    "operatingIncome": 78160000,
    "operatingIncomeRatio": 0.2155489798,
    "totalOtherIncomeExpensesNet": 4262000,
    "incomeBeforeTax": 82422000,
    "incomeBeforeTaxRatio": 0.2273026869,
    "incomeTaxExpense": 28397000,
    "netIncome": 54025000,
    "netIncomeRatio": 0.1489896831,
    "eps": 0.79,
    "epsdiluted": 0.77,
    "weightedAverageShsOut": 68538251,
    "weightedAverageShsOutDil": 70087976,
    "link": "https://www.sec.gov/Archives/edgar/data/1474735/000143774914014607/0001437749-14-014607-index.htm",
    "finalLink": "https://www.sec.gov/Archives/edgar/data/1474735/000143774914014607/gnrc20140630_10q.htm"
  },
  {
    "date": "2014-03-31",
    "symbol": "GNRC",
    "reportedCurrency": "USD",
    "cik": "0001474735",
    "fillingDate": "2014-05-08",
    "acceptedDate": "2014-05-08 12:28:02",
    "calendarYear": "2014",
    "period": "Q1",
    "revenue": 342008000,
    "costOfRevenue": 222494000,
    "grossProfit": 119514000,
    "grossProfitRatio": 0.3494479661,
    "researchAndDevelopmentExpenses": 7746000,
    "generalAndAdministrativeExpenses": 13148000,
    "sellingAndMarketingExpenses": 27969000,
    "sellingGeneralAndAdministrativeExpenses": 41117000,
    "otherExpenses": 5345000,
    "operatingExpenses": 54208000,
    "costAndExpenses": 276702000,
    "interestIncome": 0,
    "interestExpense": 11689000,
    "depreciationAndAmortization": 8575000,
    "ebitda": 74488000,
    "ebitdaratio": 0.2177960749,
    "operatingIncome": 65306000,
    "operatingIncomeRatio": 0.1909487497,
    "totalOtherIncomeExpensesNet": -11082000,
    "incomeBeforeTax": 54224000,
    "incomeBeforeTaxRatio": 0.1585459989,
    "incomeTaxExpense": 19523000,
    "netIncome": 34701000,
    "netIncomeRatio": 0.1014625389,
    "eps": 0.51,
    "epsdiluted": 0.5,
    "weightedAverageShsOut": 68421800,
    "weightedAverageShsOutDil": 70008490,
    "link": "https://www.sec.gov/Archives/edgar/data/1474735/000147473514000015/0001474735-14-000015-index.htm",
    "finalLink": "https://www.sec.gov/Archives/edgar/data/1474735/000147473514000015/form10q.htm"
  },
  {
    "date": "2013-12-31",
    "symbol": "GNRC",
    "reportedCurrency": "USD",
    "cik": "0001474735",
    "fillingDate": "2014-03-03",
    "acceptedDate": "2014-03-03 10:35:43",
    "calendarYear": "2013",
    "period": "Q4",
    "revenue": 376236000,
    "costOfRevenue": 230554000,
    "grossProfit": 145682000,
    "grossProfitRatio": 0.3872090922,
    "researchAndDevelopmentExpenses": 8379000,
    "generalAndAdministrativeExpenses": 15332000,
    "sellingAndMarketingExpenses": 24467000,
    "sellingGeneralAndAdministrativeExpenses": 39799000,
    "otherExpenses": 6286000,
    "operatingExpenses": 54464000,
    "costAndExpenses": 285018000,
    "interestIncome": 0,
    "interestExpense": 12003000,
    "depreciationAndAmortization": 9272000,
    "ebitda": 99733000,
    "ebitdaratio": 0.2650809598,
    "operatingIncome": 91218000,
    "operatingIncomeRatio": 0.2424488885,
    "totalOtherIncomeExpensesNet": -12760000,
    "incomeBeforeTax": 78458000,
    "incomeBeforeTaxRatio": 0.2085340053,
    "incomeTaxExpense": 29940000,
    "netIncome": 48518000,
    "netIncomeRatio": 0.1289562934,
    "eps": 0.71,
    "epsdiluted": 0.69,
    "weightedAverageShsOut": 68203811,
    "weightedAverageShsOutDil": 69918699,
    "link": "https://www.sec.gov/Archives/edgar/data/1474735/000147473514000005/0001474735-14-000005-index.htm",
    "finalLink": "https://www.sec.gov/Archives/edgar/data/1474735/000147473514000005/form10k.htm"
  },
  {
    "date": "2013-09-30",
    "symbol": "GNRC",
    "reportedCurrency": "USD",
    "cik": "0001474735",
    "fillingDate": "2013-11-05",
    "acceptedDate": "2013-11-05 11:57:13",
    "calendarYear": "2013",
    "period": "Q3",
    "revenue": 363269000,
    "costOfRevenue": 223806000,
    "grossProfit": 139463000,
    "grossProfitRatio": 0.3839110962,
    "researchAndDevelopmentExpenses": 7183000,
    "generalAndAdministrativeExpenses": 13693000,
    "sellingAndMarketingExpenses": 24295000,
    "sellingGeneralAndAdministrativeExpenses": 37988000,
    "otherExpenses": 7003000,
    "operatingExpenses": 52174000,
    "costAndExpenses": 275980000,
    "interestIncome": 0,
    "interestExpense": 12494000,
    "depreciationAndAmortization": 9846000,
    "ebitda": 96385000,
    "ebitdaratio": 0.2653267964,
    "operatingIncome": 87289000,
    "operatingIncomeRatio": 0.2402875004,
    "totalOtherIncomeExpensesNet": -13244000,
    "incomeBeforeTax": 74045000,
    "incomeBeforeTaxRatio": 0.2038296689,
    "incomeTaxExpense": 26952000,
    "netIncome": 47093000,
    "netIncomeRatio": 0.1296367155,
    "eps": 0.69,
    "epsdiluted": 0.67,
    "weightedAverageShsOut": 68198006,
    "weightedAverageShsOutDil": 69887025,
    "link": "https://www.sec.gov/Archives/edgar/data/1474735/000147473513000038/0001474735-13-000038-index.htm",
    "finalLink": "https://www.sec.gov/Archives/edgar/data/1474735/000147473513000038/form10q.htm"
  },
  {
    "date": "2013-06-30",
    "symbol": "GNRC",
    "reportedCurrency": "USD",
    "cik": "0001474735",
    "fillingDate": "2013-08-07",
    "acceptedDate": "2013-08-07 08:52:59",
    "calendarYear": "2013",
    "period": "Q2",
    "revenue": 346688000,
    "costOfRevenue": 215735000,
    "grossProfit": 130953000,
    "grossProfitRatio": 0.3777257938,
    "researchAndDevelopmentExpenses": 7064000,
    "generalAndAdministrativeExpenses": 14039000,
    "sellingAndMarketingExpenses": 27072000,
    "sellingGeneralAndAdministrativeExpenses": 41111000,
    "otherExpenses": 6345000,
    "operatingExpenses": 54520000,
    "costAndExpenses": 270255000,
    "interestIncome": 0,
    "interestExpense": 14263000,
    "depreciationAndAmortization": 8906000,
    "ebitda": 69958000,
    "ebitdaratio": 0.2017895053,
    "operatingIncome": 76433000,
    "operatingIncomeRatio": 0.2204662405,
    "totalOtherIncomeExpensesNet": -29644000,
    "incomeBeforeTax": 46789000,
    "incomeBeforeTaxRatio": 0.134959964,
    "incomeTaxExpense": 18535000,
    "netIncome": 28254000,
    "netIncomeRatio": 0.0814969079,
    "eps": 0.41,
    "epsdiluted": 0.4,
    "weightedAverageShsOut": 68140330,
    "weightedAverageShsOutDil": 69809599,
    "link": "https://www.sec.gov/Archives/edgar/data/1474735/000147473513000025/0001474735-13-000025-index.htm",
    "finalLink": "https://www.sec.gov/Archives/edgar/data/1474735/000147473513000025/form10q.htm"
  },
  {
    "date": "2013-03-31",
    "symbol": "GNRC",
    "reportedCurrency": "USD",
    "cik": "0001474735",
    "fillingDate": "2013-05-07",
    "acceptedDate": "2013-05-07 15:34:56",
    "calendarYear": "2013",
    "period": "Q1",
    "revenue": 399572000,
    "costOfRevenue": 246110000,
    "grossProfit": 153462000,
    "grossProfitRatio": 0.3840659506,
    "researchAndDevelopmentExpenses": 6645000,
    "generalAndAdministrativeExpenses": 12426000,
    "sellingAndMarketingExpenses": 31681000,
    "sellingGeneralAndAdministrativeExpenses": 44107000,
    "otherExpenses": 6185000,
    "operatingExpenses": 56937000,
    "costAndExpenses": 303047000,
    "interestIncome": 0,
    "interestExpense": 15675000,
    "depreciationAndAmortization": 8750000,
    "ebitda": 103849000,
    "ebitdaratio": 0.2599005936,
    "operatingIncome": 96525000,
    "operatingIncomeRatio": 0.2415709809,
    "totalOtherIncomeExpensesNet": -17101000,
    "incomeBeforeTax": 79424000,
    "incomeBeforeTaxRatio": 0.1987726868,
    "incomeTaxExpense": 28750000,
    "netIncome": 50674000,
    "netIncomeRatio": 0.1268206981,
    "eps": 0.75,
    "epsdiluted": 0.73,
    "weightedAverageShsOut": 67864475,
    "weightedAverageShsOutDil": 69554941,
    "link": "https://www.sec.gov/Archives/edgar/data/1474735/000147473513000014/0001474735-13-000014-index.htm",
    "finalLink": "https://www.sec.gov/Archives/edgar/data/1474735/000147473513000014/form10q.htm"
  },
  {
    "date": "2012-12-31",
    "symbol": "GNRC",
    "reportedCurrency": "USD",
    "cik": "0001474735",
    "fillingDate": "2013-03-13",
    "acceptedDate": "2013-03-13 13:56:53",
    "calendarYear": "2012",
    "period": "Q4",
    "revenue": 342022000,
    "costOfRevenue": 215869000,
    "grossProfit": 126153000,
    "grossProfitRatio": 0.3688446942,
    "researchAndDevelopmentExpenses": 6285000,
    "generalAndAdministrativeExpenses": 15332000,
    "sellingAndMarketingExpenses": 27791000,
    "sellingGeneralAndAdministrativeExpenses": 43123000,
    "otherExpenses": 76745000,
    "operatingExpenses": 126153000,
    "costAndExpenses": 342022000,
    "interestIncome": 16588000,
    "interestExpense": 0,
    "depreciationAndAmortization": 11142000,
    "ebitda": 77437000,
    "ebitdaratio": 0.2264094123,
    "operatingIncome": 67780000,
    "operatingIncomeRatio": 0.1981743864,
    "totalOtherIncomeExpensesNet": -18098000,
    "incomeBeforeTax": 49682000,
    "incomeBeforeTaxRatio": 0.1452596617,
    "incomeTaxExpense": 21395000,
    "netIncome": 28287000,
    "netIncomeRatio": 0.0827052061,
    "eps": 0.42,
    "epsdiluted": 0.41,
    "weightedAverageShsOut": 67515127,
    "weightedAverageShsOutDil": 69477244,
    "link": "https://www.sec.gov/Archives/edgar/data/1474735/000147473513000006/0001474735-13-000006-index.htm",
    "finalLink": "https://www.sec.gov/Archives/edgar/data/1474735/000147473513000006/form10k.htm"
  },
  {
    "date": "2012-09-30",
    "symbol": "GNRC",
    "reportedCurrency": "USD",
    "cik": "0001474735",
    "fillingDate": "2012-11-06",
    "acceptedDate": "2012-11-06 15:45:38",
    "calendarYear": "2012",
    "period": "Q3",
    "revenue": 300586000,
    "costOfRevenue": 184773000,
    "grossProfit": 115813000,
    "grossProfitRatio": 0.3852907321,
    "researchAndDevelopmentExpenses": 6456000,
    "generalAndAdministrativeExpenses": 11435000,
    "sellingAndMarketingExpenses": 26409000,
    "sellingGeneralAndAdministrativeExpenses": 37844000,
    "otherExpenses": 12389000,
    "operatingExpenses": 56689000,
    "costAndExpenses": 241462000,
    "interestIncome": 6000,
    "interestExpense": 16933000,
    "depreciationAndAmortization": 14510000,
    "ebitda": 73310000,
    "ebitdaratio": 0.2438902677,
    "operatingIncome": 59124000,
    "operatingIncomeRatio": 0.1966957876,
    "totalOtherIncomeExpensesNet": -17257000,
    "incomeBeforeTax": 41867000,
    "incomeBeforeTaxRatio": 0.1392845974,
    "incomeTaxExpense": 16326000,
    "netIncome": 25541000,
    "netIncomeRatio": 0.0849706906,
    "eps": 0.38,
    "epsdiluted": 0.37,
    "weightedAverageShsOut": 67415363,
    "weightedAverageShsOutDil": 69166501,
    "link": "https://www.sec.gov/Archives/edgar/data/1474735/000147473512000053/0001474735-12-000053-index.htm",
    "finalLink": "https://www.sec.gov/Archives/edgar/data/1474735/000147473512000053/form10q.htm"
  },
  {
    "date": "2012-06-30",
    "symbol": "GNRC",
    "reportedCurrency": "USD",
    "cik": "0001474735",
    "fillingDate": "2012-08-07",
    "acceptedDate": "2012-08-07 09:11:30",
    "calendarYear": "2012",
    "period": "Q2",
    "revenue": 239137000,
    "costOfRevenue": 151708000,
    "grossProfit": 87429000,
    "grossProfitRatio": 0.3656021444,
    "researchAndDevelopmentExpenses": 5703000,
    "generalAndAdministrativeExpenses": 10158000,
    "sellingAndMarketingExpenses": 22122000,
    "sellingGeneralAndAdministrativeExpenses": 32280000,
    "otherExpenses": 12288000,
    "operatingExpenses": 50271000,
    "costAndExpenses": 201979000,
    "interestIncome": 29000,
    "interestExpense": 9894000,
    "depreciationAndAmortization": 12288000,
    "ebitda": 39883000,
    "ebitdaratio": 0.1667788757,
    "operatingIncome": 37158000,
    "operatingIncomeRatio": 0.155383734,
    "totalOtherIncomeExpensesNet": -21459000,
    "incomeBeforeTax": 15699000,
    "incomeBeforeTaxRatio": 0.0656485613,
    "incomeTaxExpense": 6364000,
    "netIncome": 9335000,
    "netIncomeRatio": 0.039036201,
    "eps": 0.14,
    "epsdiluted": 0.14,
    "weightedAverageShsOut": 67309260,
    "weightedAverageShsOutDil": 68645533,
    "link": "https://www.sec.gov/Archives/edgar/data/1474735/000147473512000037/0001474735-12-000037-index.htm",
    "finalLink": "https://www.sec.gov/Archives/edgar/data/1474735/000147473512000037/form10q.htm"
  },
  {
    "date": "2012-03-31",
    "symbol": "GNRC",
    "reportedCurrency": "USD",
    "cik": "0001474735",
    "fillingDate": "2012-05-08",
    "acceptedDate": "2012-05-08 16:48:15",
    "calendarYear": "2012",
    "period": "Q1",
    "revenue": 294561000,
    "costOfRevenue": 183556000,
    "grossProfit": 111005000,
    "grossProfitRatio": 0.3768489379,
    "researchAndDevelopmentExpenses": 5055000,
    "generalAndAdministrativeExpenses": 9106000,
    "sellingAndMarketingExpenses": 25126000,
    "sellingGeneralAndAdministrativeExpenses": 34232000,
    "otherExpenses": 12225000,
    "operatingExpenses": 51512000,
    "costAndExpenses": 235068000,
    "interestIncome": 19000,
    "interestExpense": 5674000,
    "depreciationAndAmortization": 14218000,
    "ebitda": 68996000,
    "ebitdaratio": 0.2342333167,
    "operatingIncome": 59493000,
    "operatingIncomeRatio": 0.2019717478,
    "totalOtherIncomeExpensesNet": -10389000,
    "incomeBeforeTax": 49104000,
    "incomeBeforeTaxRatio": 0.1667023129,
    "incomeTaxExpense": 19044000,
    "netIncome": 30060000,
    "netIncomeRatio": 0.1020501696,
    "eps": 0.45,
    "epsdiluted": 0.44,
    "weightedAverageShsOut": 67200480,
    "weightedAverageShsOutDil": 68637927,
    "link": "https://www.sec.gov/Archives/edgar/data/1474735/000147473512000025/0001474735-12-000025-index.htm",
    "finalLink": "https://www.sec.gov/Archives/edgar/data/1474735/000147473512000025/form10q.htm"
  },
  {
    "date": "2011-12-31",
    "symbol": "GNRC",
    "reportedCurrency": "USD",
    "cik": "0001474735",
    "fillingDate": "2012-03-09",
    "acceptedDate": "2012-03-09 14:12:16",
    "calendarYear": "2011",
    "period": "Q4",
    "revenue": 267308000,
    "costOfRevenue": 168843000,
    "grossProfit": 98465000,
    "grossProfitRatio": 0.3683578494,
    "researchAndDevelopmentExpenses": 4807000,
    "generalAndAdministrativeExpenses": 10833000,
    "sellingAndMarketingExpenses": 25126000,
    "sellingGeneralAndAdministrativeExpenses": 35959000,
    "otherExpenses": 57699000,
    "operatingExpenses": 98465000,
    "costAndExpenses": 267308000,
    "interestIncome": 26000,
    "interestExpense": 5888000,
    "depreciationAndAmortization": 14489000,
    "ebitda": 49525000,
    "ebitdaratio": 0.185273168,
    "operatingIncome": 35860000,
    "operatingIncomeRatio": 0.1341523636,
    "totalOtherIncomeExpensesNet": -6712000,
    "incomeBeforeTax": 29148000,
    "incomeBeforeTaxRatio": 0.1090427522,
    "incomeTaxExpense": -237983000,
    "netIncome": 267131000,
    "netIncomeRatio": 0.9993378425,
    "eps": 3.98,
    "epsdiluted": 3.98,
    "weightedAverageShsOut": 67143565,
    "weightedAverageShsOutDil": 68888264,
    "link": "https://www.sec.gov/Archives/edgar/data/1474735/000147473512000013/0001474735-12-000013-index.htm",
    "finalLink": "https://www.sec.gov/Archives/edgar/data/1474735/000147473512000013/form10k.htm"
  },
  {
    "date": "2011-09-30",
    "symbol": "GNRC",
    "reportedCurrency": "USD",
    "cik": "0001474735",
    "fillingDate": "2011-11-14",
    "acceptedDate": "2011-11-14 10:10:04",
    "calendarYear": "2011",
    "period": "Q3",
    "revenue": 239324000,
    "costOfRevenue": 150665000,
    "grossProfit": 88659000,
    "grossProfitRatio": 0.3704559509,
    "researchAndDevelopmentExpenses": 4176000,
    "generalAndAdministrativeExpenses": 7290000,
    "sellingAndMarketingExpenses": 21028000,
    "sellingGeneralAndAdministrativeExpenses": 28318000,
    "otherExpenses": 56165000,
    "operatingExpenses": 88659000,
    "costAndExpenses": 239324000,
    "interestIncome": 25000,
    "interestExpense": 5895000,
    "depreciationAndAmortization": 14111000,
    "ebitda": 57511000,
    "ebitdaratio": 0.2403060286,
    "operatingIncome": 44178000,
    "operatingIncomeRatio": 0.1845949424,
    "totalOtherIncomeExpensesNet": -6673000,
    "incomeBeforeTax": 37505000,
    "incomeBeforeTaxRatio": 0.1567122395,
    "incomeTaxExpense": 126000,
    "netIncome": 37379000,
    "netIncomeRatio": 0.1561857565,
    "eps": 0.56,
    "epsdiluted": 0.55,
    "weightedAverageShsOut": 67134999,
    "weightedAverageShsOutDil": 67646423,
    "link": "https://www.sec.gov/Archives/edgar/data/1474735/000147473511000042/0001474735-11-000042-index.htm",
    "finalLink": "https://www.sec.gov/Archives/edgar/data/1474735/000147473511000042/form10q.htm"
  },
  {
    "date": "2011-06-30",
    "symbol": "GNRC",
    "reportedCurrency": "USD",
    "cik": "0001474735",
    "fillingDate": "2011-08-12",
    "acceptedDate": "2011-08-12 16:15:36",
    "calendarYear": "2011",
    "period": "Q2",
    "revenue": 161363000,
    "costOfRevenue": 101010000,
    "grossProfit": 60353000,
    "grossProfitRatio": 0.3740200666,
    "researchAndDevelopmentExpenses": 3608000,
    "generalAndAdministrativeExpenses": 5772000,
    "sellingAndMarketingExpenses": 17317000,
    "sellingGeneralAndAdministrativeExpenses": 23089000,
    "otherExpenses": 33656000,
    "operatingExpenses": 60353000,
    "costAndExpenses": 161363000,
    "interestIncome": 23000,
    "interestExpense": 5934000,
    "depreciationAndAmortization": 13860000,
    "ebitda": 35170000,
    "ebitdaratio": 0.2179557891,
    "operatingIncome": 21800000,
    "operatingIncomeRatio": 0.1350991243,
    "totalOtherIncomeExpensesNet": -6424000,
    "incomeBeforeTax": 15376000,
    "incomeBeforeTaxRatio": 0.0952882631,
    "incomeTaxExpense": 87000,
    "netIncome": 15289000,
    "netIncomeRatio": 0.0947491061,
    "eps": 0.23,
    "epsdiluted": 0.23,
    "weightedAverageShsOut": 67134999,
    "weightedAverageShsOutDil": 67718654,
    "link": "https://www.sec.gov/Archives/edgar/data/1474735/000147473511000032/0001474735-11-000032-index.htm",
    "finalLink": "https://www.sec.gov/Archives/edgar/data/1474735/000147473511000032/form10q.htm"
  },
  {
    "date": "2011-03-31",
    "symbol": "GNRC",
    "reportedCurrency": "USD",
    "cik": "0001474735",
    "fillingDate": "2011-05-13",
    "acceptedDate": "2011-05-13 14:50:37",
    "calendarYear": "2011",
    "period": "Q1",
    "revenue": 123981000,
    "costOfRevenue": 76804000,
    "grossProfit": 47177000,
    "grossProfitRatio": 0.3805179826,
    "researchAndDevelopmentExpenses": 3885000,
    "generalAndAdministrativeExpenses": 6117000,
    "sellingAndMarketingExpenses": 14305000,
    "sellingGeneralAndAdministrativeExpenses": 20422000,
    "otherExpenses": 22870000,
    "operatingExpenses": 47177000,
    "costAndExpenses": 123981000,
    "interestIncome": 36000,
    "interestExpense": 6001000,
    "depreciationAndAmortization": 13663000,
    "ebitda": 24601000,
    "ebitdaratio": 0.1984255652,
    "operatingIncome": 11143000,
    "operatingIncomeRatio": 0.0898766747,
    "totalOtherIncomeExpensesNet": -6206000,
    "incomeBeforeTax": 4937000,
    "incomeBeforeTaxRatio": 0.0398206177,
    "incomeTaxExpense": 93000,
    "netIncome": 4844000,
    "netIncomeRatio": 0.0390705027,
    "eps": 0.07,
    "epsdiluted": 0.07,
    "weightedAverageShsOut": 67107560,
    "weightedAverageShsOutDil": 67344349,
    "link": "https://www.sec.gov/Archives/edgar/data/1474735/000147473511000018/0001474735-11-000018-index.htm",
    "finalLink": "https://www.sec.gov/Archives/edgar/data/1474735/000147473511000018/form10q.htm"
  },
  {
    "date": "2010-12-31",
    "symbol": "GNRC",
    "reportedCurrency": "USD",
    "cik": "0001474735",
    "fillingDate": "2011-03-07",
    "acceptedDate": "2011-03-07 17:10:05",
    "calendarYear": "2010",
    "period": "Q4",
    "revenue": 161041000,
    "costOfRevenue": 97209000,
    "grossProfit": 63832000,
    "grossProfitRatio": 0.3963711105,
    "researchAndDevelopmentExpenses": 3916000,
    "generalAndAdministrativeExpenses": 6107000,
    "sellingAndMarketingExpenses": 14538000,
    "sellingGeneralAndAdministrativeExpenses": 20645000,
    "otherExpenses": 39271000,
    "operatingExpenses": 63832000,
    "costAndExpenses": 161041000,
    "interestIncome": 235000,
    "interestExpense": 6645000,
    "depreciationAndAmortization": 14918000,
    "ebitda": 40246000,
    "ebitdaratio": 0.2499115132,
    "operatingIncome": 26208000,
    "operatingIncomeRatio": 0.1627411653,
    "totalOtherIncomeExpensesNet": -7525000,
    "incomeBeforeTax": 18683000,
    "incomeBeforeTaxRatio": 0.1160139343,
    "incomeTaxExpense": 70000,
    "netIncome": 18613000,
    "netIncomeRatio": 0.1155792624,
    "eps": 0.28,
    "epsdiluted": 0.28,
    "weightedAverageShsOut": 67179382,
    "weightedAverageShsOutDil": 67179382,
    "link": "https://www.sec.gov/Archives/edgar/data/1474735/000147473511000011/0001474735-11-000011-index.htm",
    "finalLink": "https://www.sec.gov/Archives/edgar/data/1474735/000147473511000011/form10k.htm"
  },
  {
    "date": "2010-09-30",
    "symbol": "GNRC",
    "reportedCurrency": "USD",
    "cik": "0001474735",
    "fillingDate": "2010-11-12",
    "acceptedDate": "2010-11-12 15:14:21",
    "calendarYear": "2010",
    "period": "Q3",
    "revenue": 160666000,
    "costOfRevenue": 93304000,
    "grossProfit": 67362000,
    "grossProfitRatio": 0.4192672999,
    "researchAndDevelopmentExpenses": 3580000,
    "generalAndAdministrativeExpenses": 5654000,
    "sellingAndMarketingExpenses": 15295000,
    "sellingGeneralAndAdministrativeExpenses": 20949000,
    "otherExpenses": 42833000,
    "operatingExpenses": 67362000,
    "costAndExpenses": 160666000,
    "interestIncome": 62000,
    "interestExpense": 6540000,
    "depreciationAndAmortization": 15011000,
    "ebitda": 44627000,
    "ebitdaratio": 0.2777625633,
    "operatingIncome": 29770000,
    "operatingIncomeRatio": 0.1852912253,
    "totalOtherIncomeExpensesNet": -6694000,
    "incomeBeforeTax": 23076000,
    "incomeBeforeTaxRatio": 0.143627152,
    "incomeTaxExpense": 78000,
    "netIncome": 22998000,
    "netIncomeRatio": 0.1431416728,
    "eps": 0.34,
    "epsdiluted": 0.34,
    "weightedAverageShsOut": 67094447,
    "weightedAverageShsOutDil": 67231403,
    "link": "https://www.sec.gov/Archives/edgar/data/1474735/000147473510000013/0001474735-10-000013-index.htm",
    "finalLink": "https://www.sec.gov/Archives/edgar/data/1474735/000147473510000013/form10q_093010.htm"
  },
  {
    "date": "2010-06-30",
    "symbol": "GNRC",
    "reportedCurrency": "USD",
    "cik": "0001474735",
    "fillingDate": "2010-08-13",
    "acceptedDate": "2010-08-13 15:39:15",
    "calendarYear": "2010",
    "period": "Q2",
    "revenue": 140455000,
    "costOfRevenue": 85710000,
    "grossProfit": 54745000,
    "grossProfitRatio": 0.3897689651,
    "researchAndDevelopmentExpenses": 3482000,
    "generalAndAdministrativeExpenses": 5679000,
    "sellingAndMarketingExpenses": 13809000,
    "sellingGeneralAndAdministrativeExpenses": 19488000,
    "otherExpenses": 31775000,
    "operatingExpenses": 54745000,
    "costAndExpenses": 140455000,
    "interestIncome": 36000,
    "interestExpense": 5720000,
    "depreciationAndAmortization": 14859000,
    "ebitda": 33490000,
    "ebitdaratio": 0.2384393578,
    "operatingIncome": 18854000,
    "operatingIncomeRatio": 0.1342351643,
    "totalOtherIncomeExpensesNet": -5943000,
    "incomeBeforeTax": 12911000,
    "incomeBeforeTaxRatio": 0.0919226799,
    "incomeTaxExpense": 77000,
    "netIncome": 12834000,
    "netIncomeRatio": 0.0913744616,
    "eps": 0.19,
    "epsdiluted": 0.19,
    "weightedAverageShsOut": 67093250,
    "weightedAverageShsOutDil": 67200565,
    "link": "https://www.sec.gov/Archives/edgar/data/1474735/000110465910044364/0001104659-10-044364-index.htm",
    "finalLink": "https://www.sec.gov/Archives/edgar/data/1474735/000110465910044364/a10-13073_110q.htm"
  },
  {
    "date": "2010-03-31",
    "symbol": "GNRC",
    "reportedCurrency": "USD",
    "cik": "0001474735",
    "fillingDate": "2010-05-14",
    "acceptedDate": "2010-05-14 06:01:25",
    "calendarYear": "2010",
    "period": "Q1",
    "revenue": 130718000,
    "costOfRevenue": 79300000,
    "grossProfit": 51418000,
    "grossProfitRatio": 0.3933505715,
    "researchAndDevelopmentExpenses": 3722000,
    "generalAndAdministrativeExpenses": 5159000,
    "sellingAndMarketingExpenses": 14312000,
    "sellingGeneralAndAdministrativeExpenses": 19471000,
    "otherExpenses": 28225000,
    "operatingExpenses": 51418000,
    "costAndExpenses": 130718000,
    "interestIncome": 0,
    "interestExpense": 8492000,
    "depreciationAndAmortization": 14652000,
    "ebitda": 25694000,
    "ebitdaratio": 0.1965605349,
    "operatingIncome": 15464000,
    "operatingIncomeRatio": 0.1183004636,
    "totalOtherIncomeExpensesNet": -12914000,
    "incomeBeforeTax": 2550000,
    "incomeBeforeTaxRatio": 0.0195076424,
    "incomeTaxExpense": 82000,
    "netIncome": 2468000,
    "netIncomeRatio": 0.0188803378,
    "eps": -4.26,
    "epsdiluted": -4.26,
    "weightedAverageShsOut": 35748290,
    "weightedAverageShsOutDil": 35748290,
    "link": "https://www.sec.gov/Archives/edgar/data/1474735/000110465910028381/0001104659-10-028381-index.htm",
    "finalLink": "https://www.sec.gov/Archives/edgar/data/1474735/000110465910028381/a10-10065_110q.htm"
  },
  {
    "date": "2009-12-31",
    "symbol": "GNRC",
    "reportedCurrency": "USD",
    "cik": "0001474735",
    "fillingDate": "2010-03-30",
    "acceptedDate": "2010-03-30 15:11:22",
    "calendarYear": "2009",
    "period": "Q4",
    "revenue": 153964000,
    "costOfRevenue": 90320000,
    "grossProfit": 63644000,
    "grossProfitRatio": 0.4133693591,
    "researchAndDevelopmentExpenses": 3090000,
    "generalAndAdministrativeExpenses": 3175000,
    "sellingAndMarketingExpenses": 14960000,
    "sellingGeneralAndAdministrativeExpenses": 18135000,
    "otherExpenses": 42419000,
    "operatingExpenses": 63644000,
    "costAndExpenses": 153964000,
    "interestIncome": 0,
    "interestExpense": 17210000,
    "depreciationAndAmortization": 14994000,
    "ebitda": 44167000,
    "ebitdaratio": 0.2868657608,
    "operatingIncome": 29322000,
    "operatingIncomeRatio": 0.1904471175,
    "totalOtherIncomeExpensesNet": -17359000,
    "incomeBeforeTax": 11963000,
    "incomeBeforeTaxRatio": 0.0776999818,
    "incomeTaxExpense": 15000,
    "netIncome": 11948000,
    "netIncomeRatio": 0.0776025564,
    "eps": -0.92,
    "epsdiluted": 0.24,
    "weightedAverageShsOut": 19908540,
    "weightedAverageShsOutDil": 50663540,
    "link": "https://www.sec.gov/Archives/edgar/data/1474735/000104746910002937/0001047469-10-002937-index.htm",
    "finalLink": "https://www.sec.gov/Archives/edgar/data/1474735/000104746910002937/a2197602z10-k.htm"
  },
  {
    "date": "2009-09-30",
    "symbol": "GNRC",
    "reportedCurrency": "USD",
    "cik": "0001474735",
    "fillingDate": "2009-09-30",
    "acceptedDate": "2009-09-29 20:00:00",
    "calendarYear": "2009",
    "period": "Q3",
    "revenue": 144261000,
    "costOfRevenue": 79770000,
    "grossProfit": 64491000,
    "grossProfitRatio": 0.4470438996,
    "researchAndDevelopmentExpenses": 2515000,
    "generalAndAdministrativeExpenses": 3671000,
    "sellingAndMarketingExpenses": 14620000,
    "sellingGeneralAndAdministrativeExpenses": 18291000,
    "otherExpenses": 43685000,
    "operatingExpenses": 64491000,
    "costAndExpenses": 144261000,
    "interestIncome": 0,
    "interestExpense": 17204000,
    "depreciationAndAmortization": 15060000,
    "ebitda": 46692000,
    "ebitdaratio": 0.3236633602,
    "operatingIncome": 30588000,
    "operatingIncomeRatio": 0.212032358,
    "totalOtherIncomeExpensesNet": -16160000,
    "incomeBeforeTax": 14428000,
    "incomeBeforeTaxRatio": 0.1000131706,
    "incomeTaxExpense": 112000,
    "netIncome": 14316000,
    "netIncomeRatio": 0.0992368,
    "eps": -0.74,
    "epsdiluted": -0.74,
    "weightedAverageShsOut": 19908540,
    "weightedAverageShsOutDil": 65578790,
    "link": "",
    "finalLink": ""
  },
  {
    "date": "2009-06-30",
    "symbol": "GNRC",
    "reportedCurrency": "USD",
    "cik": "0001474735",
    "fillingDate": "2009-06-30",
    "acceptedDate": "2009-06-29 20:00:00",
    "calendarYear": "2009",
    "period": "Q2",
    "revenue": 149577000,
    "costOfRevenue": 89389000,
    "grossProfit": 60188000,
    "grossProfitRatio": 0.4023880677,
    "researchAndDevelopmentExpenses": 2625000,
    "generalAndAdministrativeExpenses": 3970000,
    "sellingAndMarketingExpenses": 15853000,
    "sellingGeneralAndAdministrativeExpenses": 19823000,
    "otherExpenses": 37740000,
    "operatingExpenses": 60188000,
    "costAndExpenses": 149577000,
    "interestIncome": 0,
    "interestExpense": 18482000,
    "depreciationAndAmortization": 14894000,
    "ebitda": 44480000,
    "ebitdaratio": 0.2973719222,
    "operatingIncome": 24786000,
    "operatingIncomeRatio": 0.1657072946,
    "totalOtherIncomeExpensesNet": -13682000,
    "incomeBeforeTax": 11104000,
    "incomeBeforeTaxRatio": 0.0742360122,
    "incomeTaxExpense": 107000,
    "netIncome": 10997000,
    "netIncomeRatio": 0.0735206616,
    "eps": -0.86,
    "epsdiluted": -0.86,
    "weightedAverageShsOut": 19908540,
    "weightedAverageShsOutDil": 65578790,
    "link": "",
    "finalLink": ""
  },
  {
    "date": "2009-03-31",
    "symbol": "GNRC",
    "reportedCurrency": "USD",
    "cik": "0001474735",
    "fillingDate": "2009-03-31",
    "acceptedDate": "2009-03-30 20:00:00",
    "calendarYear": "2009",
    "period": "Q1",
    "revenue": 140446000,
    "costOfRevenue": 92919000,
    "grossProfit": 47527000,
    "grossProfitRatio": 0.338400524,
    "researchAndDevelopmentExpenses": 2612000,
    "generalAndAdministrativeExpenses": 3897000,
    "sellingAndMarketingExpenses": 14390000,
    "sellingGeneralAndAdministrativeExpenses": 18287000,
    "otherExpenses": 26628000,
    "operatingExpenses": 47527000,
    "costAndExpenses": 140446000,
    "interestIncome": 0,
    "interestExpense": 17966000,
    "depreciationAndAmortization": 14727000,
    "ebitda": 38592000,
    "ebitdaratio": 0.2747817667,
    "operatingIncome": 13816000,
    "operatingIncomeRatio": 0.0983723282,
    "totalOtherIncomeExpensesNet": -7917000,
    "incomeBeforeTax": 5899000,
    "incomeBeforeTaxRatio": 0.0420019082,
    "incomeTaxExpense": 105000,
    "netIncome": 5794000,
    "netIncomeRatio": 0.0412542899,
    "eps": -1.06,
    "epsdiluted": -1.06,
    "weightedAverageShsOut": 19908540,
    "weightedAverageShsOutDil": 65578790,
    "link": "",
    "finalLink": ""
  },
  {
    "date": "2008-12-31",
    "symbol": "GNRC",
    "reportedCurrency": "USD",
    "cik": "0001474735",
    "fillingDate": "2008-12-31",
    "acceptedDate": "2008-12-30 19:00:00",
    "calendarYear": "2008",
    "period": "Q4",
    "revenue": 172624000,
    "costOfRevenue": 114463000,
    "grossProfit": 58161000,
    "grossProfitRatio": 0.3369230234,
    "researchAndDevelopmentExpenses": 2448000,
    "generalAndAdministrativeExpenses": 4161000,
    "sellingAndMarketingExpenses": 16381000,
    "sellingGeneralAndAdministrativeExpenses": 20542000,
    "otherExpenses": 35171000,
    "operatingExpenses": 58161000,
    "costAndExpenses": 172624000,
    "interestIncome": 0,
    "interestExpense": 26556000,
    "depreciationAndAmortization": 13880000,
    "ebitda": -487698000,
    "ebitdaratio": -2.8252039114,
    "operatingIncome": 23173000,
    "operatingIncomeRatio": 0.1342397349,
    "totalOtherIncomeExpensesNet": -551307000,
    "incomeBeforeTax": -528134000,
    "incomeBeforeTaxRatio": -3.0594471221,
    "incomeTaxExpense": -12369000,
    "netIncome": -515765000,
    "netIncomeRatio": -2.9877942812,
    "eps": -25.91,
    "epsdiluted": -7.86,
    "weightedAverageShsOut": 19908540,
    "weightedAverageShsOutDil": 65578790,
    "link": "",
    "finalLink": ""
  },
  {
    "date": "2008-09-30",
    "symbol": "GNRC",
    "reportedCurrency": "USD",
    "cik": "0001474735",
    "fillingDate": "2008-09-30",
    "acceptedDate": "2008-09-29 20:00:00",
    "calendarYear": "2008",
    "period": "Q3",
    "revenue": 165055000,
    "costOfRevenue": 109229000,
    "grossProfit": 55826000,
    "grossProfitRatio": 0.3382266517,
    "researchAndDevelopmentExpenses": 2207000,
    "generalAndAdministrativeExpenses": 3810000,
    "sellingAndMarketingExpenses": 15280000,
    "sellingGeneralAndAdministrativeExpenses": 19090000,
    "otherExpenses": 34529000,
    "operatingExpenses": 55826000,
    "costAndExpenses": 165055000,
    "interestIncome": 0,
    "interestExpense": 27023000,
    "depreciationAndAmortization": 13819000,
    "ebitda": 36322000,
    "ebitdaratio": 0.22005998,
    "operatingIncome": 22531000,
    "operatingIncomeRatio": 0.1365060131,
    "totalOtherIncomeExpensesNet": -27051000,
    "incomeBeforeTax": -4520000,
    "incomeBeforeTaxRatio": -0.0273848111,
    "incomeTaxExpense": 8625000,
    "netIncome": -13145000,
    "netIncomeRatio": -0.07964012,
    "eps": -0.66,
    "epsdiluted": -0.2,
    "weightedAverageShsOut": 19908540,
    "weightedAverageShsOutDil": 65578790,
    "link": "",
    "finalLink": ""
  }
]