[
  {
    "date": "2024-12-31",
    "symbol": "GNRC",
    "reportedCurrency": "USD",
    "cik": "0001474735",
    "fillingDate": "2025-02-19",
    "acceptedDate": "2025-02-19 16:07:25",
    "calendarYear": "2024",
    "period": "FY",
    "revenue": 4295834000,
    "costOfRevenue": 2630208000,
    "grossProfit": 1665626000,
    "grossProfitRatio": 0.3877305315,
    "researchAndDevelopmentExpenses": 219600000,
    "generalAndAdministrativeExpenses": 285095000,
    "sellingAndMarketingExpenses": 526446000,
    "sellingGeneralAndAdministrativeExpenses": 811541000,
    "otherExpenses": 97743000,
    "operatingExpenses": 1128884000,
    "costAndExpenses": 3759092000,
    "interestIncome": 0,
    "interestExpense": 89713000,
    "depreciationAndAmortization": 171768000,
    "ebitda": 670919000,
    "ebitdaratio": 0.1561789864,
    "operatingIncome": 536742000,
    "operatingIncomeRatio": 0.1249447721,
    "totalOtherIncomeExpensesNet": -127304000,
    "incomeBeforeTax": 409438000,
    "incomeBeforeTaxRatio": 0.0953104799,
    "incomeTaxExpense": 92460000,
    "netIncome": 325256000,
    "netIncomeRatio": 0.075714285,
    "eps": 5.46,
    "epsdiluted": 5.39,
    "weightedAverageShsOut": 59559797,
    "weightedAverageShsOutDil": 60350412,
    "link": "https://www.sec.gov/Archives/edgar/data/1474735/000143774925004353/0001437749-25-004353-index.htm",
    "finalLink": "https://www.sec.gov/Archives/edgar/data/1474735/000143774925004353/gnrc20241231_10k.htm"
  },
  {
    "date": "2023-12-31",
    "symbol": "GNRC",
    "reportedCurrency": "USD",
    "cik": "0001474735",
    "fillingDate": "2024-02-21",
    "acceptedDate": "2024-02-21 16:10:51",
    "calendarYear": "2023",
    "period": "FY",
    "revenue": 4022667000,
    "costOfRevenue": 2657236000,
    "grossProfit": 1365431000,
    "grossProfitRatio": 0.3394342609,
    "researchAndDevelopmentExpenses": 173443000,
    "generalAndAdministrativeExpenses": 252936000,
    "sellingAndMarketingExpenses": 448199000,
    "sellingGeneralAndAdministrativeExpenses": 701595000,
    "otherExpenses": 104194000,
    "operatingExpenses": 979232000,
    "costAndExpenses": 3636468000,
    "interestIncome": 0,
    "interestExpense": 97627000,
    "depreciationAndAmortization": 166602000,
    "ebitda": 554529000,
    "ebitdaratio": 0.1378510824,
    "operatingIncome": 386199000,
    "operatingIncomeRatio": 0.0960057096,
    "totalOtherIncomeExpensesNet": -95899000,
    "incomeBeforeTax": 290300000,
    "incomeBeforeTaxRatio": 0.072166053,
    "incomeTaxExpense": 73180000,
    "netIncome": 203089000,
    "netIncomeRatio": 0.0504861576,
    "eps": 3.31,
    "epsdiluted": 3.27,
    "weightedAverageShsOut": 61265060,
    "weightedAverageShsOutDil": 62058387,
    "link": "https://www.sec.gov/Archives/edgar/data/1474735/000143774924005040/0001437749-24-005040-index.htm",
    "finalLink": "https://www.sec.gov/Archives/edgar/data/1474735/000143774924005040/gnrc20231231_10k.htm"
  },
  {
    "date": "2022-12-31",
    "symbol": "GNRC",
    "reportedCurrency": "USD",
    "cik": "0001474735",
    "fillingDate": "2023-02-22",
    "acceptedDate": "2023-02-22 16:19:34",
    "calendarYear": "2022",
    "period": "FY",
    "revenue": 4564737000,
    "costOfRevenue": 3042733000,
    "grossProfit": 1522004000,
    "grossProfitRatio": 0.3334264384,
    "researchAndDevelopmentExpenses": 159774000,
    "generalAndAdministrativeExpenses": 194861000,
    "sellingAndMarketingExpenses": 496260000,
    "sellingGeneralAndAdministrativeExpenses": 692580000,
    "otherExpenses": 103320000,
    "operatingExpenses": 955674000,
    "costAndExpenses": 3998407000,
    "interestIncome": 0,
    "interestExpense": 54826000,
    "depreciationAndAmortization": 156141000,
    "ebitda": 719433000,
    "ebitdaratio": 0.1576066704,
    "operatingIncome": 566330000,
    "operatingIncomeRatio": 0.1240662934,
    "totalOtherIncomeExpensesNet": -57864000,
    "incomeBeforeTax": 508466000,
    "incomeBeforeTaxRatio": 0.1113899881,
    "incomeTaxExpense": 99596000,
    "netIncome": 350267000,
    "netIncomeRatio": 0.0767332269,
    "eps": 5.55,
    "epsdiluted": 5.42,
    "weightedAverageShsOut": 63117007,
    "weightedAverageShsOutDil": 64681357,
    "link": "https://www.sec.gov/Archives/edgar/data/1474735/000143774923004153/0001437749-23-004153-index.htm",
    "finalLink": "https://www.sec.gov/Archives/edgar/data/1474735/000143774923004153/gnrc20221231_10k.htm"
  },
  {
    "date": "2021-12-31",
    "symbol": "GNRC",
    "reportedCurrency": "USD",
    "cik": "0001474735",
    "fillingDate": "2022-02-22",
    "acceptedDate": "2022-02-22 16:39:44",
    "calendarYear": "2021",
    "period": "FY",
    "revenue": 3737184000,
    "costOfRevenue": 2377102000,
    "grossProfit": 1360082000,
    "grossProfitRatio": 0.3639323084,
    "researchAndDevelopmentExpenses": 104303000,
    "generalAndAdministrativeExpenses": 144272000,
    "sellingAndMarketingExpenses": 319020000,
    "sellingGeneralAndAdministrativeExpenses": 463292000,
    "otherExpenses": 71351000,
    "operatingExpenses": 638946000,
    "costAndExpenses": 3016048000,
    "interestIncome": 0,
    "interestExpense": 32953000,
    "depreciationAndAmortization": 92041000,
    "ebitda": 816520000,
    "ebitdaratio": 0.2184853622,
    "operatingIncome": 721136000,
    "operatingIncomeRatio": 0.1929624016,
    "totalOtherIncomeExpensesNet": -29610000,
    "incomeBeforeTax": 691526000,
    "incomeBeforeTaxRatio": 0.1850393237,
    "incomeTaxExpense": 134957000,
    "netIncome": 533392000,
    "netIncomeRatio": 0.1427256458,
    "eps": 8.51,
    "epsdiluted": 8.3,
    "weightedAverageShsOut": 62686000,
    "weightedAverageShsOutDil": 64253408,
    "link": "https://www.sec.gov/Archives/edgar/data/1474735/000143774922004080/0001437749-22-004080-index.htm",
    "finalLink": "https://www.sec.gov/Archives/edgar/data/1474735/000143774922004080/gnrc20211231_10k.htm"
  },
  {
    "date": "2020-12-31",
    "symbol": "GNRC",
    "reportedCurrency": "USD",
    "cik": "0001474735",
    "fillingDate": "2021-02-23",
    "acceptedDate": "2021-02-23 16:30:12",
    "calendarYear": "2020",
    "period": "FY",
    "revenue": 2485200000,
    "costOfRevenue": 1527546000,
    "grossProfit": 957654000,
    "grossProfitRatio": 0.3853428296,
    "researchAndDevelopmentExpenses": 80251000,
    "generalAndAdministrativeExpenses": 119644000,
    "sellingAndMarketingExpenses": 246373000,
    "sellingGeneralAndAdministrativeExpenses": 364606000,
    "otherExpenses": 33691000,
    "operatingExpenses": 478548000,
    "costAndExpenses": 2006094000,
    "interestIncome": 0,
    "interestExpense": 32991000,
    "depreciationAndAmortization": 68773000,
    "ebitda": 547955000,
    "ebitdaratio": 0.2204872847,
    "operatingIncome": 479106000,
    "operatingIncomeRatio": 0.1927836794,
    "totalOtherIncomeExpensesNet": -32915000,
    "incomeBeforeTax": 446191000,
    "incomeBeforeTaxRatio": 0.1795392725,
    "incomeTaxExpense": 98973000,
    "netIncome": 349329000,
    "netIncomeRatio": 0.1405637373,
    "eps": 5.61,
    "epsdiluted": 5.48,
    "weightedAverageShsOut": 62280889,
    "weightedAverageShsOutDil": 63737734,
    "link": "https://www.sec.gov/Archives/edgar/data/1474735/000143774921003793/0001437749-21-003793-index.htm",
    "finalLink": "https://www.sec.gov/Archives/edgar/data/1474735/000143774921003793/gnrc20201231_10k.htm"
  },
  {
    "date": "2019-12-31",
    "symbol": "GNRC",
    "reportedCurrency": "USD",
    "cik": "0001474735",
    "fillingDate": "2020-02-25",
    "acceptedDate": "2020-02-25 16:59:23",
    "calendarYear": "2019",
    "period": "FY",
    "revenue": 2204336000,
    "costOfRevenue": 1406584000,
    "grossProfit": 797752000,
    "grossProfitRatio": 0.3619012709,
    "researchAndDevelopmentExpenses": 68394000,
    "generalAndAdministrativeExpenses": 110868000,
    "sellingAndMarketingExpenses": 217683000,
    "sellingGeneralAndAdministrativeExpenses": 326700000,
    "otherExpenses": 30495000,
    "operatingExpenses": 425589000,
    "costAndExpenses": 1832173000,
    "interestIncome": 0,
    "interestExpense": 41544000,
    "depreciationAndAmortization": 60909000,
    "ebitda": 422060000,
    "ebitdaratio": 0.1914680883,
    "operatingIncome": 372163000,
    "operatingIncomeRatio": 0.168832247,
    "totalOtherIncomeExpensesNet": -52556000,
    "incomeBeforeTax": 319607000,
    "incomeBeforeTaxRatio": 0.1449901467,
    "incomeTaxExpense": 67299000,
    "netIncome": 253260000,
    "netIncomeRatio": 0.1148917406,
    "eps": 4.09,
    "epsdiluted": 4.03,
    "weightedAverageShsOut": 61926986,
    "weightedAverageShsOutDil": 62865446,
    "link": "https://www.sec.gov/Archives/edgar/data/1474735/000143774920003516/0001437749-20-003516-index.htm",
    "finalLink": "https://www.sec.gov/Archives/edgar/data/1474735/000143774920003516/gnrc20191231_10k.htm"
  },
  {
    "date": "2018-12-31",
    "symbol": "GNRC",
    "reportedCurrency": "USD",
    "cik": "0001474735",
    "fillingDate": "2019-02-26",
    "acceptedDate": "2019-02-26 16:06:04",
    "calendarYear": "2018",
    "period": "FY",
    "revenue": 2023464000,
    "costOfRevenue": 1298424000,
    "grossProfit": 725040000,
    "grossProfitRatio": 0.3583162339,
    "researchAndDevelopmentExpenses": 50019000,
    "generalAndAdministrativeExpenses": 103841000,
    "sellingAndMarketingExpenses": 191887000,
    "sellingGeneralAndAdministrativeExpenses": 295728000,
    "otherExpenses": 22112000,
    "operatingExpenses": 367859000,
    "costAndExpenses": 1666283000,
    "interestIncome": 0,
    "interestExpense": 40956000,
    "depreciationAndAmortization": 47408000,
    "ebitda": 399440000,
    "ebitdaratio": 0.1974040556,
    "operatingIncome": 357181000,
    "operatingIncomeRatio": 0.1765195724,
    "totalOtherIncomeExpensesNet": -46105000,
    "incomeBeforeTax": 311076000,
    "incomeBeforeTaxRatio": 0.1537343882,
    "incomeTaxExpense": 69856000,
    "netIncome": 238257000,
    "netIncomeRatio": 0.1177470911,
    "eps": 3.86,
    "epsdiluted": 3.83,
    "weightedAverageShsOut": 61662031,
    "weightedAverageShsOutDil": 62233225,
    "link": "https://www.sec.gov/Archives/edgar/data/1474735/000143774919003397/0001437749-19-003397-index.htm",
    "finalLink": "https://www.sec.gov/Archives/edgar/data/1474735/000143774919003397/gnrc20181231_10k.htm"
  },
  {
    "date": "2017-12-31",
    "symbol": "GNRC",
    "reportedCurrency": "USD",
    "cik": "0001474735",
    "fillingDate": "2018-02-26",
    "acceptedDate": "2018-02-26 16:58:16",
    "calendarYear": "2017",
    "period": "FY",
    "revenue": 1672445000,
    "costOfRevenue": 1090328000,
    "grossProfit": 582117000,
    "grossProfitRatio": 0.348063464,
    "researchAndDevelopmentExpenses": 42925000,
    "generalAndAdministrativeExpenses": 87512000,
    "sellingAndMarketingExpenses": 171755000,
    "sellingGeneralAndAdministrativeExpenses": 262422000,
    "otherExpenses": 28861000,
    "operatingExpenses": 334152000,
    "costAndExpenses": 1428739000,
    "interestIncome": 0,
    "interestExpense": 42667000,
    "depreciationAndAmortization": 51988000,
    "ebitda": 298354000,
    "ebitdaratio": 0.1783939083,
    "operatingIncome": 251064000,
    "operatingIncomeRatio": 0.1501179411,
    "totalOtherIncomeExpensesNet": -46935000,
    "incomeBeforeTax": 204688000,
    "incomeBeforeTaxRatio": 0.1223884791,
    "incomeTaxExpense": 43553000,
    "netIncome": 159386000,
    "netIncomeRatio": 0.0953011908,
    "eps": 2.58,
    "epsdiluted": 2.56,
    "weightedAverageShsOut": 62040704,
    "weightedAverageShsOutDil": 62642872,
    "link": "https://www.sec.gov/Archives/edgar/data/1474735/000143774918003334/0001437749-18-003334-index.htm",
    "finalLink": "https://www.sec.gov/Archives/edgar/data/1474735/000143774918003334/gnrc20171231_10k.htm"
  },
  {
    "date": "2016-12-31",
    "symbol": "GNRC",
    "reportedCurrency": "USD",
    "cik": "0001474735",
    "fillingDate": "2017-02-24",
    "acceptedDate": "2017-02-24 16:05:35",
    "calendarYear": "2016",
    "period": "FY",
    "revenue": 1444453000,
    "costOfRevenue": 930347000,
    "grossProfit": 514106000,
    "grossProfitRatio": 0.3559174303,
    "researchAndDevelopmentExpenses": 37229000,
    "generalAndAdministrativeExpenses": 74700000,
    "sellingAndMarketingExpenses": 164607000,
    "sellingGeneralAndAdministrativeExpenses": 239553000,
    "otherExpenses": 32953000,
    "operatingExpenses": 309669000,
    "costAndExpenses": 1244991000,
    "interestIncome": 0,
    "interestExpense": 44524000,
    "depreciationAndAmortization": 54418000,
    "ebitda": 252683000,
    "ebitdaratio": 0.1749333485,
    "operatingIncome": 204617000,
    "operatingIncomeRatio": 0.141657084,
    "totalOtherIncomeExpensesNet": -48235000,
    "incomeBeforeTax": 156382000,
    "incomeBeforeTaxRatio": 0.1082638203,
    "incomeTaxExpense": 57570000,
    "netIncome": 98788000,
    "netIncomeRatio": 0.0683912872,
    "eps": 1.51,
    "epsdiluted": 1.5,
    "weightedAverageShsOut": 64905793,
    "weightedAverageShsOutDil": 65382774,
    "link": "https://www.sec.gov/Archives/edgar/data/1474735/000143774917003237/0001437749-17-003237-index.htm",
    "finalLink": "https://www.sec.gov/Archives/edgar/data/1474735/000143774917003237/gnrc20161231_10k.htm"
  },
  {
    "date": "2015-12-31",
    "symbol": "GNRC",
    "reportedCurrency": "USD",
    "cik": "0001474735",
    "fillingDate": "2016-02-26",
    "acceptedDate": "2016-02-26 17:45:29",
    "calendarYear": "2015",
    "period": "FY",
    "revenue": 1317299000,
    "costOfRevenue": 857349000,
    "grossProfit": 459950000,
    "grossProfitRatio": 0.349161428,
    "researchAndDevelopmentExpenses": 32922000,
    "generalAndAdministrativeExpenses": 52947000,
    "sellingAndMarketingExpenses": 130242000,
    "sellingGeneralAndAdministrativeExpenses": 183189000,
    "otherExpenses": 64278000,
    "operatingExpenses": 280389000,
    "costAndExpenses": 1137738000,
    "interestIncome": 0,
    "interestExpense": 42720000,
    "depreciationAndAmortization": 40333000,
    "ebitda": 206159000,
    "ebitdaratio": 0.1565012955,
    "operatingIncome": 179561000,
    "operatingIncomeRatio": 0.1363099797,
    "totalOtherIncomeExpensesNet": -56578000,
    "incomeBeforeTax": 122983000,
    "incomeBeforeTaxRatio": 0.0933599737,
    "incomeTaxExpense": 45236000,
    "netIncome": 77747000,
    "netIncomeRatio": 0.0590200099,
    "eps": 1.14,
    "epsdiluted": 1.12,
    "weightedAverageShsOut": 68096051,
    "weightedAverageShsOutDil": 69200297,
    "link": "https://www.sec.gov/Archives/edgar/data/1474735/000143774916026187/0001437749-16-026187-index.htm",
    "finalLink": "https://www.sec.gov/Archives/edgar/data/1474735/000143774916026187/gnrc20151231_10k.htm"
  },
  {
    "date": "2014-12-31",
    "symbol": "GNRC",
    "reportedCurrency": "USD",
    "cik": "0001474735",
    "fillingDate": "2015-02-27",
    "acceptedDate": "2015-02-27 14:48:24",
    "calendarYear": "2014",
    "period": "FY",
    "revenue": 1460919000,
    "costOfRevenue": 944700000,
    "grossProfit": 516219000,
    "grossProfitRatio": 0.3533522392,
    "researchAndDevelopmentExpenses": 31494000,
    "generalAndAdministrativeExpenses": 54795000,
    "sellingAndMarketingExpenses": 120408000,
    "sellingGeneralAndAdministrativeExpenses": 175203000,
    "otherExpenses": 16147000,
    "operatingExpenses": 222844000,
    "costAndExpenses": 1167544000,
    "interestIncome": 16014000,
    "interestExpense": 47215000,
    "depreciationAndAmortization": 34730000,
    "ebitda": 340307000,
    "ebitdaratio": 0.2329403615,
    "operatingIncome": 293375000,
    "operatingIncomeRatio": 0.2008153772,
    "totalOtherIncomeExpensesNet": -35013000,
    "incomeBeforeTax": 258362000,
    "incomeBeforeTaxRatio": 0.176848956,
    "incomeTaxExpense": 83749000,
    "netIncome": 174613000,
    "netIncomeRatio": 0.1195227114,
    "eps": 2.55,
    "epsdiluted": 2.49,
    "weightedAverageShsOut": 68538248,
    "weightedAverageShsOutDil": 70171044,
    "link": "https://www.sec.gov/Archives/edgar/data/1474735/000143774915003654/0001437749-15-003654-index.htm",
    "finalLink": "https://www.sec.gov/Archives/edgar/data/1474735/000143774915003654/gnrc20141231_10k.htm"
  },
  {
    "date": "2013-12-31",
    "symbol": "GNRC",
    "reportedCurrency": "USD",
    "cik": "0001474735",
    "fillingDate": "2014-03-03",
    "acceptedDate": "2014-03-03 10:35:43",
    "calendarYear": "2013",
    "period": "FY",
    "revenue": 1485765000,
    "costOfRevenue": 916205000,
    "grossProfit": 569560000,
    "grossProfitRatio": 0.383344607,
    "researchAndDevelopmentExpenses": 29271000,
    "generalAndAdministrativeExpenses": 55490000,
    "sellingAndMarketingExpenses": 107515000,
    "sellingGeneralAndAdministrativeExpenses": 163005000,
    "otherExpenses": 25819000,
    "operatingExpenses": 218095000,
    "costAndExpenses": 1134300000,
    "interestIncome": 0,
    "interestExpense": 54435000,
    "depreciationAndAmortization": 36774000,
    "ebitda": 369925000,
    "ebitdaratio": 0.248979482,
    "operatingIncome": 351465000,
    "operatingIncomeRatio": 0.2365549061,
    "totalOtherIncomeExpensesNet": -72749000,
    "incomeBeforeTax": 278716000,
    "incomeBeforeTaxRatio": 0.1875909043,
    "incomeTaxExpense": 104177000,
    "netIncome": 174539000,
    "netIncomeRatio": 0.1174741631,
    "eps": 2.56,
    "epsdiluted": 2.51,
    "weightedAverageShsOut": 68081632,
    "weightedAverageShsOutDil": 69667529,
    "link": "https://www.sec.gov/Archives/edgar/data/1474735/000147473514000005/0001474735-14-000005-index.htm",
    "finalLink": "https://www.sec.gov/Archives/edgar/data/1474735/000147473514000005/form10k.htm"
  },
  {
    "date": "2012-12-31",
    "symbol": "GNRC",
    "reportedCurrency": "USD",
    "cik": "0001474735",
    "fillingDate": "2013-03-13",
    "acceptedDate": "2013-03-13 13:56:53",
    "calendarYear": "2012",
    "period": "FY",
    "revenue": 1176306000,
    "costOfRevenue": 735906000,
    "grossProfit": 440400000,
    "grossProfitRatio": 0.3743923775,
    "researchAndDevelopmentExpenses": 23499000,
    "generalAndAdministrativeExpenses": 46031000,
    "sellingAndMarketingExpenses": 101448000,
    "sellingGeneralAndAdministrativeExpenses": 147479000,
    "otherExpenses": 45867000,
    "operatingExpenses": 216845000,
    "costAndExpenses": 952751000,
    "interestIncome": 0,
    "interestExpense": 49114000,
    "depreciationAndAmortization": 54160000,
    "ebitda": 259626000,
    "ebitdaratio": 0.2207129777,
    "operatingIncome": 223555000,
    "operatingIncomeRatio": 0.1900483378,
    "totalOtherIncomeExpensesNet": -67203000,
    "incomeBeforeTax": 156352000,
    "incomeBeforeTaxRatio": 0.1329177952,
    "incomeTaxExpense": 63129000,
    "netIncome": 93223000,
    "netIncomeRatio": 0.0792506372,
    "eps": 1.38,
    "epsdiluted": 1.35,
    "weightedAverageShsOut": 67360632,
    "weightedAverageShsOutDil": 69193138,
    "link": "https://www.sec.gov/Archives/edgar/data/1474735/000147473513000006/0001474735-13-000006-index.htm",
    "finalLink": "https://www.sec.gov/Archives/edgar/data/1474735/000147473513000006/form10k.htm"
  },
  {
    "date": "2011-12-31",
    "symbol": "GNRC",
    "reportedCurrency": "USD",
    "cik": "0001474735",
    "fillingDate": "2012-03-09",
    "acceptedDate": "2012-03-09 14:12:16",
    "calendarYear": "2011",
    "period": "FY",
    "revenue": 791976000,
    "costOfRevenue": 497322000,
    "grossProfit": 294654000,
    "grossProfitRatio": 0.372049153,
    "researchAndDevelopmentExpenses": 16476000,
    "generalAndAdministrativeExpenses": 30012000,
    "sellingAndMarketingExpenses": 77776000,
    "sellingGeneralAndAdministrativeExpenses": 107788000,
    "otherExpenses": 57409000,
    "operatingExpenses": 181673000,
    "costAndExpenses": 678995000,
    "interestIncome": 110000,
    "interestExpense": 23718000,
    "depreciationAndAmortization": 56123000,
    "ebitda": 166807000,
    "ebitdaratio": 0.2106212815,
    "operatingIncome": 112981000,
    "operatingIncomeRatio": 0.1426571007,
    "totalOtherIncomeExpensesNet": -26015000,
    "incomeBeforeTax": 86966000,
    "incomeBeforeTaxRatio": 0.1098088831,
    "incomeTaxExpense": -237677000,
    "netIncome": 324643000,
    "netIncomeRatio": 0.4099151995,
    "eps": 4.84,
    "epsdiluted": 4.79,
    "weightedAverageShsOut": 67130356,
    "weightedAverageShsOutDil": 67797371,
    "link": "https://www.sec.gov/Archives/edgar/data/1474735/000147473512000013/0001474735-12-000013-index.htm",
    "finalLink": "https://www.sec.gov/Archives/edgar/data/1474735/000147473512000013/form10k.htm"
  },
  {
    "date": "2010-12-31",
    "symbol": "GNRC",
    "reportedCurrency": "USD",
    "cik": "0001474735",
    "fillingDate": "2011-03-07",
    "acceptedDate": "2011-03-07 17:10:05",
    "calendarYear": "2010",
    "period": "FY",
    "revenue": 592880000,
    "costOfRevenue": 355523000,
    "grossProfit": 237357000,
    "grossProfitRatio": 0.4003457698,
    "researchAndDevelopmentExpenses": 14700000,
    "generalAndAdministrativeExpenses": 22599000,
    "sellingAndMarketingExpenses": 57954000,
    "sellingGeneralAndAdministrativeExpenses": 80553000,
    "otherExpenses": 51808000,
    "operatingExpenses": 147061000,
    "costAndExpenses": 502584000,
    "interestIncome": 235000,
    "interestExpense": 27397000,
    "depreciationAndAmortization": 59440000,
    "ebitda": 144057000,
    "ebitdaratio": 0.242978343,
    "operatingIncome": 90296000,
    "operatingIncomeRatio": 0.1523006342,
    "totalOtherIncomeExpensesNet": -33076000,
    "incomeBeforeTax": 57220000,
    "incomeBeforeTaxRatio": 0.0965119417,
    "incomeTaxExpense": 307000,
    "netIncome": 56913000,
    "netIncomeRatio": 0.0959941303,
    "eps": -1.65,
    "epsdiluted": -1.65,
    "weightedAverageShsOut": 59364958,
    "weightedAverageShsOutDil": 59364958,
    "link": "https://www.sec.gov/Archives/edgar/data/1474735/000147473511000011/0001474735-11-000011-index.htm",
    "finalLink": "https://www.sec.gov/Archives/edgar/data/1474735/000147473511000011/form10k.htm"
  },
  {
    "date": "2009-12-31",
    "symbol": "GNRC",
    "reportedCurrency": "USD",
    "cik": "0001474735",
    "fillingDate": "2010-03-30",
    "acceptedDate": "2010-03-30 15:11:22",
    "calendarYear": "2009",
    "period": "FY",
    "revenue": 588248000,
    "costOfRevenue": 352398000,
    "grossProfit": 235850000,
    "grossProfitRatio": 0.4009363398,
    "researchAndDevelopmentExpenses": 10842000,
    "generalAndAdministrativeExpenses": 14713000,
    "sellingAndMarketingExpenses": 59823000,
    "sellingGeneralAndAdministrativeExpenses": 74536000,
    "otherExpenses": 150472000,
    "operatingExpenses": 235850000,
    "costAndExpenses": 588248000,
    "interestIncome": 2205000,
    "interestExpense": 70862000,
    "depreciationAndAmortization": 59675000,
    "ebitda": 173931000,
    "ebitdaratio": 0.2956763134,
    "operatingIncome": 98512000,
    "operatingIncomeRatio": 0.1674667827,
    "totalOtherIncomeExpensesNet": -55118000,
    "incomeBeforeTax": 43394000,
    "incomeBeforeTaxRatio": 0.0737682066,
    "incomeTaxExpense": 339000,
    "netIncome": 43055000,
    "netIncomeRatio": 0.0731919191,
    "eps": -3.58,
    "epsdiluted": 0.85,
    "weightedAverageShsOut": 19908540,
    "weightedAverageShsOutDil": 50663540,
    "link": "https://www.sec.gov/Archives/edgar/data/1474735/000104746910002937/0001047469-10-002937-index.htm",
    "finalLink": "https://www.sec.gov/Archives/edgar/data/1474735/000104746910002937/a2197602z10-k.htm"
  },
  {
    "date": "2008-12-31",
    "symbol": "GNRC",
    "reportedCurrency": "USD",
    "cik": "0001474735",
    "fillingDate": "2008-12-31",
    "acceptedDate": "2008-12-30 19:00:00",
    "calendarYear": "2008",
    "period": "FY",
    "revenue": 574229000,
    "costOfRevenue": 372199000,
    "grossProfit": 202030000,
    "grossProfitRatio": 0.3518282776,
    "researchAndDevelopmentExpenses": 9925000,
    "generalAndAdministrativeExpenses": 15869000,
    "sellingAndMarketingExpenses": 57449000,
    "sellingGeneralAndAdministrativeExpenses": 73318000,
    "otherExpenses": 118787000,
    "operatingExpenses": 202030000,
    "costAndExpenses": 574229000,
    "interestIncome": 600000,
    "interestExpense": 108022000,
    "depreciationAndAmortization": 54770000,
    "ebitda": -392763000,
    "ebitdaratio": -0.6839832192,
    "operatingIncome": 71185000,
    "operatingIncomeRatio": 0.1239662225,
    "totalOtherIncomeExpensesNet": -626740000,
    "incomeBeforeTax": -555555000,
    "incomeBeforeTaxRatio": -0.967479873,
    "incomeTaxExpense": 400000,
    "netIncome": -555955000,
    "netIncomeRatio": -0.9681764592,
    "eps": -27.93,
    "epsdiluted": -8.48,
    "weightedAverageShsOut": 19908540,
    "weightedAverageShsOutDil": 65578790,
    "link": "",
    "finalLink": ""
  },
  {
    "date": "2007-12-31",
    "symbol": "GNRC",
    "reportedCurrency": "USD",
    "cik": "0001474735",
    "fillingDate": "2007-12-31",
    "acceptedDate": "2007-12-30 19:00:00",
    "calendarYear": "2007",
    "period": "FY",
    "revenue": 555705000,
    "costOfRevenue": 333428000,
    "grossProfit": 222277000,
    "grossProfitRatio": 0.3999910024,
    "researchAndDevelopmentExpenses": 9606000,
    "generalAndAdministrativeExpenses": 17581000,
    "sellingAndMarketingExpenses": 52652000,
    "sellingGeneralAndAdministrativeExpenses": 70233000,
    "otherExpenses": 142438000,
    "operatingExpenses": 222277000,
    "costAndExpenses": 555705000,
    "interestIncome": 0,
    "interestExpense": 125366000,
    "depreciationAndAmortization": 53783000,
    "ebitda": 168864000,
    "ebitdaratio": 0.303873458,
    "operatingIncome": 94836000,
    "operatingIncomeRatio": 0.1706588928,
    "totalOtherIncomeExpensesNet": -105121000,
    "incomeBeforeTax": -10285000,
    "incomeBeforeTaxRatio": -0.0185080213,
    "incomeTaxExpense": -571000,
    "netIncome": -9714000,
    "netIncomeRatio": -0.0174804977,
    "eps": -0.49,
    "epsdiluted": -0.15,
    "weightedAverageShsOut": 19908540,
    "weightedAverageShsOutDil": 65578790,
    "link": "",
    "finalLink": ""
  }
]