[
  {
    "date": "2025-06-30",
    "symbol": "GOOGL",
    "reportedCurrency": "USD",
    "cik": "0001652044",
    "fillingDate": "2025-07-24",
    "acceptedDate": "2025-07-23 19:44:01",
    "calendarYear": "2025",
    "period": "Q2",
    "revenue": 96428000000,
    "costOfRevenue": 39039000000,
    "grossProfit": 57389000000,
    "grossProfitRatio": 0.595148712,
    "researchAndDevelopmentExpenses": 13808000000,
    "generalAndAdministrativeExpenses": 5209000000,
    "sellingAndMarketingExpenses": 7101000000,
    "sellingGeneralAndAdministrativeExpenses": 12310000000,
    "otherExpenses": 0,
    "operatingExpenses": 26118000000,
    "costAndExpenses": 65157000000,
    "interestIncome": 1050000000,
    "interestExpense": 261000000,
    "depreciationAndAmortization": 4998000000,
    "ebitda": 39192000000,
    "ebitdaratio": 0.4064379641,
    "operatingIncome": 31271000000,
    "operatingIncomeRatio": 0.3242937736,
    "totalOtherIncomeExpensesNet": 2662000000,
    "incomeBeforeTax": 33933000000,
    "incomeBeforeTaxRatio": 0.3518998631,
    "incomeTaxExpense": 5737000000,
    "netIncome": 28196000000,
    "netIncomeRatio": 0.2924046957,
    "eps": 2.33,
    "epsdiluted": 2.31,
    "weightedAverageShsOut": 12122000000,
    "weightedAverageShsOutDil": 12198000000,
    "link": "https://www.sec.gov/Archives/edgar/data/1652044/000165204425000062/0001652044-25-000062-index.htm",
    "finalLink": "https://www.sec.gov/Archives/edgar/data/1652044/000165204425000062/goog-20250630.htm"
  },
  {
    "date": "2025-03-31",
    "symbol": "GOOGL",
    "reportedCurrency": "USD",
    "cik": "0001652044",
    "fillingDate": "2025-04-25",
    "acceptedDate": "2025-04-24 21:05:29",
    "calendarYear": "2025",
    "period": "Q1",
    "revenue": 90234000000,
    "costOfRevenue": 36361000000,
    "grossProfit": 53873000000,
    "grossProfitRatio": 0.5970365937,
    "researchAndDevelopmentExpenses": 13556000000,
    "generalAndAdministrativeExpenses": 3539000000,
    "sellingAndMarketingExpenses": 6172000000,
    "sellingGeneralAndAdministrativeExpenses": 9711000000,
    "otherExpenses": 0,
    "operatingExpenses": 23267000000,
    "costAndExpenses": 59628000000,
    "interestIncome": 1001000000,
    "interestExpense": 34000000,
    "depreciationAndAmortization": 4487000000,
    "ebitda": 46310000000,
    "ebitdaratio": 0.5132211805,
    "operatingIncome": 30606000000,
    "operatingIncomeRatio": 0.3391847862,
    "totalOtherIncomeExpensesNet": 11183000000,
    "incomeBeforeTax": 41789000000,
    "incomeBeforeTaxRatio": 0.4631181151,
    "incomeTaxExpense": 7249000000,
    "netIncome": 34540000000,
    "netIncomeRatio": 0.3827825432,
    "eps": 2.84,
    "epsdiluted": 2.81,
    "weightedAverageShsOut": 12183000000,
    "weightedAverageShsOutDil": 12291000000,
    "link": "https://www.sec.gov/Archives/edgar/data/1652044/000165204425000043/0001652044-25-000043-index.htm",
    "finalLink": "https://www.sec.gov/Archives/edgar/data/1652044/000165204425000043/goog-20250331.htm"
  },
  {
    "date": "2024-12-31",
    "symbol": "GOOGL",
    "reportedCurrency": "USD",
    "cik": "0001652044",
    "fillingDate": "2025-02-05",
    "acceptedDate": "2025-02-04 20:41:40",
    "calendarYear": "2024",
    "period": "Q4",
    "revenue": 96469000000,
    "costOfRevenue": 40613000000,
    "grossProfit": 55856000000,
    "grossProfitRatio": 0.5790046543,
    "researchAndDevelopmentExpenses": 13116000000,
    "generalAndAdministrativeExpenses": 4405000000,
    "sellingAndMarketingExpenses": 7363000000,
    "sellingGeneralAndAdministrativeExpenses": 11768000000,
    "otherExpenses": 0,
    "operatingExpenses": 24884000000,
    "costAndExpenses": 65497000000,
    "interestIncome": 1088000000,
    "interestExpense": 53000000,
    "depreciationAndAmortization": 4205000000,
    "ebitda": 36501000000,
    "ebitdaratio": 0.3783702537,
    "operatingIncome": 30972000000,
    "operatingIncomeRatio": 0.3210565052,
    "totalOtherIncomeExpensesNet": 1271000000,
    "incomeBeforeTax": 32243000000,
    "incomeBeforeTaxRatio": 0.3342317221,
    "incomeTaxExpense": 5707000000,
    "netIncome": 26536000000,
    "netIncomeRatio": 0.2750728213,
    "eps": 2.17,
    "epsdiluted": 2.15,
    "weightedAverageShsOut": 12228000000,
    "weightedAverageShsOutDil": 12348000000,
    "link": "https://www.sec.gov/Archives/edgar/data/1652044/000165204425000014/0001652044-25-000014-index.htm",
    "finalLink": "https://www.sec.gov/Archives/edgar/data/1652044/000165204425000014/goog-20241231.htm"
  },
  {
    "date": "2024-09-30",
    "symbol": "GOOGL",
    "reportedCurrency": "USD",
    "cik": "0001652044",
    "fillingDate": "2024-10-30",
    "acceptedDate": "2024-10-29 19:33:10",
    "calendarYear": "2024",
    "period": "Q3",
    "revenue": 88268000000,
    "costOfRevenue": 36474000000,
    "grossProfit": 51794000000,
    "grossProfitRatio": 0.5867811664,
    "researchAndDevelopmentExpenses": 12447000000,
    "generalAndAdministrativeExpenses": 3599000000,
    "sellingAndMarketingExpenses": 7227000000,
    "sellingGeneralAndAdministrativeExpenses": 10826000000,
    "otherExpenses": 0,
    "operatingExpenses": 23273000000,
    "costAndExpenses": 59747000000,
    "interestIncome": 1243000000,
    "interestExpense": 54000000,
    "depreciationAndAmortization": 3985000000,
    "ebitda": 35745000000,
    "ebitdaratio": 0.4049598949,
    "operatingIncome": 28521000000,
    "operatingIncomeRatio": 0.3231182308,
    "totalOtherIncomeExpensesNet": 3185000000,
    "incomeBeforeTax": 31706000000,
    "incomeBeforeTaxRatio": 0.3592015226,
    "incomeTaxExpense": 5405000000,
    "netIncome": 26301000000,
    "netIncomeRatio": 0.2979675534,
    "eps": 2.14,
    "epsdiluted": 2.12,
    "weightedAverageShsOut": 12290000000,
    "weightedAverageShsOutDil": 12419000000,
    "link": "https://www.sec.gov/Archives/edgar/data/1652044/000165204424000118/0001652044-24-000118-index.htm",
    "finalLink": "https://www.sec.gov/Archives/edgar/data/1652044/000165204424000118/goog-20240930.htm"
  },
  {
    "date": "2024-06-30",
    "symbol": "GOOGL",
    "reportedCurrency": "USD",
    "cik": "0001652044",
    "fillingDate": "2024-07-24",
    "acceptedDate": "2024-07-23 19:12:07",
    "calendarYear": "2024",
    "period": "Q2",
    "revenue": 84742000000,
    "costOfRevenue": 35507000000,
    "grossProfit": 49235000000,
    "grossProfitRatio": 0.5809987963,
    "researchAndDevelopmentExpenses": 11860000000,
    "generalAndAdministrativeExpenses": 3158000000,
    "sellingAndMarketingExpenses": 6792000000,
    "sellingGeneralAndAdministrativeExpenses": 9950000000,
    "otherExpenses": 0,
    "operatingExpenses": 21810000000,
    "costAndExpenses": 57317000000,
    "interestIncome": 1090000000,
    "interestExpense": 67000000,
    "depreciationAndAmortization": 3708000000,
    "ebitda": 31326000000,
    "ebitdaratio": 0.369663213,
    "operatingIncome": 27425000000,
    "operatingIncomeRatio": 0.3236293691,
    "totalOtherIncomeExpensesNet": 126000000,
    "incomeBeforeTax": 27551000000,
    "incomeBeforeTaxRatio": 0.3251162352,
    "incomeTaxExpense": 3932000000,
    "netIncome": 23619000000,
    "netIncomeRatio": 0.278716575,
    "eps": 1.91,
    "epsdiluted": 1.89,
    "weightedAverageShsOut": 12343000000,
    "weightedAverageShsOutDil": 12495000000,
    "link": "https://www.sec.gov/Archives/edgar/data/1652044/000165204424000079/0001652044-24-000079-index.htm",
    "finalLink": "https://www.sec.gov/Archives/edgar/data/1652044/000165204424000079/goog-20240630.htm"
  },
  {
    "date": "2024-03-31",
    "symbol": "GOOGL",
    "reportedCurrency": "USD",
    "cik": "0001652044",
    "fillingDate": "2024-04-26",
    "acceptedDate": "2024-04-25 20:22:11",
    "calendarYear": "2024",
    "period": "Q1",
    "revenue": 80539000000,
    "costOfRevenue": 33712000000,
    "grossProfit": 46827000000,
    "grossProfitRatio": 0.5814201815,
    "researchAndDevelopmentExpenses": 11903000000,
    "generalAndAdministrativeExpenses": 3026000000,
    "sellingAndMarketingExpenses": 6426000000,
    "sellingGeneralAndAdministrativeExpenses": 9452000000,
    "otherExpenses": 0,
    "operatingExpenses": 21355000000,
    "costAndExpenses": 55067000000,
    "interestIncome": 1061000000,
    "interestExpense": 94000000,
    "depreciationAndAmortization": 3413000000,
    "ebitda": 31822000000,
    "ebitdaratio": 0.3951129267,
    "operatingIncome": 25472000000,
    "operatingIncomeRatio": 0.3162691367,
    "totalOtherIncomeExpensesNet": 2843000000,
    "incomeBeforeTax": 28315000000,
    "incomeBeforeTaxRatio": 0.3515688052,
    "incomeTaxExpense": 4653000000,
    "netIncome": 23662000000,
    "netIncomeRatio": 0.2937955525,
    "eps": 1.91,
    "epsdiluted": 1.89,
    "weightedAverageShsOut": 12415000000,
    "weightedAverageShsOutDil": 12527000000,
    "link": "https://www.sec.gov/Archives/edgar/data/1652044/000165204424000053/0001652044-24-000053-index.htm",
    "finalLink": "https://www.sec.gov/Archives/edgar/data/1652044/000165204424000053/goog-20240331.htm"
  },
  {
    "date": "2023-12-31",
    "symbol": "GOOGL",
    "reportedCurrency": "USD",
    "cik": "0001652044",
    "fillingDate": "2024-01-31",
    "acceptedDate": "2024-01-30 21:43:43",
    "calendarYear": "2023",
    "period": "Q4",
    "revenue": 86310000000,
    "costOfRevenue": 37575000000,
    "grossProfit": 48735000000,
    "grossProfitRatio": 0.5646506778,
    "researchAndDevelopmentExpenses": 12113000000,
    "generalAndAdministrativeExpenses": 5206000000,
    "sellingAndMarketingExpenses": 7719000000,
    "sellingGeneralAndAdministrativeExpenses": 12925000000,
    "otherExpenses": 0,
    "operatingExpenses": 25038000000,
    "costAndExpenses": 62613000000,
    "interestIncome": 1110000000,
    "interestExpense": 69000000,
    "depreciationAndAmortization": 1563000000,
    "ebitda": 26044000000,
    "ebitdaratio": 0.3017495076,
    "operatingIncome": 23697000000,
    "operatingIncomeRatio": 0.27455683,
    "totalOtherIncomeExpensesNet": 715000000,
    "incomeBeforeTax": 24412000000,
    "incomeBeforeTaxRatio": 0.2828409223,
    "incomeTaxExpense": 3725000000,
    "netIncome": 20687000000,
    "netIncomeRatio": 0.2396825397,
    "eps": 1.66,
    "epsdiluted": 1.64,
    "weightedAverageShsOut": 12488000000,
    "weightedAverageShsOutDil": 12602000000,
    "link": "https://www.sec.gov/Archives/edgar/data/1652044/000165204424000022/0001652044-24-000022-index.htm",
    "finalLink": "https://www.sec.gov/Archives/edgar/data/1652044/000165204424000022/goog-20231231.htm"
  },
  {
    "date": "2023-09-30",
    "symbol": "GOOGL",
    "reportedCurrency": "USD",
    "cik": "0001652044",
    "fillingDate": "2023-10-25",
    "acceptedDate": "2023-10-24 18:39:13",
    "calendarYear": "2023",
    "period": "Q3",
    "revenue": 76693000000,
    "costOfRevenue": 33229000000,
    "grossProfit": 43464000000,
    "grossProfitRatio": 0.5667270807,
    "researchAndDevelopmentExpenses": 11258000000,
    "generalAndAdministrativeExpenses": 3979000000,
    "sellingAndMarketingExpenses": 6884000000,
    "sellingGeneralAndAdministrativeExpenses": 10863000000,
    "otherExpenses": 0,
    "operatingExpenses": 22121000000,
    "costAndExpenses": 55350000000,
    "interestIncome": 1066000000,
    "interestExpense": 116000000,
    "depreciationAndAmortization": 3171000000,
    "ebitda": 24484000000,
    "ebitdaratio": 0.3192468674,
    "operatingIncome": 21343000000,
    "operatingIncomeRatio": 0.2782913695,
    "totalOtherIncomeExpensesNet": -146000000,
    "incomeBeforeTax": 21197000000,
    "incomeBeforeTaxRatio": 0.2763876755,
    "incomeTaxExpense": 1508000000,
    "netIncome": 19689000000,
    "netIncomeRatio": 0.2567248641,
    "eps": 1.57,
    "epsdiluted": 1.55,
    "weightedAverageShsOut": 12581000000,
    "weightedAverageShsOutDil": 12696000000,
    "link": "https://www.sec.gov/Archives/edgar/data/1652044/000165204423000094/0001652044-23-000094-index.htm",
    "finalLink": "https://www.sec.gov/Archives/edgar/data/1652044/000165204423000094/goog-20230930.htm"
  },
  {
    "date": "2023-06-30",
    "symbol": "GOOGL",
    "reportedCurrency": "USD",
    "cik": "0001652044",
    "fillingDate": "2023-07-26",
    "acceptedDate": "2023-07-25 19:13:26",
    "calendarYear": "2023",
    "period": "Q2",
    "revenue": 74604000000,
    "costOfRevenue": 31916000000,
    "grossProfit": 42688000000,
    "grossProfitRatio": 0.5721945204,
    "researchAndDevelopmentExpenses": 10588000000,
    "generalAndAdministrativeExpenses": 3481000000,
    "sellingAndMarketingExpenses": 6781000000,
    "sellingGeneralAndAdministrativeExpenses": 10262000000,
    "otherExpenses": 0,
    "operatingExpenses": 20850000000,
    "costAndExpenses": 52766000000,
    "interestIncome": 892000000,
    "interestExpense": 43000000,
    "depreciationAndAmortization": 2824000000,
    "ebitda": 24770000000,
    "ebitdaratio": 0.3320197308,
    "operatingIncome": 21838000000,
    "operatingIncomeRatio": 0.2927188891,
    "totalOtherIncomeExpensesNet": 65000000,
    "incomeBeforeTax": 21903000000,
    "incomeBeforeTaxRatio": 0.293590156,
    "incomeTaxExpense": 3535000000,
    "netIncome": 18368000000,
    "netIncomeRatio": 0.2462066377,
    "eps": 1.45,
    "epsdiluted": 1.44,
    "weightedAverageShsOut": 12668000000,
    "weightedAverageShsOutDil": 12764000000,
    "link": "https://www.sec.gov/Archives/edgar/data/1652044/000165204423000070/0001652044-23-000070-index.htm",
    "finalLink": "https://www.sec.gov/Archives/edgar/data/1652044/000165204423000070/goog-20230630.htm"
  },
  {
    "date": "2023-03-31",
    "symbol": "GOOGL",
    "reportedCurrency": "USD",
    "cik": "0001652044",
    "fillingDate": "2023-04-26",
    "acceptedDate": "2023-04-25 20:15:00",
    "calendarYear": "2023",
    "period": "Q1",
    "revenue": 69787000000,
    "costOfRevenue": 30612000000,
    "grossProfit": 39175000000,
    "grossProfitRatio": 0.5613509679,
    "researchAndDevelopmentExpenses": 11468000000,
    "generalAndAdministrativeExpenses": 3759000000,
    "sellingAndMarketingExpenses": 6533000000,
    "sellingGeneralAndAdministrativeExpenses": 10292000000,
    "otherExpenses": 0,
    "operatingExpenses": 21760000000,
    "costAndExpenses": 52372000000,
    "interestIncome": 797000000,
    "interestExpense": 80000000,
    "depreciationAndAmortization": 2635000000,
    "ebitda": 20920000000,
    "ebitdaratio": 0.299769298,
    "operatingIncome": 17415000000,
    "operatingIncomeRatio": 0.2495450442,
    "totalOtherIncomeExpensesNet": 790000000,
    "incomeBeforeTax": 18205000000,
    "incomeBeforeTaxRatio": 0.2608652041,
    "incomeTaxExpense": 3154000000,
    "netIncome": 15051000000,
    "netIncomeRatio": 0.2156705404,
    "eps": 1.18,
    "epsdiluted": 1.17,
    "weightedAverageShsOut": 12823000000,
    "weightedAverageShsOutDil": 12823000000,
    "link": "https://www.sec.gov/Archives/edgar/data/1652044/000165204423000045/0001652044-23-000045-index.htm",
    "finalLink": "https://www.sec.gov/Archives/edgar/data/1652044/000165204423000045/goog-20230331.htm"
  },
  {
    "date": "2022-12-31",
    "symbol": "GOOGL",
    "reportedCurrency": "USD",
    "cik": "0001652044",
    "fillingDate": "2023-02-03",
    "acceptedDate": "2023-02-02 21:23:45",
    "calendarYear": "2022",
    "period": "Q4",
    "revenue": 76048000000,
    "costOfRevenue": 35342000000,
    "grossProfit": 40706000000,
    "grossProfitRatio": 0.5352671997,
    "researchAndDevelopmentExpenses": 10267000000,
    "generalAndAdministrativeExpenses": 5096000000,
    "sellingAndMarketingExpenses": 7183000000,
    "sellingGeneralAndAdministrativeExpenses": 12279000000,
    "otherExpenses": 0,
    "operatingExpenses": 22546000000,
    "costAndExpenses": 57888000000,
    "interestIncome": 659000000,
    "interestExpense": 90000000,
    "depreciationAndAmortization": 4201000000,
    "ebitda": 21438000000,
    "ebitdaratio": 0.2819009047,
    "operatingIncome": 18160000000,
    "operatingIncomeRatio": 0.2387965495,
    "totalOtherIncomeExpensesNet": -1013000000,
    "incomeBeforeTax": 17147000000,
    "incomeBeforeTaxRatio": 0.2254760151,
    "incomeTaxExpense": 3523000000,
    "netIncome": 13624000000,
    "netIncomeRatio": 0.1791500105,
    "eps": 1.06,
    "epsdiluted": 1.05,
    "weightedAverageShsOut": 12897000000,
    "weightedAverageShsOutDil": 12947000000,
    "link": "https://www.sec.gov/Archives/edgar/data/1652044/000165204423000016/0001652044-23-000016-index.htm",
    "finalLink": "https://www.sec.gov/Archives/edgar/data/1652044/000165204423000016/goog-20221231.htm"
  },
  {
    "date": "2022-09-30",
    "symbol": "GOOGL",
    "reportedCurrency": "USD",
    "cik": "0001652044",
    "fillingDate": "2022-10-26",
    "acceptedDate": "2022-10-25 21:32:59",
    "calendarYear": "2022",
    "period": "Q3",
    "revenue": 69092000000,
    "costOfRevenue": 31158000000,
    "grossProfit": 37934000000,
    "grossProfitRatio": 0.5490360679,
    "researchAndDevelopmentExpenses": 10273000000,
    "generalAndAdministrativeExpenses": 3597000000,
    "sellingAndMarketingExpenses": 6929000000,
    "sellingGeneralAndAdministrativeExpenses": 10526000000,
    "otherExpenses": 0,
    "operatingExpenses": 20799000000,
    "costAndExpenses": 51957000000,
    "interestIncome": 615000000,
    "interestExpense": 101000000,
    "depreciationAndAmortization": 4046000000,
    "ebitda": 20380000000,
    "ebitdaratio": 0.2949690268,
    "operatingIncome": 17135000000,
    "operatingIncomeRatio": 0.2480026631,
    "totalOtherIncomeExpensesNet": -902000000,
    "incomeBeforeTax": 16233000000,
    "incomeBeforeTaxRatio": 0.2349476061,
    "incomeTaxExpense": 2323000000,
    "netIncome": 13910000000,
    "netIncomeRatio": 0.2013257685,
    "eps": 1.07,
    "epsdiluted": 1.06,
    "weightedAverageShsOut": 13000000000,
    "weightedAverageShsOutDil": 13097000000,
    "link": "https://www.sec.gov/Archives/edgar/data/1652044/000165204422000090/0001652044-22-000090-index.htm",
    "finalLink": "https://www.sec.gov/Archives/edgar/data/1652044/000165204422000090/goog-20220930.htm"
  },
  {
    "date": "2022-06-30",
    "symbol": "GOOGL",
    "reportedCurrency": "USD",
    "cik": "0001652044",
    "fillingDate": "2022-07-27",
    "acceptedDate": "2022-07-26 19:29:36",
    "calendarYear": "2022",
    "period": "Q2",
    "revenue": 69685000000,
    "costOfRevenue": 30104000000,
    "grossProfit": 39581000000,
    "grossProfitRatio": 0.567998852,
    "researchAndDevelopmentExpenses": 9841000000,
    "generalAndAdministrativeExpenses": 3657000000,
    "sellingAndMarketingExpenses": 6630000000,
    "sellingGeneralAndAdministrativeExpenses": 10287000000,
    "otherExpenses": 0,
    "operatingExpenses": 20128000000,
    "costAndExpenses": 50232000000,
    "interestIncome": 486000000,
    "interestExpense": 83000000,
    "depreciationAndAmortization": 3899000000,
    "ebitda": 22996000000,
    "ebitdaratio": 0.3299992825,
    "operatingIncome": 19453000000,
    "operatingIncomeRatio": 0.2791562029,
    "totalOtherIncomeExpensesNet": -439000000,
    "incomeBeforeTax": 19014000000,
    "incomeBeforeTaxRatio": 0.2728564253,
    "incomeTaxExpense": 3012000000,
    "netIncome": 16002000000,
    "netIncomeRatio": 0.2296333501,
    "eps": 1.22,
    "epsdiluted": 1.21,
    "weightedAverageShsOut": 13168000000,
    "weightedAverageShsOutDil": 13238994042,
    "link": "https://www.sec.gov/Archives/edgar/data/1652044/000165204422000071/0001652044-22-000071-index.htm",
    "finalLink": "https://www.sec.gov/Archives/edgar/data/1652044/000165204422000071/goog-20220630.htm"
  },
  {
    "date": "2022-03-31",
    "symbol": "GOOGL",
    "reportedCurrency": "USD",
    "cik": "0001652044",
    "fillingDate": "2022-04-27",
    "acceptedDate": "2022-04-26 20:51:20",
    "calendarYear": "2022",
    "period": "Q1",
    "revenue": 68011000000,
    "costOfRevenue": 29599000000,
    "grossProfit": 38412000000,
    "grossProfitRatio": 0.5647909897,
    "researchAndDevelopmentExpenses": 9119000000,
    "generalAndAdministrativeExpenses": 3374000000,
    "sellingAndMarketingExpenses": 5825000000,
    "sellingGeneralAndAdministrativeExpenses": 9199000000,
    "otherExpenses": 0,
    "operatingExpenses": 18318000000,
    "costAndExpenses": 47917000000,
    "interestIncome": 414000000,
    "interestExpense": 83000000,
    "depreciationAndAmortization": 3782000000,
    "ebitda": 22799000000,
    "ebitdaratio": 0.3352251842,
    "operatingIncome": 20094000000,
    "operatingIncomeRatio": 0.2954522063,
    "totalOtherIncomeExpensesNet": -1160000000,
    "incomeBeforeTax": 18934000000,
    "incomeBeforeTaxRatio": 0.2783961418,
    "incomeTaxExpense": 2498000000,
    "netIncome": 16436000000,
    "netIncomeRatio": 0.2416667892,
    "eps": 1.24,
    "epsdiluted": 1.23,
    "weightedAverageShsOut": 13203000000,
    "weightedAverageShsOutDil": 13351013992,
    "link": "https://www.sec.gov/Archives/edgar/data/1652044/000165204422000029/0001652044-22-000029-index.htm",
    "finalLink": "https://www.sec.gov/Archives/edgar/data/1652044/000165204422000029/goog-20220331.htm"
  },
  {
    "date": "2021-12-31",
    "symbol": "GOOGL",
    "reportedCurrency": "USD",
    "cik": "0001652044",
    "fillingDate": "2022-02-02",
    "acceptedDate": "2022-02-01 21:08:02",
    "calendarYear": "2021",
    "period": "Q4",
    "revenue": 75325000000,
    "costOfRevenue": 32988000000,
    "grossProfit": 42337000000,
    "grossProfitRatio": 0.5620577498,
    "researchAndDevelopmentExpenses": 8708000000,
    "generalAndAdministrativeExpenses": 4140000000,
    "sellingAndMarketingExpenses": 7604000000,
    "sellingGeneralAndAdministrativeExpenses": 11744000000,
    "otherExpenses": 0,
    "operatingExpenses": 20452000000,
    "costAndExpenses": 53440000000,
    "interestIncome": 378000000,
    "interestExpense": 117000000,
    "depreciationAndAmortization": 3439000000,
    "ebitda": 27958000000,
    "ebitdaratio": 0.3711649519,
    "operatingIncome": 21885000000,
    "operatingIncomeRatio": 0.290540989,
    "totalOtherIncomeExpensesNet": 2517000000,
    "incomeBeforeTax": 24402000000,
    "incomeBeforeTaxRatio": 0.3239561898,
    "incomeTaxExpense": 3760000000,
    "netIncome": 20642000000,
    "netIncomeRatio": 0.2740391636,
    "eps": 1.56,
    "epsdiluted": 1.53,
    "weightedAverageShsOut": 13253254036,
    "weightedAverageShsOutDil": 13449853947,
    "link": "https://www.sec.gov/Archives/edgar/data/1652044/000165204422000019/0001652044-22-000019-index.htm",
    "finalLink": "https://www.sec.gov/Archives/edgar/data/1652044/000165204422000019/goog-20211231.htm"
  },
  {
    "date": "2021-09-30",
    "symbol": "GOOGL",
    "reportedCurrency": "USD",
    "cik": "0001652044",
    "fillingDate": "2021-10-27",
    "acceptedDate": "2021-10-26 19:47:06",
    "calendarYear": "2021",
    "period": "Q3",
    "revenue": 65118000000,
    "costOfRevenue": 27621000000,
    "grossProfit": 37497000000,
    "grossProfitRatio": 0.5758315673,
    "researchAndDevelopmentExpenses": 7694000000,
    "generalAndAdministrativeExpenses": 3256000000,
    "sellingAndMarketingExpenses": 5516000000,
    "sellingGeneralAndAdministrativeExpenses": 8772000000,
    "otherExpenses": 0,
    "operatingExpenses": 16466000000,
    "costAndExpenses": 44087000000,
    "interestIncome": 387000000,
    "interestExpense": 77000000,
    "depreciationAndAmortization": 3304000000,
    "ebitda": 26445000000,
    "ebitdaratio": 0.40610891,
    "operatingIncome": 21031000000,
    "operatingIncomeRatio": 0.3229675359,
    "totalOtherIncomeExpensesNet": 2033000000,
    "incomeBeforeTax": 23064000000,
    "incomeBeforeTaxRatio": 0.3541877822,
    "incomeTaxExpense": 4128000000,
    "netIncome": 18936000000,
    "netIncomeRatio": 0.2907951718,
    "eps": 1.42,
    "epsdiluted": 1.4,
    "weightedAverageShsOut": 13315154008,
    "weightedAverageShsOutDil": 13530373911,
    "link": "https://www.sec.gov/Archives/edgar/data/1652044/000165204421000057/0001652044-21-000057-index.htm",
    "finalLink": "https://www.sec.gov/Archives/edgar/data/1652044/000165204421000057/goog-20210930.htm"
  },
  {
    "date": "2021-06-30",
    "symbol": "GOOGL",
    "reportedCurrency": "USD",
    "cik": "0001652044",
    "fillingDate": "2021-07-28",
    "acceptedDate": "2021-07-27 20:16:30",
    "calendarYear": "2021",
    "period": "Q2",
    "revenue": 61880000000,
    "costOfRevenue": 26227000000,
    "grossProfit": 35653000000,
    "grossProfitRatio": 0.5761635423,
    "researchAndDevelopmentExpenses": 7675000000,
    "generalAndAdministrativeExpenses": 3341000000,
    "sellingAndMarketingExpenses": 5276000000,
    "sellingGeneralAndAdministrativeExpenses": 8617000000,
    "otherExpenses": 0,
    "operatingExpenses": 16292000000,
    "costAndExpenses": 42519000000,
    "interestIncome": 389000000,
    "interestExpense": 76000000,
    "depreciationAndAmortization": 2945000000,
    "ebitda": 25006000000,
    "ebitdaratio": 0.4041047188,
    "operatingIncome": 19361000000,
    "operatingIncomeRatio": 0.3128797673,
    "totalOtherIncomeExpensesNet": 2624000000,
    "incomeBeforeTax": 21985000000,
    "incomeBeforeTaxRatio": 0.3552844215,
    "incomeTaxExpense": 3460000000,
    "netIncome": 18525000000,
    "netIncomeRatio": 0.2993697479,
    "eps": 1.38,
    "epsdiluted": 1.36,
    "weightedAverageShsOut": 13379154000,
    "weightedAverageShsOutDil": 13592234000,
    "link": "https://www.sec.gov/Archives/edgar/data/1652044/000165204421000047/0001652044-21-000047-index.htm",
    "finalLink": "https://www.sec.gov/Archives/edgar/data/1652044/000165204421000047/goog-20210630.htm"
  },
  {
    "date": "2021-03-31",
    "symbol": "GOOGL",
    "reportedCurrency": "USD",
    "cik": "0001652044",
    "fillingDate": "2021-04-28",
    "acceptedDate": "2021-04-27 19:17:57",
    "calendarYear": "2021",
    "period": "Q1",
    "revenue": 55314000000,
    "costOfRevenue": 24103000000,
    "grossProfit": 31211000000,
    "grossProfitRatio": 0.5642513649,
    "researchAndDevelopmentExpenses": 7485000000,
    "generalAndAdministrativeExpenses": 2773000000,
    "sellingAndMarketingExpenses": 4516000000,
    "sellingGeneralAndAdministrativeExpenses": 7289000000,
    "otherExpenses": 0,
    "operatingExpenses": 14774000000,
    "costAndExpenses": 38877000000,
    "interestIncome": 345000000,
    "interestExpense": 76000000,
    "depreciationAndAmortization": 2753000000,
    "ebitda": 24112000000,
    "ebitdaratio": 0.4359113425,
    "operatingIncome": 16437000000,
    "operatingIncomeRatio": 0.2971580432,
    "totalOtherIncomeExpensesNet": 4846000000,
    "incomeBeforeTax": 21283000000,
    "incomeBeforeTaxRatio": 0.3847669668,
    "incomeTaxExpense": 3353000000,
    "netIncome": 17930000000,
    "netIncomeRatio": 0.3241494016,
    "eps": 1.33,
    "epsdiluted": 1.31,
    "weightedAverageShsOut": 13464393941,
    "weightedAverageShsOutDil": 13641413861,
    "link": "https://www.sec.gov/Archives/edgar/data/1652044/000165204421000020/0001652044-21-000020-index.htm",
    "finalLink": "https://www.sec.gov/Archives/edgar/data/1652044/000165204421000020/goog-20210331.htm"
  },
  {
    "date": "2020-12-31",
    "symbol": "GOOGL",
    "reportedCurrency": "USD",
    "cik": "0001652044",
    "fillingDate": "2021-02-03",
    "acceptedDate": "2021-02-02 20:12:25",
    "calendarYear": "2020",
    "period": "Q4",
    "revenue": 56898000000,
    "costOfRevenue": 26080000000,
    "grossProfit": 30818000000,
    "grossProfitRatio": 0.5416359099,
    "researchAndDevelopmentExpenses": 7022000000,
    "generalAndAdministrativeExpenses": 2831000000,
    "sellingAndMarketingExpenses": 5314000000,
    "sellingGeneralAndAdministrativeExpenses": 8145000000,
    "otherExpenses": 0,
    "operatingExpenses": 15167000000,
    "costAndExpenses": 41247000000,
    "interestIncome": 386000000,
    "interestExpense": 53000000,
    "depreciationAndAmortization": 3725000000,
    "ebitda": 22467000000,
    "ebitdaratio": 0.3948644944,
    "operatingIncome": 15651000000,
    "operatingIncomeRatio": 0.27507118,
    "totalOtherIncomeExpensesNet": 3038000000,
    "incomeBeforeTax": 18689000000,
    "incomeBeforeTaxRatio": 0.3284649724,
    "incomeTaxExpense": 3462000000,
    "netIncome": 15227000000,
    "netIncomeRatio": 0.2676192485,
    "eps": 1.13,
    "epsdiluted": 1.12,
    "weightedAverageShsOut": 13511633919,
    "weightedAverageShsOutDil": 13659373853,
    "link": "https://www.sec.gov/Archives/edgar/data/1652044/000165204421000010/0001652044-21-000010-index.htm",
    "finalLink": "https://www.sec.gov/Archives/edgar/data/1652044/000165204421000010/goog-20201231.htm"
  },
  {
    "date": "2020-09-30",
    "symbol": "GOOGL",
    "reportedCurrency": "USD",
    "cik": "0001652044",
    "fillingDate": "2020-10-30",
    "acceptedDate": "2020-10-29 19:30:04",
    "calendarYear": "2020",
    "period": "Q3",
    "revenue": 46173000000,
    "costOfRevenue": 21117000000,
    "grossProfit": 25056000000,
    "grossProfitRatio": 0.5426547983,
    "researchAndDevelopmentExpenses": 6856000000,
    "generalAndAdministrativeExpenses": 2756000000,
    "sellingAndMarketingExpenses": 4231000000,
    "sellingGeneralAndAdministrativeExpenses": 6987000000,
    "otherExpenses": 0,
    "operatingExpenses": 13843000000,
    "costAndExpenses": 34960000000,
    "interestIncome": 460000000,
    "interestExpense": 48000000,
    "depreciationAndAmortization": 3478000000,
    "ebitda": 16885000000,
    "ebitdaratio": 0.3656899054,
    "operatingIncome": 11213000000,
    "operatingIncomeRatio": 0.2428475516,
    "totalOtherIncomeExpensesNet": 2146000000,
    "incomeBeforeTax": 13359000000,
    "incomeBeforeTaxRatio": 0.2893249302,
    "incomeTaxExpense": 2112000000,
    "netIncome": 11247000000,
    "netIncomeRatio": 0.2435839127,
    "eps": 0.83,
    "epsdiluted": 0.82,
    "weightedAverageShsOut": 13588974564,
    "weightedAverageShsOutDil": 13717014513,
    "link": "https://www.sec.gov/Archives/edgar/data/1652044/000165204420000050/0001652044-20-000050-index.htm",
    "finalLink": "https://www.sec.gov/Archives/edgar/data/1652044/000165204420000050/goog-20200930.htm"
  },
  {
    "date": "2020-06-30",
    "symbol": "GOOGL",
    "reportedCurrency": "USD",
    "cik": "0001652044",
    "fillingDate": "2020-07-31",
    "acceptedDate": "2020-07-30 19:57:55",
    "calendarYear": "2020",
    "period": "Q2",
    "revenue": 38297000000,
    "costOfRevenue": 18553000000,
    "grossProfit": 19744000000,
    "grossProfitRatio": 0.5155495209,
    "researchAndDevelopmentExpenses": 6875000000,
    "generalAndAdministrativeExpenses": 2585000000,
    "sellingAndMarketingExpenses": 3901000000,
    "sellingGeneralAndAdministrativeExpenses": 6486000000,
    "otherExpenses": 0,
    "operatingExpenses": 13361000000,
    "costAndExpenses": 31914000000,
    "interestIncome": 433000000,
    "interestExpense": 13000000,
    "depreciationAndAmortization": 3386000000,
    "ebitda": 11676000000,
    "ebitdaratio": 0.3048802778,
    "operatingIncome": 6383000000,
    "operatingIncomeRatio": 0.1666710186,
    "totalOtherIncomeExpensesNet": 1894000000,
    "incomeBeforeTax": 8277000000,
    "incomeBeforeTaxRatio": 0.2161265896,
    "incomeTaxExpense": 1318000000,
    "netIncome": 6959000000,
    "netIncomeRatio": 0.1817113612,
    "eps": 0.51,
    "epsdiluted": 0.51,
    "weightedAverageShsOut": 13635354545,
    "weightedAverageShsOutDil": 13740474503,
    "link": "https://www.sec.gov/Archives/edgar/data/1652044/000165204420000032/0001652044-20-000032-index.htm",
    "finalLink": "https://www.sec.gov/Archives/edgar/data/1652044/000165204420000032/goog-20200630.htm"
  },
  {
    "date": "2020-03-31",
    "symbol": "GOOGL",
    "reportedCurrency": "USD",
    "cik": "0001652044",
    "fillingDate": "2020-04-29",
    "acceptedDate": "2020-04-28 18:52:33",
    "calendarYear": "2020",
    "period": "Q1",
    "revenue": 41159000000,
    "costOfRevenue": 18982000000,
    "grossProfit": 22177000000,
    "grossProfitRatio": 0.5388128963,
    "researchAndDevelopmentExpenses": 6820000000,
    "generalAndAdministrativeExpenses": 2880000000,
    "sellingAndMarketingExpenses": 4500000000,
    "sellingGeneralAndAdministrativeExpenses": 7380000000,
    "otherExpenses": 0,
    "operatingExpenses": 14200000000,
    "costAndExpenses": 33182000000,
    "interestIncome": 586000000,
    "interestExpense": 21000000,
    "depreciationAndAmortization": 3108000000,
    "ebitda": 10886000000,
    "ebitdaratio": 0.2644865036,
    "operatingIncome": 7977000000,
    "operatingIncomeRatio": 0.1938093734,
    "totalOtherIncomeExpensesNet": -220000000,
    "incomeBeforeTax": 7757000000,
    "incomeBeforeTaxRatio": 0.1884642484,
    "incomeTaxExpense": 921000000,
    "netIncome": 6836000000,
    "netIncomeRatio": 0.1660876115,
    "eps": 0.5,
    "epsdiluted": 0.49,
    "weightedAverageShsOut": 13729294508,
    "weightedAverageShsOutDil": 13845334461,
    "link": "https://www.sec.gov/Archives/edgar/data/1652044/000165204420000021/0001652044-20-000021-index.htm",
    "finalLink": "https://www.sec.gov/Archives/edgar/data/1652044/000165204420000021/goog-20200331.htm"
  },
  {
    "date": "2019-12-31",
    "symbol": "GOOGL",
    "reportedCurrency": "USD",
    "cik": "0001652044",
    "fillingDate": "2020-02-04",
    "acceptedDate": "2020-02-03 21:03:59",
    "calendarYear": "2019",
    "period": "Q4",
    "revenue": 46075000000,
    "costOfRevenue": 21020000000,
    "grossProfit": 25055000000,
    "grossProfitRatio": 0.5437873033,
    "researchAndDevelopmentExpenses": 7222000000,
    "generalAndAdministrativeExpenses": 2829000000,
    "sellingAndMarketingExpenses": 5738000000,
    "sellingGeneralAndAdministrativeExpenses": 8567000000,
    "otherExpenses": 0,
    "operatingExpenses": 15789000000,
    "costAndExpenses": 36809000000,
    "interestIncome": 621000000,
    "interestExpense": 17000000,
    "depreciationAndAmortization": 3413000000,
    "ebitda": 14134000000,
    "ebitdaratio": 0.3067607162,
    "operatingIncome": 9266000000,
    "operatingIncomeRatio": 0.2011068909,
    "totalOtherIncomeExpensesNet": 1438000000,
    "incomeBeforeTax": 10704000000,
    "incomeBeforeTaxRatio": 0.2323168747,
    "incomeTaxExpense": 33000000,
    "netIncome": 10671000000,
    "netIncomeRatio": 0.2316006511,
    "eps": 0.77,
    "epsdiluted": 0.77,
    "weightedAverageShsOut": 13776114489,
    "weightedAverageShsOutDil": 13903874438,
    "link": "https://www.sec.gov/Archives/edgar/data/1652044/000165204420000008/0001652044-20-000008-index.htm",
    "finalLink": "https://www.sec.gov/Archives/edgar/data/1652044/000165204420000008/goog10-k2019.htm"
  },
  {
    "date": "2019-09-30",
    "symbol": "GOOGL",
    "reportedCurrency": "USD",
    "cik": "0001652044",
    "fillingDate": "2019-10-29",
    "acceptedDate": "2019-10-28 19:02:44",
    "calendarYear": "2019",
    "period": "Q3",
    "revenue": 40499000000,
    "costOfRevenue": 17568000000,
    "grossProfit": 22931000000,
    "grossProfitRatio": 0.5662115114,
    "researchAndDevelopmentExpenses": 6554000000,
    "generalAndAdministrativeExpenses": 2591000000,
    "sellingAndMarketingExpenses": 4609000000,
    "sellingGeneralAndAdministrativeExpenses": 7200000000,
    "otherExpenses": 0,
    "operatingExpenses": 13754000000,
    "costAndExpenses": 31322000000,
    "interestIncome": 631000000,
    "interestExpense": 23000000,
    "depreciationAndAmortization": 2920000000,
    "ebitda": 11571000000,
    "ebitdaratio": 0.2857107583,
    "operatingIncome": 9177000000,
    "operatingIncomeRatio": 0.2265981876,
    "totalOtherIncomeExpensesNet": -549000000,
    "incomeBeforeTax": 8628000000,
    "incomeBeforeTaxRatio": 0.2130422973,
    "incomeTaxExpense": 1560000000,
    "netIncome": 7068000000,
    "netIncomeRatio": 0.1745228277,
    "eps": 0.51,
    "epsdiluted": 0.51,
    "weightedAverageShsOut": 13858817986,
    "weightedAverageShsOutDil": 13963974414,
    "link": "https://www.sec.gov/Archives/edgar/data/1652044/000165204419000032/0001652044-19-000032-index.htm",
    "finalLink": "https://www.sec.gov/Archives/edgar/data/1652044/000165204419000032/goog10-qq32019.htm"
  },
  {
    "date": "2019-06-30",
    "symbol": "GOOGL",
    "reportedCurrency": "USD",
    "cik": "0001652044",
    "fillingDate": "2019-07-26",
    "acceptedDate": "2019-07-25 18:11:13",
    "calendarYear": "2019",
    "period": "Q2",
    "revenue": 38944000000,
    "costOfRevenue": 17296000000,
    "grossProfit": 21648000000,
    "grossProfitRatio": 0.5558751027,
    "researchAndDevelopmentExpenses": 6213000000,
    "generalAndAdministrativeExpenses": 2043000000,
    "sellingAndMarketingExpenses": 4212000000,
    "sellingGeneralAndAdministrativeExpenses": 6255000000,
    "otherExpenses": 0,
    "operatingExpenses": 12468000000,
    "costAndExpenses": 29764000000,
    "interestIncome": 653000000,
    "interestExpense": 25000000,
    "depreciationAndAmortization": 2835000000,
    "ebitda": 15007000000,
    "ebitdaratio": 0.3853481923,
    "operatingIncome": 9180000000,
    "operatingIncomeRatio": 0.2357230896,
    "totalOtherIncomeExpensesNet": 2967000000,
    "incomeBeforeTax": 12147000000,
    "incomeBeforeTaxRatio": 0.3119094084,
    "incomeTaxExpense": 2200000000,
    "netIncome": 9947000000,
    "netIncomeRatio": 0.2554180362,
    "eps": 0.72,
    "epsdiluted": 0.71,
    "weightedAverageShsOut": 13882757880,
    "weightedAverageShsOutDil": 13999074400,
    "link": "https://www.sec.gov/Archives/edgar/data/1652044/000165204419000023/0001652044-19-000023-index.htm",
    "finalLink": "https://www.sec.gov/Archives/edgar/data/1652044/000165204419000023/goog10-qq22019.htm"
  },
  {
    "date": "2019-03-31",
    "symbol": "GOOGL",
    "reportedCurrency": "USD",
    "cik": "0001652044",
    "fillingDate": "2019-04-30",
    "acceptedDate": "2019-04-29 19:32:43",
    "calendarYear": "2019",
    "period": "Q1",
    "revenue": 36339000000,
    "costOfRevenue": 16012000000,
    "grossProfit": 20327000000,
    "grossProfitRatio": 0.5593714742,
    "researchAndDevelopmentExpenses": 6029000000,
    "generalAndAdministrativeExpenses": 2088000000,
    "sellingAndMarketingExpenses": 3905000000,
    "sellingGeneralAndAdministrativeExpenses": 5993000000,
    "otherExpenses": 1697000000,
    "operatingExpenses": 13719000000,
    "costAndExpenses": 29731000000,
    "interestIncome": 522000000,
    "interestExpense": 35000000,
    "depreciationAndAmortization": 2613000000,
    "ebitda": 10794000000,
    "ebitdaratio": 0.2970362421,
    "operatingIncome": 6608000000,
    "operatingIncomeRatio": 0.1818431988,
    "totalOtherIncomeExpensesNet": 1538000000,
    "incomeBeforeTax": 8146000000,
    "incomeBeforeTaxRatio": 0.2241668731,
    "incomeTaxExpense": 1489000000,
    "netIncome": 6657000000,
    "netIncomeRatio": 0.1831916123,
    "eps": 0.48,
    "epsdiluted": 0.48,
    "weightedAverageShsOut": 13897697990,
    "weightedAverageShsOutDil": 14017574392,
    "link": "https://www.sec.gov/Archives/edgar/data/1652044/000165204419000015/0001652044-19-000015-index.htm",
    "finalLink": "https://www.sec.gov/Archives/edgar/data/1652044/000165204419000015/goog10-qq12019.htm"
  },
  {
    "date": "2018-12-31",
    "symbol": "GOOGL",
    "reportedCurrency": "USD",
    "cik": "0001652044",
    "fillingDate": "2019-02-05",
    "acceptedDate": "2019-02-04 21:06:38",
    "calendarYear": "2018",
    "period": "Q4",
    "revenue": 39276000000,
    "costOfRevenue": 17918000000,
    "grossProfit": 21358000000,
    "grossProfitRatio": 0.5437926469,
    "researchAndDevelopmentExpenses": 6034000000,
    "generalAndAdministrativeExpenses": 2021000000,
    "sellingAndMarketingExpenses": 5100000000,
    "sellingGeneralAndAdministrativeExpenses": 7121000000,
    "otherExpenses": 0,
    "operatingExpenses": 13155000000,
    "costAndExpenses": 31073000000,
    "interestIncome": 542000000,
    "interestExpense": 29000000,
    "depreciationAndAmortization": 2580000000,
    "ebitda": 12681000000,
    "ebitdaratio": 0.3228689276,
    "operatingIncome": 8203000000,
    "operatingIncomeRatio": 0.2088552806,
    "totalOtherIncomeExpensesNet": 1869000000,
    "incomeBeforeTax": 10072000000,
    "incomeBeforeTaxRatio": 0.2564415928,
    "incomeTaxExpense": 1124000000,
    "netIncome": 8948000000,
    "netIncomeRatio": 0.2278236073,
    "eps": 0.64,
    "epsdiluted": 0.64,
    "weightedAverageShsOut": 13905200343,
    "weightedAverageShsOutDil": 14017974392,
    "link": "https://www.sec.gov/Archives/edgar/data/1652044/000165204419000004/0001652044-19-000004-index.htm",
    "finalLink": "https://www.sec.gov/Archives/edgar/data/1652044/000165204419000004/goog10-kq42018.htm"
  },
  {
    "date": "2018-09-30",
    "symbol": "GOOGL",
    "reportedCurrency": "USD",
    "cik": "0001652044",
    "fillingDate": "2018-10-26",
    "acceptedDate": "2018-10-25 17:41:36",
    "calendarYear": "2018",
    "period": "Q3",
    "revenue": 33740000000,
    "costOfRevenue": 14281000000,
    "grossProfit": 19459000000,
    "grossProfitRatio": 0.5767338471,
    "researchAndDevelopmentExpenses": 5232000000,
    "generalAndAdministrativeExpenses": 1753000000,
    "sellingAndMarketingExpenses": 3849000000,
    "sellingGeneralAndAdministrativeExpenses": 5602000000,
    "otherExpenses": 0,
    "operatingExpenses": 10834000000,
    "costAndExpenses": 25115000000,
    "interestIncome": 481000000,
    "interestExpense": 28000000,
    "depreciationAndAmortization": 2355000000,
    "ebitda": 12466000000,
    "ebitdaratio": 0.3694724363,
    "operatingIncome": 8625000000,
    "operatingIncomeRatio": 0.2556312982,
    "totalOtherIncomeExpensesNet": 1458000000,
    "incomeBeforeTax": 10083000000,
    "incomeBeforeTaxRatio": 0.298844102,
    "incomeTaxExpense": 891000000,
    "netIncome": 9192000000,
    "netIncomeRatio": 0.2724362774,
    "eps": 0.66,
    "epsdiluted": 0.65,
    "weightedAverageShsOut": 13916724183,
    "weightedAverageShsOutDil": 14077174369,
    "link": "https://www.sec.gov/Archives/edgar/data/1652044/000165204418000035/0001652044-18-000035-index.htm",
    "finalLink": "https://www.sec.gov/Archives/edgar/data/1652044/000165204418000035/goog10-qq32018.htm"
  },
  {
    "date": "2018-06-30",
    "symbol": "GOOGL",
    "reportedCurrency": "USD",
    "cik": "0001652044",
    "fillingDate": "2018-07-24",
    "acceptedDate": "2018-07-23 21:02:56",
    "calendarYear": "2018",
    "period": "Q2",
    "revenue": 32657000000,
    "costOfRevenue": 13883000000,
    "grossProfit": 18774000000,
    "grossProfitRatio": 0.5748844046,
    "researchAndDevelopmentExpenses": 5114000000,
    "generalAndAdministrativeExpenses": 1764000000,
    "sellingAndMarketingExpenses": 3780000000,
    "sellingGeneralAndAdministrativeExpenses": 5544000000,
    "otherExpenses": 5071000000,
    "operatingExpenses": 15729000000,
    "costAndExpenses": 29612000000,
    "interestIncome": 456000000,
    "interestExpense": 27000000,
    "depreciationAndAmortization": 2114000000,
    "ebitda": 6356000000,
    "ebitdaratio": 0.1946290229,
    "operatingIncome": 3045000000,
    "operatingIncomeRatio": 0.0932418777,
    "totalOtherIncomeExpensesNet": 1170000000,
    "incomeBeforeTax": 4215000000,
    "incomeBeforeTaxRatio": 0.1290688061,
    "incomeTaxExpense": 1020000000,
    "netIncome": 3195000000,
    "netIncomeRatio": 0.0978350736,
    "eps": 0.23,
    "epsdiluted": 0.23,
    "weightedAverageShsOut": 13891298791,
    "weightedAverageShsOutDil": 14064934374,
    "link": "https://www.sec.gov/Archives/edgar/data/1652044/000165204418000027/0001652044-18-000027-index.htm",
    "finalLink": "https://www.sec.gov/Archives/edgar/data/1652044/000165204418000027/goog10-qq22018.htm"
  },
  {
    "date": "2018-03-31",
    "symbol": "GOOGL",
    "reportedCurrency": "USD",
    "cik": "0001652044",
    "fillingDate": "2018-04-24",
    "acceptedDate": "2018-04-23 18:54:51",
    "calendarYear": "2018",
    "period": "Q1",
    "revenue": 31146000000,
    "costOfRevenue": 13467000000,
    "grossProfit": 17679000000,
    "grossProfitRatio": 0.5676170295,
    "researchAndDevelopmentExpenses": 5039000000,
    "generalAndAdministrativeExpenses": 1403000000,
    "sellingAndMarketingExpenses": 3604000000,
    "sellingGeneralAndAdministrativeExpenses": 5007000000,
    "otherExpenses": 0,
    "operatingExpenses": 10046000000,
    "costAndExpenses": 23513000000,
    "interestIncome": 399000000,
    "interestExpense": 30000000,
    "depreciationAndAmortization": 1986000000,
    "ebitda": 12559000000,
    "ebitdaratio": 0.4032299493,
    "operatingIncome": 7633000000,
    "operatingIncomeRatio": 0.2450715983,
    "totalOtherIncomeExpensesNet": 2910000000,
    "incomeBeforeTax": 10543000000,
    "incomeBeforeTaxRatio": 0.3385025364,
    "incomeTaxExpense": 1142000000,
    "netIncome": 9401000000,
    "netIncomeRatio": 0.3018365119,
    "eps": 0.68,
    "epsdiluted": 0.67,
    "weightedAverageShsOut": 13896520679,
    "weightedAverageShsOutDil": 14102674358,
    "link": "https://www.sec.gov/Archives/edgar/data/1652044/000165204418000016/0001652044-18-000016-index.htm",
    "finalLink": "https://www.sec.gov/Archives/edgar/data/1652044/000165204418000016/goog10-qq12018.htm"
  },
  {
    "date": "2017-12-31",
    "symbol": "GOOGL",
    "reportedCurrency": "USD",
    "cik": "0001652044",
    "fillingDate": "2018-02-06",
    "acceptedDate": "2018-02-05 20:46:29",
    "calendarYear": "2017",
    "period": "Q4",
    "revenue": 32323000000,
    "costOfRevenue": 14267000000,
    "grossProfit": 18056000000,
    "grossProfitRatio": 0.558611515,
    "researchAndDevelopmentExpenses": 4306000000,
    "generalAndAdministrativeExpenses": 1776000000,
    "sellingAndMarketingExpenses": 4310000000,
    "sellingGeneralAndAdministrativeExpenses": 6086000000,
    "otherExpenses": 0,
    "operatingExpenses": 10392000000,
    "costAndExpenses": 24659000000,
    "interestIncome": 400000000,
    "interestExpense": 36000000,
    "depreciationAndAmortization": 2026000000,
    "ebitda": 10080000000,
    "ebitdaratio": 0.3118522414,
    "operatingIncome": 7664000000,
    "operatingIncomeRatio": 0.2371067042,
    "totalOtherIncomeExpensesNet": 354000000,
    "incomeBeforeTax": 8018000000,
    "incomeBeforeTaxRatio": 0.2480586579,
    "incomeTaxExpense": 11038000000,
    "netIncome": -3020000000,
    "netIncomeRatio": -0.0934319215,
    "eps": -0.22,
    "epsdiluted": -0.22,
    "weightedAverageShsOut": 13885051917,
    "weightedAverageShsOutDil": 13892074443,
    "link": "https://www.sec.gov/Archives/edgar/data/1652044/000165204418000007/0001652044-18-000007-index.htm",
    "finalLink": "https://www.sec.gov/Archives/edgar/data/1652044/000165204418000007/goog10-kq42017.htm"
  },
  {
    "date": "2017-09-30",
    "symbol": "GOOGL",
    "reportedCurrency": "USD",
    "cik": "0001652044",
    "fillingDate": "2017-10-27",
    "acceptedDate": "2017-10-26 17:49:09",
    "calendarYear": "2017",
    "period": "Q3",
    "revenue": 27772000000,
    "costOfRevenue": 11148000000,
    "grossProfit": 16624000000,
    "grossProfitRatio": 0.5985885064,
    "researchAndDevelopmentExpenses": 4205000000,
    "generalAndAdministrativeExpenses": 1595000000,
    "sellingAndMarketingExpenses": 3042000000,
    "sellingGeneralAndAdministrativeExpenses": 4637000000,
    "otherExpenses": 0,
    "operatingExpenses": 8842000000,
    "costAndExpenses": 19990000000,
    "interestIncome": 306000000,
    "interestExpense": 27000000,
    "depreciationAndAmortization": 1761000000,
    "ebitda": 9767000000,
    "ebitdaratio": 0.3516851505,
    "operatingIncome": 7782000000,
    "operatingIncomeRatio": 0.2802102837,
    "totalOtherIncomeExpensesNet": 197000000,
    "incomeBeforeTax": 7979000000,
    "incomeBeforeTaxRatio": 0.2873037592,
    "incomeTaxExpense": 1247000000,
    "netIncome": 6732000000,
    "netIncomeRatio": 0.2424024197,
    "eps": 0.49,
    "epsdiluted": 0.48,
    "weightedAverageShsOut": 13866111858,
    "weightedAverageShsOutDil": 14074314370,
    "link": "https://www.sec.gov/Archives/edgar/data/1652044/000165204417000042/0001652044-17-000042-index.htm",
    "finalLink": "https://www.sec.gov/Archives/edgar/data/1652044/000165204417000042/goog10-qq32017.htm"
  },
  {
    "date": "2017-06-30",
    "symbol": "GOOGL",
    "reportedCurrency": "USD",
    "cik": "0001652044",
    "fillingDate": "2017-07-25",
    "acceptedDate": "2017-07-24 18:23:27",
    "calendarYear": "2017",
    "period": "Q2",
    "revenue": 26010000000,
    "costOfRevenue": 10373000000,
    "grossProfit": 15637000000,
    "grossProfitRatio": 0.6011918493,
    "researchAndDevelopmentExpenses": 4172000000,
    "generalAndAdministrativeExpenses": 1700000000,
    "sellingAndMarketingExpenses": 2897000000,
    "sellingGeneralAndAdministrativeExpenses": 4597000000,
    "otherExpenses": 2736000000,
    "operatingExpenses": 11505000000,
    "costAndExpenses": 21878000000,
    "interestIncome": 294000000,
    "interestExpense": 21000000,
    "depreciationAndAmortization": 1625000000,
    "ebitda": 6023000000,
    "ebitdaratio": 0.2315647828,
    "operatingIncome": 4132000000,
    "operatingIncomeRatio": 0.1588619762,
    "totalOtherIncomeExpensesNet": 245000000,
    "incomeBeforeTax": 4377000000,
    "incomeBeforeTaxRatio": 0.1682814302,
    "incomeTaxExpense": 853000000,
    "netIncome": 3524000000,
    "netIncomeRatio": 0.1354863514,
    "eps": 0.25,
    "epsdiluted": 0.25,
    "weightedAverageShsOut": 13846752811,
    "weightedAverageShsOutDil": 14070054371,
    "link": "https://www.sec.gov/Archives/edgar/data/1652044/000165204417000026/0001652044-17-000026-index.htm",
    "finalLink": "https://www.sec.gov/Archives/edgar/data/1652044/000165204417000026/goog10-qq22017.htm"
  },
  {
    "date": "2017-03-31",
    "symbol": "GOOGL",
    "reportedCurrency": "USD",
    "cik": "0001652044",
    "fillingDate": "2017-05-02",
    "acceptedDate": "2017-05-02 16:25:09",
    "calendarYear": "2017",
    "period": "Q1",
    "revenue": 24750000000,
    "costOfRevenue": 9795000000,
    "grossProfit": 14955000000,
    "grossProfitRatio": 0.6042424242,
    "researchAndDevelopmentExpenses": 3942000000,
    "generalAndAdministrativeExpenses": 1801000000,
    "sellingAndMarketingExpenses": 2644000000,
    "sellingGeneralAndAdministrativeExpenses": 4445000000,
    "otherExpenses": 0,
    "operatingExpenses": 8387000000,
    "costAndExpenses": 18182000000,
    "interestIncome": 312000000,
    "interestExpense": 25000000,
    "depreciationAndAmortization": 1503000000,
    "ebitda": 8347000000,
    "ebitdaratio": 0.3372525253,
    "operatingIncome": 6568000000,
    "operatingIncomeRatio": 0.2653737374,
    "totalOtherIncomeExpensesNet": 251000000,
    "incomeBeforeTax": 6819000000,
    "incomeBeforeTaxRatio": 0.2755151515,
    "incomeTaxExpense": 1393000000,
    "netIncome": 5426000000,
    "netIncomeRatio": 0.2192323232,
    "eps": 0.39,
    "epsdiluted": 0.39,
    "weightedAverageShsOut": 13824198292,
    "weightedAverageShsOutDil": 14040714383,
    "link": "https://www.sec.gov/Archives/edgar/data/1652044/000165204417000014/0001652044-17-000014-index.htm",
    "finalLink": "https://www.sec.gov/Archives/edgar/data/1652044/000165204417000014/goog10-qq12017.htm"
  },
  {
    "date": "2016-12-31",
    "symbol": "GOOGL",
    "reportedCurrency": "USD",
    "cik": "0001652044",
    "fillingDate": "2017-02-03",
    "acceptedDate": "2017-02-02 18:13:47",
    "calendarYear": "2016",
    "period": "Q4",
    "revenue": 26064000000,
    "costOfRevenue": 10661000000,
    "grossProfit": 15403000000,
    "grossProfitRatio": 0.5909683855,
    "researchAndDevelopmentExpenses": 3622000000,
    "generalAndAdministrativeExpenses": 2024000000,
    "sellingAndMarketingExpenses": 3118000000,
    "sellingGeneralAndAdministrativeExpenses": 5142000000,
    "otherExpenses": 0,
    "operatingExpenses": 8764000000,
    "costAndExpenses": 19425000000,
    "interestIncome": 325000000,
    "interestExpense": 33000000,
    "depreciationAndAmortization": 1687000000,
    "ebitda": 8577000000,
    "ebitdaratio": 0.3290745856,
    "operatingIncome": 6639000000,
    "operatingIncomeRatio": 0.2547191529,
    "totalOtherIncomeExpensesNet": 218000000,
    "incomeBeforeTax": 6857000000,
    "incomeBeforeTaxRatio": 0.2630831799,
    "incomeTaxExpense": 1524000000,
    "netIncome": 5333000000,
    "netIncomeRatio": 0.204611725,
    "eps": 0.39,
    "epsdiluted": 0.38,
    "weightedAverageShsOut": 13798183355,
    "weightedAverageShsOutDil": 14004414398,
    "link": "https://www.sec.gov/Archives/edgar/data/1652044/000165204417000008/0001652044-17-000008-index.htm",
    "finalLink": "https://www.sec.gov/Archives/edgar/data/1652044/000165204417000008/goog10-kq42016.htm"
  },
  {
    "date": "2016-09-30",
    "symbol": "GOOGL",
    "reportedCurrency": "USD",
    "cik": "0001652044",
    "fillingDate": "2016-11-03",
    "acceptedDate": "2016-11-02 17:46:02",
    "calendarYear": "2016",
    "period": "Q3",
    "revenue": 22451000000,
    "costOfRevenue": 8699000000,
    "grossProfit": 13752000000,
    "grossProfitRatio": 0.6125339629,
    "researchAndDevelopmentExpenses": 3596000000,
    "generalAndAdministrativeExpenses": 1824000000,
    "sellingAndMarketingExpenses": 2565000000,
    "sellingGeneralAndAdministrativeExpenses": 4389000000,
    "otherExpenses": 0,
    "operatingExpenses": 7985000000,
    "costAndExpenses": 16684000000,
    "interestIncome": 318000000,
    "interestExpense": 29000000,
    "depreciationAndAmortization": 1596000000,
    "ebitda": 7670000000,
    "ebitdaratio": 0.3416328894,
    "operatingIncome": 5767000000,
    "operatingIncomeRatio": 0.256870518,
    "totalOtherIncomeExpensesNet": 278000000,
    "incomeBeforeTax": 6045000000,
    "incomeBeforeTaxRatio": 0.26925304,
    "incomeTaxExpense": 984000000,
    "netIncome": 5061000000,
    "netIncomeRatio": 0.2254242573,
    "eps": 0.37,
    "epsdiluted": 0.36,
    "weightedAverageShsOut": 13752711890,
    "weightedAverageShsOutDil": 13968794412,
    "link": "https://www.sec.gov/Archives/edgar/data/1652044/000165204416000038/0001652044-16-000038-index.htm",
    "finalLink": "https://www.sec.gov/Archives/edgar/data/1652044/000165204416000038/goog10-qq32016.htm"
  },
  {
    "date": "2016-06-30",
    "symbol": "GOOGL",
    "reportedCurrency": "USD",
    "cik": "0001652044",
    "fillingDate": "2016-08-04",
    "acceptedDate": "2016-08-04 16:22:44",
    "calendarYear": "2016",
    "period": "Q2",
    "revenue": 21500000000,
    "costOfRevenue": 8130000000,
    "grossProfit": 13370000000,
    "grossProfitRatio": 0.6218604651,
    "researchAndDevelopmentExpenses": 3363000000,
    "generalAndAdministrativeExpenses": 1624000000,
    "sellingAndMarketingExpenses": 2415000000,
    "sellingGeneralAndAdministrativeExpenses": 4039000000,
    "otherExpenses": 0,
    "operatingExpenses": 7402000000,
    "costAndExpenses": 15532000000,
    "interestIncome": 307000000,
    "interestExpense": 32000000,
    "depreciationAndAmortization": 1490000000,
    "ebitda": 7641000000,
    "ebitdaratio": 0.3553953488,
    "operatingIncome": 5968000000,
    "operatingIncomeRatio": 0.2775813953,
    "totalOtherIncomeExpensesNet": 151000000,
    "incomeBeforeTax": 6119000000,
    "incomeBeforeTaxRatio": 0.2846046512,
    "incomeTaxExpense": 1242000000,
    "netIncome": 4877000000,
    "netIncomeRatio": 0.2268372093,
    "eps": 0.36,
    "epsdiluted": 0.35,
    "weightedAverageShsOut": 13718700560,
    "weightedAverageShsOutDil": 13936934425,
    "link": "https://www.sec.gov/Archives/edgar/data/1652044/000165204416000032/0001652044-16-000032-index.htm",
    "finalLink": "https://www.sec.gov/Archives/edgar/data/1652044/000165204416000032/goog10-qq22016.htm"
  },
  {
    "date": "2016-03-31",
    "symbol": "GOOGL",
    "reportedCurrency": "USD",
    "cik": "0001652044",
    "fillingDate": "2016-05-03",
    "acceptedDate": "2016-05-02 20:56:36",
    "calendarYear": "2016",
    "period": "Q1",
    "revenue": 20257000000,
    "costOfRevenue": 7648000000,
    "grossProfit": 12609000000,
    "grossProfitRatio": 0.6224514982,
    "researchAndDevelopmentExpenses": 3367000000,
    "generalAndAdministrativeExpenses": 1513000000,
    "sellingAndMarketingExpenses": 2387000000,
    "sellingGeneralAndAdministrativeExpenses": 3900000000,
    "otherExpenses": 0,
    "operatingExpenses": 7267000000,
    "costAndExpenses": 14915000000,
    "interestIncome": 270000000,
    "interestExpense": 30000000,
    "depreciationAndAmortization": 1371000000,
    "ebitda": 6530000000,
    "ebitdaratio": 0.3223577035,
    "operatingIncome": 5342000000,
    "operatingIncomeRatio": 0.2637113097,
    "totalOtherIncomeExpensesNet": -213000000,
    "incomeBeforeTax": 5129000000,
    "incomeBeforeTaxRatio": 0.2531964259,
    "incomeTaxExpense": 922000000,
    "netIncome": 4207000000,
    "netIncomeRatio": 0.2076812954,
    "eps": 0.31,
    "epsdiluted": 0.3,
    "weightedAverageShsOut": 13748360514,
    "weightedAverageShsOutDil": 13986214405,
    "link": "https://www.sec.gov/Archives/edgar/data/1652044/000165204416000021/0001652044-16-000021-index.htm",
    "finalLink": "https://www.sec.gov/Archives/edgar/data/1652044/000165204416000021/goog10-qq12016.htm"
  },
  {
    "date": "2015-12-31",
    "symbol": "GOOGL",
    "reportedCurrency": "USD",
    "cik": "0001652044",
    "fillingDate": "2016-02-11",
    "acceptedDate": "2016-02-11 16:38:35",
    "calendarYear": "2015",
    "period": "Q4",
    "revenue": 21329000000,
    "costOfRevenue": 8188000000,
    "grossProfit": 13141000000,
    "grossProfitRatio": 0.6161095222,
    "researchAndDevelopmentExpenses": 3510000000,
    "generalAndAdministrativeExpenses": 1572000000,
    "sellingAndMarketingExpenses": 2679000000,
    "sellingGeneralAndAdministrativeExpenses": 4251000000,
    "otherExpenses": 0,
    "operatingExpenses": 7761000000,
    "costAndExpenses": 15949000000,
    "interestIncome": 274000000,
    "interestExpense": 26000000,
    "depreciationAndAmortization": 1404000000,
    "ebitda": 6630000000,
    "ebitdaratio": 0.3108443903,
    "operatingIncome": 5380000000,
    "operatingIncomeRatio": 0.252238736,
    "totalOtherIncomeExpensesNet": -180000000,
    "incomeBeforeTax": 5200000000,
    "incomeBeforeTaxRatio": 0.2437995218,
    "incomeTaxExpense": 277000000,
    "netIncome": 4923000000,
    "netIncomeRatio": 0.2308125088,
    "eps": 0.36,
    "epsdiluted": 0.35,
    "weightedAverageShsOut": 13751391147,
    "weightedAverageShsOutDil": 13940494423,
    "link": "https://www.sec.gov/Archives/edgar/data/1652044/000165204416000012/0001652044-16-000012-index.htm",
    "finalLink": "https://www.sec.gov/Archives/edgar/data/1288776/000165204416000012/goog10-k2015.htm"
  },
  {
    "date": "2015-09-30",
    "symbol": "GOOGL",
    "reportedCurrency": "USD",
    "cik": "0001652044",
    "fillingDate": "2015-10-29",
    "acceptedDate": "2015-10-29 16:05:33",
    "calendarYear": "2015",
    "period": "Q3",
    "revenue": 18675000000,
    "costOfRevenue": 7037000000,
    "grossProfit": 11638000000,
    "grossProfitRatio": 0.6231860776,
    "researchAndDevelopmentExpenses": 3230000000,
    "generalAndAdministrativeExpenses": 1477000000,
    "sellingAndMarketingExpenses": 2223000000,
    "sellingGeneralAndAdministrativeExpenses": 3700000000,
    "otherExpenses": 0,
    "operatingExpenses": 6930000000,
    "costAndExpenses": 13967000000,
    "interestIncome": 259000000,
    "interestExpense": 26000000,
    "depreciationAndAmortization": 1248000000,
    "ebitda": 6165000000,
    "ebitdaratio": 0.3301204819,
    "operatingIncome": 4708000000,
    "operatingIncomeRatio": 0.2521017403,
    "totalOtherIncomeExpensesNet": 183000000,
    "incomeBeforeTax": 4891000000,
    "incomeBeforeTaxRatio": 0.2619009371,
    "incomeTaxExpense": 912000000,
    "netIncome": 3979000000,
    "netIncomeRatio": 0.2130655957,
    "eps": 0.29,
    "epsdiluted": 0.29,
    "weightedAverageShsOut": 13720684167,
    "weightedAverageShsOutDil": 13886374445,
    "link": "https://www.sec.gov/Archives/edgar/data/1652044/000165204415000005/0001652044-15-000005-index.htm",
    "finalLink": "https://www.sec.gov/Archives/edgar/data/1652044/000165204415000005/alpha10-qq32015.htm"
  },
  {
    "date": "2015-06-30",
    "symbol": "GOOGL",
    "reportedCurrency": "USD",
    "cik": "0001652044",
    "fillingDate": "2015-06-30",
    "acceptedDate": "2015-06-29 20:00:00",
    "calendarYear": "2015",
    "period": "Q2",
    "revenue": 17727000000,
    "costOfRevenue": 6583000000,
    "grossProfit": 11144000000,
    "grossProfitRatio": 0.6286455689,
    "researchAndDevelopmentExpenses": 2789000000,
    "generalAndAdministrativeExpenses": 1450000000,
    "sellingAndMarketingExpenses": 2080000000,
    "sellingGeneralAndAdministrativeExpenses": 3530000000,
    "otherExpenses": 0,
    "operatingExpenses": 6319000000,
    "costAndExpenses": 12902000000,
    "interestIncome": 240000000,
    "interestExpense": 26000000,
    "depreciationAndAmortization": 1234000000,
    "ebitda": 6216000000,
    "ebitdaratio": 0.3506515485,
    "operatingIncome": 4825000000,
    "operatingIncomeRatio": 0.2721836746,
    "totalOtherIncomeExpensesNet": 131000000,
    "incomeBeforeTax": 4956000000,
    "incomeBeforeTaxRatio": 0.2795735319,
    "incomeTaxExpense": 1025000000,
    "netIncome": 3931000000,
    "netIncomeRatio": 0.2217521295,
    "eps": 0.25,
    "epsdiluted": 0.25,
    "weightedAverageShsOut": 13663321188,
    "weightedAverageShsOutDil": 13829609073,
    "link": "",
    "finalLink": ""
  },
  {
    "date": "2015-03-31",
    "symbol": "GOOGL",
    "reportedCurrency": "USD",
    "cik": "0001652044",
    "fillingDate": "2015-03-31",
    "acceptedDate": "2015-03-30 20:00:00",
    "calendarYear": "2015",
    "period": "Q1",
    "revenue": 17258000000,
    "costOfRevenue": 6356000000,
    "grossProfit": 10902000000,
    "grossProfitRatio": 0.6317070344,
    "researchAndDevelopmentExpenses": 2753000000,
    "generalAndAdministrativeExpenses": 1637000000,
    "sellingAndMarketingExpenses": 2065000000,
    "sellingGeneralAndAdministrativeExpenses": 3702000000,
    "otherExpenses": 0,
    "operatingExpenses": 6455000000,
    "costAndExpenses": 12811000000,
    "interestIncome": 226000000,
    "interestExpense": 26000000,
    "depreciationAndAmortization": 1177000000,
    "ebitda": 5807000000,
    "ebitdaratio": 0.3364816317,
    "operatingIncome": 4447000000,
    "operatingIncomeRatio": 0.2576775988,
    "totalOtherIncomeExpensesNet": 157000000,
    "incomeBeforeTax": 4604000000,
    "incomeBeforeTaxRatio": 0.2667748291,
    "incomeTaxExpense": 1089000000,
    "netIncome": 3515000000,
    "netIncomeRatio": 0.2036736586,
    "eps": 0.26,
    "epsdiluted": 0.26,
    "weightedAverageShsOut": 13618294552,
    "weightedAverageShsOutDil": 13789954484,
    "link": "",
    "finalLink": ""
  },
  {
    "date": "2014-12-31",
    "symbol": "GOOGL",
    "reportedCurrency": "USD",
    "cik": "0001652044",
    "fillingDate": "2014-12-31",
    "acceptedDate": "2014-12-30 19:00:00",
    "calendarYear": "2014",
    "period": "Q4",
    "revenue": 18103000000,
    "costOfRevenue": 6921000000,
    "grossProfit": 11182000000,
    "grossProfitRatio": 0.6176876761,
    "researchAndDevelopmentExpenses": 2813000000,
    "generalAndAdministrativeExpenses": 1593000000,
    "sellingAndMarketingExpenses": 2377000000,
    "sellingGeneralAndAdministrativeExpenses": 3970000000,
    "otherExpenses": 0,
    "operatingExpenses": 6783000000,
    "costAndExpenses": 13704000000,
    "interestIncome": 222000000,
    "interestExpense": 25000000,
    "depreciationAndAmortization": 1267000000,
    "ebitda": 5819000000,
    "ebitdaratio": 0.3214384356,
    "operatingIncome": 4399000000,
    "operatingIncomeRatio": 0.2429983981,
    "totalOtherIncomeExpensesNet": 128000000,
    "incomeBeforeTax": 4527000000,
    "incomeBeforeTaxRatio": 0.2500690493,
    "incomeTaxExpense": 737000000,
    "netIncome": 4757000000,
    "netIncomeRatio": 0.2627741258,
    "eps": 0.35,
    "epsdiluted": 0.35,
    "weightedAverageShsOut": 13578854568,
    "weightedAverageShsOutDil": 13769814492,
    "link": "",
    "finalLink": ""
  },
  {
    "date": "2014-09-30",
    "symbol": "GOOGL",
    "reportedCurrency": "USD",
    "cik": "0001652044",
    "fillingDate": "2014-09-30",
    "acceptedDate": "2014-09-29 20:00:00",
    "calendarYear": "2014",
    "period": "Q3",
    "revenue": 16523000000,
    "costOfRevenue": 6695000000,
    "grossProfit": 9828000000,
    "grossProfitRatio": 0.5948072384,
    "researchAndDevelopmentExpenses": 2655000000,
    "generalAndAdministrativeExpenses": 1365000000,
    "sellingAndMarketingExpenses": 2084000000,
    "sellingGeneralAndAdministrativeExpenses": 3449000000,
    "otherExpenses": 0,
    "operatingExpenses": 6104000000,
    "costAndExpenses": 12799000000,
    "interestIncome": 187000000,
    "interestExpense": 25000000,
    "depreciationAndAmortization": 1547000000,
    "ebitda": 5429000000,
    "ebitdaratio": 0.3285722932,
    "operatingIncome": 3724000000,
    "operatingIncomeRatio": 0.2253827997,
    "totalOtherIncomeExpensesNet": 133000000,
    "incomeBeforeTax": 3857000000,
    "incomeBeforeTaxRatio": 0.2334321854,
    "incomeTaxExpense": 933000000,
    "netIncome": 2739000000,
    "netIncomeRatio": 0.1657689282,
    "eps": 0.21,
    "epsdiluted": 0.2,
    "weightedAverageShsOut": 13541934583,
    "weightedAverageShsOutDil": 13764294494,
    "link": "",
    "finalLink": ""
  },
  {
    "date": "2014-06-30",
    "symbol": "GOOGL",
    "reportedCurrency": "USD",
    "cik": "0001652044",
    "fillingDate": "2014-06-30",
    "acceptedDate": "2014-06-29 20:00:00",
    "calendarYear": "2014",
    "period": "Q2",
    "revenue": 15955000000,
    "costOfRevenue": 6114000000,
    "grossProfit": 9841000000,
    "grossProfitRatio": 0.6167972422,
    "researchAndDevelopmentExpenses": 2238000000,
    "generalAndAdministrativeExpenses": 1404000000,
    "sellingAndMarketingExpenses": 1941000000,
    "sellingGeneralAndAdministrativeExpenses": 3345000000,
    "otherExpenses": 0,
    "operatingExpenses": 5583000000,
    "costAndExpenses": 11697000000,
    "interestIncome": 169000000,
    "interestExpense": 27000000,
    "depreciationAndAmortization": 1079000000,
    "ebitda": 5509000000,
    "ebitdaratio": 0.3452836102,
    "operatingIncome": 4258000000,
    "operatingIncomeRatio": 0.2668755876,
    "totalOtherIncomeExpensesNet": 145000000,
    "incomeBeforeTax": 4403000000,
    "incomeBeforeTaxRatio": 0.2759636478,
    "incomeTaxExpense": 984000000,
    "netIncome": 3351000000,
    "netIncomeRatio": 0.2100282043,
    "eps": 0.25,
    "epsdiluted": 0.25,
    "weightedAverageShsOut": 13502294599,
    "weightedAverageShsOutDil": 13727254509,
    "link": "",
    "finalLink": ""
  },
  {
    "date": "2014-03-31",
    "symbol": "GOOGL",
    "reportedCurrency": "USD",
    "cik": "0001652044",
    "fillingDate": "2014-03-31",
    "acceptedDate": "2014-03-30 20:00:00",
    "calendarYear": "2014",
    "period": "Q1",
    "revenue": 15420000000,
    "costOfRevenue": 5961000000,
    "grossProfit": 9459000000,
    "grossProfitRatio": 0.6134241245,
    "researchAndDevelopmentExpenses": 2126000000,
    "generalAndAdministrativeExpenses": 1489000000,
    "sellingAndMarketingExpenses": 1729000000,
    "sellingGeneralAndAdministrativeExpenses": 3218000000,
    "otherExpenses": 0,
    "operatingExpenses": 5344000000,
    "costAndExpenses": 11305000000,
    "interestIncome": 168000000,
    "interestExpense": 24000000,
    "depreciationAndAmortization": 1086000000,
    "ebitda": 5582000000,
    "ebitdaratio": 0.361997406,
    "operatingIncome": 4115000000,
    "operatingIncomeRatio": 0.2668612192,
    "totalOtherIncomeExpensesNet": 357000000,
    "incomeBeforeTax": 4472000000,
    "incomeBeforeTaxRatio": 0.2900129702,
    "incomeTaxExpense": 822000000,
    "netIncome": 3452000000,
    "netIncomeRatio": 0.2238651102,
    "eps": 0.26,
    "epsdiluted": 0.25,
    "weightedAverageShsOut": 13451734619,
    "weightedAverageShsOutDil": 13704234518,
    "link": "",
    "finalLink": ""
  },
  {
    "date": "2013-12-31",
    "symbol": "GOOGL",
    "reportedCurrency": "USD",
    "cik": "0001652044",
    "fillingDate": "2013-12-31",
    "acceptedDate": "2013-12-30 19:00:00",
    "calendarYear": "2013",
    "period": "Q4",
    "revenue": 16858000000,
    "costOfRevenue": 7438000000,
    "grossProfit": 9420000000,
    "grossProfitRatio": 0.5587851465,
    "researchAndDevelopmentExpenses": 2111000000,
    "generalAndAdministrativeExpenses": 1261000000,
    "sellingAndMarketingExpenses": 2126000000,
    "sellingGeneralAndAdministrativeExpenses": 3387000000,
    "otherExpenses": 0,
    "operatingExpenses": 5498000000,
    "costAndExpenses": 12936000000,
    "interestIncome": 215000000,
    "interestExpense": 21000000,
    "depreciationAndAmortization": 1036000000,
    "ebitda": 5104000000,
    "ebitdaratio": 0.3027642662,
    "operatingIncome": 3922000000,
    "operatingIncomeRatio": 0.2326491873,
    "totalOtherIncomeExpensesNet": 125000000,
    "incomeBeforeTax": 4047000000,
    "incomeBeforeTaxRatio": 0.2400640645,
    "incomeTaxExpense": 666000000,
    "netIncome": 3376000000,
    "netIncomeRatio": 0.2002610037,
    "eps": 0.25,
    "epsdiluted": 0.25,
    "weightedAverageShsOut": 13393434642,
    "weightedAverageShsOutDil": 13640114543,
    "link": "",
    "finalLink": ""
  },
  {
    "date": "2013-09-30",
    "symbol": "GOOGL",
    "reportedCurrency": "USD",
    "cik": "0001652044",
    "fillingDate": "2013-09-30",
    "acceptedDate": "2013-09-29 20:00:00",
    "calendarYear": "2013",
    "period": "Q3",
    "revenue": 13754000000,
    "costOfRevenue": 5409000000,
    "grossProfit": 8345000000,
    "grossProfitRatio": 0.6067325869,
    "researchAndDevelopmentExpenses": 1821000000,
    "generalAndAdministrativeExpenses": 1135000000,
    "sellingAndMarketingExpenses": 1628000000,
    "sellingGeneralAndAdministrativeExpenses": 2763000000,
    "otherExpenses": 0,
    "operatingExpenses": 4584000000,
    "costAndExpenses": 9993000000,
    "interestIncome": 196000000,
    "interestExpense": 19000000,
    "depreciationAndAmortization": 974000000,
    "ebitda": 4768000000,
    "ebitdaratio": 0.346662789,
    "operatingIncome": 3761000000,
    "operatingIncomeRatio": 0.2734477243,
    "totalOtherIncomeExpensesNet": 14000000,
    "incomeBeforeTax": 3775000000,
    "incomeBeforeTaxRatio": 0.27446561,
    "incomeTaxExpense": 612000000,
    "netIncome": 2970000000,
    "netIncomeRatio": 0.2159371819,
    "eps": 0.22,
    "epsdiluted": 0.22,
    "weightedAverageShsOut": 13344634662,
    "weightedAverageShsOutDil": 13569394572,
    "link": "",
    "finalLink": ""
  },
  {
    "date": "2013-06-30",
    "symbol": "GOOGL",
    "reportedCurrency": "USD",
    "cik": "0001652044",
    "fillingDate": "2013-06-30",
    "acceptedDate": "2013-06-29 20:00:00",
    "calendarYear": "2013",
    "period": "Q2",
    "revenue": 13107000000,
    "costOfRevenue": 5195000000,
    "grossProfit": 7912000000,
    "grossProfitRatio": 0.6036469062,
    "researchAndDevelopmentExpenses": 1766000000,
    "generalAndAdministrativeExpenses": 1098000000,
    "sellingAndMarketingExpenses": 1583000000,
    "sellingGeneralAndAdministrativeExpenses": 2681000000,
    "otherExpenses": 0,
    "operatingExpenses": 4447000000,
    "costAndExpenses": 9642000000,
    "interestIncome": 182000000,
    "interestExpense": 19000000,
    "depreciationAndAmortization": 1030000000,
    "ebitda": 4750000000,
    "ebitdaratio": 0.36240177,
    "operatingIncome": 3465000000,
    "operatingIncomeRatio": 0.2643625544,
    "totalOtherIncomeExpensesNet": 236000000,
    "incomeBeforeTax": 3701000000,
    "incomeBeforeTaxRatio": 0.2823682002,
    "incomeTaxExpense": 927000000,
    "netIncome": 3228000000,
    "netIncomeRatio": 0.2462806134,
    "eps": 0.24,
    "epsdiluted": 0.24,
    "weightedAverageShsOut": 13299194680,
    "weightedAverageShsOutDil": 13533474586,
    "link": "",
    "finalLink": ""
  },
  {
    "date": "2013-03-31",
    "symbol": "GOOGL",
    "reportedCurrency": "USD",
    "cik": "0001652044",
    "fillingDate": "2013-03-31",
    "acceptedDate": "2013-03-30 20:00:00",
    "calendarYear": "2013",
    "period": "Q1",
    "revenue": 12951000000,
    "costOfRevenue": 5136000000,
    "grossProfit": 7815000000,
    "grossProfitRatio": 0.6034283067,
    "researchAndDevelopmentExpenses": 1617000000,
    "generalAndAdministrativeExpenses": 1015000000,
    "sellingAndMarketingExpenses": 1435000000,
    "sellingGeneralAndAdministrativeExpenses": 2450000000,
    "otherExpenses": 0,
    "operatingExpenses": 4067000000,
    "costAndExpenses": 9203000000,
    "interestIncome": 180000000,
    "interestExpense": 21000000,
    "depreciationAndAmortization": 899000000,
    "ebitda": 4802000000,
    "ebitdaratio": 0.370782179,
    "operatingIncome": 3748000000,
    "operatingIncomeRatio": 0.289398502,
    "totalOtherIncomeExpensesNet": 134000000,
    "incomeBeforeTax": 3882000000,
    "incomeBeforeTaxRatio": 0.2997451934,
    "incomeTaxExpense": 354000000,
    "netIncome": 3346000000,
    "netIncomeRatio": 0.2583584279,
    "eps": 0.25,
    "epsdiluted": 0.25,
    "weightedAverageShsOut": 13218154712,
    "weightedAverageShsOutDil": 13466514613,
    "link": "",
    "finalLink": ""
  },
  {
    "date": "2012-12-31",
    "symbol": "GOOGL",
    "reportedCurrency": "USD",
    "cik": "0001652044",
    "fillingDate": "2012-12-31",
    "acceptedDate": "2012-12-30 19:00:00",
    "calendarYear": "2012",
    "period": "Q4",
    "revenue": 13215000000,
    "costOfRevenue": 5278000000,
    "grossProfit": 7937000000,
    "grossProfitRatio": 0.6006053727,
    "researchAndDevelopmentExpenses": 1758000000,
    "generalAndAdministrativeExpenses": 1066000000,
    "sellingAndMarketingExpenses": 1681000000,
    "sellingGeneralAndAdministrativeExpenses": 2747000000,
    "otherExpenses": 0,
    "operatingExpenses": 4505000000,
    "costAndExpenses": 9783000000,
    "interestIncome": 179000000,
    "interestExpense": 21000000,
    "depreciationAndAmortization": 953000000,
    "ebitda": 4559000000,
    "ebitdaratio": 0.3449867575,
    "operatingIncome": 3432000000,
    "operatingIncomeRatio": 0.2597048808,
    "totalOtherIncomeExpensesNet": 153000000,
    "incomeBeforeTax": 3585000000,
    "incomeBeforeTaxRatio": 0.2712826334,
    "incomeTaxExpense": 648000000,
    "netIncome": 2886000000,
    "netIncomeRatio": 0.2183881952,
    "eps": 0.22,
    "epsdiluted": 0.22,
    "weightedAverageShsOut": 13174514730,
    "weightedAverageShsOutDil": 13399074640,
    "link": "",
    "finalLink": ""
  },
  {
    "date": "2012-09-30",
    "symbol": "GOOGL",
    "reportedCurrency": "USD",
    "cik": "0001652044",
    "fillingDate": "2012-09-30",
    "acceptedDate": "2012-09-29 20:00:00",
    "calendarYear": "2012",
    "period": "Q3",
    "revenue": 13304000000,
    "costOfRevenue": 5955000000,
    "grossProfit": 7349000000,
    "grossProfitRatio": 0.5523902586,
    "researchAndDevelopmentExpenses": 1879000000,
    "generalAndAdministrativeExpenses": 1020000000,
    "sellingAndMarketingExpenses": 1710000000,
    "sellingGeneralAndAdministrativeExpenses": 2730000000,
    "otherExpenses": 0,
    "operatingExpenses": 4609000000,
    "costAndExpenses": 10564000000,
    "interestIncome": 172000000,
    "interestExpense": 21000000,
    "depreciationAndAmortization": 828000000,
    "ebitda": 3654000000,
    "ebitdaratio": 0.2746542393,
    "operatingIncome": 2740000000,
    "operatingIncomeRatio": 0.2059530968,
    "totalOtherIncomeExpensesNet": 65000000,
    "incomeBeforeTax": 2805000000,
    "incomeBeforeTaxRatio": 0.2108388455,
    "incomeTaxExpense": 647000000,
    "netIncome": 2176000000,
    "netIncomeRatio": 0.1635598316,
    "eps": 0.17,
    "epsdiluted": 0.16,
    "weightedAverageShsOut": 13111394755,
    "weightedAverageShsOutDil": 13332554666,
    "link": "",
    "finalLink": ""
  },
  {
    "date": "2012-06-30",
    "symbol": "GOOGL",
    "reportedCurrency": "USD",
    "cik": "0001652044",
    "fillingDate": "2012-06-30",
    "acceptedDate": "2012-06-29 20:00:00",
    "calendarYear": "2012",
    "period": "Q2",
    "revenue": 11807000000,
    "costOfRevenue": 4677000000,
    "grossProfit": 7130000000,
    "grossProfitRatio": 0.6038790548,
    "researchAndDevelopmentExpenses": 1538000000,
    "generalAndAdministrativeExpenses": 942000000,
    "sellingAndMarketingExpenses": 1413000000,
    "sellingGeneralAndAdministrativeExpenses": 2355000000,
    "otherExpenses": 0,
    "operatingExpenses": 3893000000,
    "costAndExpenses": 8570000000,
    "interestIncome": 180000000,
    "interestExpense": 22000000,
    "depreciationAndAmortization": 670000000,
    "ebitda": 4182000000,
    "ebitdaratio": 0.354196663,
    "operatingIncome": 3237000000,
    "operatingIncomeRatio": 0.274159397,
    "totalOtherIncomeExpensesNet": 253000000,
    "incomeBeforeTax": 3490000000,
    "incomeBeforeTaxRatio": 0.2955873634,
    "incomeTaxExpense": 657000000,
    "netIncome": 2785000000,
    "netIncomeRatio": 0.2358770221,
    "eps": 0.21,
    "epsdiluted": 0.21,
    "weightedAverageShsOut": 13050874779,
    "weightedAverageShsOutDil": 13231714707,
    "link": "",
    "finalLink": ""
  },
  {
    "date": "2012-03-31",
    "symbol": "GOOGL",
    "reportedCurrency": "USD",
    "cik": "0001652044",
    "fillingDate": "2012-03-31",
    "acceptedDate": "2012-03-30 20:00:00",
    "calendarYear": "2012",
    "period": "Q1",
    "revenue": 10645000000,
    "costOfRevenue": 3789000000,
    "grossProfit": 6856000000,
    "grossProfitRatio": 0.6440582433,
    "researchAndDevelopmentExpenses": 1441000000,
    "generalAndAdministrativeExpenses": 757000000,
    "sellingAndMarketingExpenses": 1269000000,
    "sellingGeneralAndAdministrativeExpenses": 2026000000,
    "otherExpenses": 0,
    "operatingExpenses": 3467000000,
    "costAndExpenses": 7256000000,
    "interestIncome": 182000000,
    "interestExpense": 20000000,
    "depreciationAndAmortization": 511000000,
    "ebitda": 4076000000,
    "ebitdaratio": 0.3829027713,
    "operatingIncome": 3389000000,
    "operatingIncomeRatio": 0.3183654298,
    "totalOtherIncomeExpensesNet": 156000000,
    "incomeBeforeTax": 3545000000,
    "incomeBeforeTaxRatio": 0.3330201973,
    "incomeTaxExpense": 655000000,
    "netIncome": 2890000000,
    "netIncomeRatio": 0.271488962,
    "eps": 0.22,
    "epsdiluted": 0.22,
    "weightedAverageShsOut": 13011954795,
    "weightedAverageShsOutDil": 13205434717,
    "link": "",
    "finalLink": ""
  },
  {
    "date": "2011-12-31",
    "symbol": "GOOGL",
    "reportedCurrency": "USD",
    "cik": "0001652044",
    "fillingDate": "2011-12-31",
    "acceptedDate": "2011-12-30 19:00:00",
    "calendarYear": "2011",
    "period": "Q4",
    "revenue": 10583000000,
    "costOfRevenue": 3703000000,
    "grossProfit": 6880000000,
    "grossProfitRatio": 0.6500992157,
    "researchAndDevelopmentExpenses": 1301000000,
    "generalAndAdministrativeExpenses": 805000000,
    "sellingAndMarketingExpenses": 1267000000,
    "sellingGeneralAndAdministrativeExpenses": 2072000000,
    "otherExpenses": 0,
    "operatingExpenses": 3373000000,
    "costAndExpenses": 7076000000,
    "interestIncome": 199000000,
    "interestExpense": 20000000,
    "depreciationAndAmortization": 503000000,
    "ebitda": 4012000000,
    "ebitdaratio": 0.3790985543,
    "operatingIncome": 3507000000,
    "operatingIncomeRatio": 0.3313805159,
    "totalOtherIncomeExpensesNet": -18000000,
    "incomeBeforeTax": 3489000000,
    "incomeBeforeTaxRatio": 0.329679675,
    "incomeTaxExpense": 785000000,
    "netIncome": 2704000000,
    "netIncomeRatio": 0.2555041104,
    "eps": 0.21,
    "epsdiluted": 0.21,
    "weightedAverageShsOut": 12968154812,
    "weightedAverageShsOutDil": 13160074735,
    "link": "",
    "finalLink": ""
  },
  {
    "date": "2011-09-30",
    "symbol": "GOOGL",
    "reportedCurrency": "USD",
    "cik": "0001652044",
    "fillingDate": "2011-09-30",
    "acceptedDate": "2011-09-29 20:00:00",
    "calendarYear": "2011",
    "period": "Q3",
    "revenue": 9720000000,
    "costOfRevenue": 3378000000,
    "grossProfit": 6342000000,
    "grossProfitRatio": 0.6524691358,
    "researchAndDevelopmentExpenses": 1404000000,
    "generalAndAdministrativeExpenses": 676000000,
    "sellingAndMarketingExpenses": 1204000000,
    "sellingGeneralAndAdministrativeExpenses": 1880000000,
    "otherExpenses": 0,
    "operatingExpenses": 3284000000,
    "costAndExpenses": 6662000000,
    "interestIncome": 211000000,
    "interestExpense": 21000000,
    "depreciationAndAmortization": 492000000,
    "ebitda": 3873000000,
    "ebitdaratio": 0.3984567901,
    "operatingIncome": 3058000000,
    "operatingIncomeRatio": 0.3146090535,
    "totalOtherIncomeExpensesNet": 302000000,
    "incomeBeforeTax": 3360000000,
    "incomeBeforeTaxRatio": 0.3456790123,
    "incomeTaxExpense": 631000000,
    "netIncome": 2729000000,
    "netIncomeRatio": 0.2807613169,
    "eps": 0.21,
    "epsdiluted": 0.21,
    "weightedAverageShsOut": 12926194829,
    "weightedAverageShsOutDil": 13097554760,
    "link": "",
    "finalLink": ""
  },
  {
    "date": "2011-06-30",
    "symbol": "GOOGL",
    "reportedCurrency": "USD",
    "cik": "0001652044",
    "fillingDate": "2011-06-30",
    "acceptedDate": "2011-06-29 20:00:00",
    "calendarYear": "2011",
    "period": "Q2",
    "revenue": 9026000000,
    "costOfRevenue": 3172000000,
    "grossProfit": 5854000000,
    "grossProfitRatio": 0.6485707955,
    "researchAndDevelopmentExpenses": 1234000000,
    "generalAndAdministrativeExpenses": 648000000,
    "sellingAndMarketingExpenses": 1091000000,
    "sellingGeneralAndAdministrativeExpenses": 1739000000,
    "otherExpenses": 0,
    "operatingExpenses": 2973000000,
    "costAndExpenses": 6145000000,
    "interestIncome": 212000000,
    "interestExpense": 13000000,
    "depreciationAndAmortization": 455000000,
    "ebitda": 3553000000,
    "ebitdaratio": 0.3936405938,
    "operatingIncome": 2881000000,
    "operatingIncomeRatio": 0.3191890095,
    "totalOtherIncomeExpensesNet": 204000000,
    "incomeBeforeTax": 3085000000,
    "incomeBeforeTaxRatio": 0.3417903833,
    "incomeTaxExpense": 580000000,
    "netIncome": 2505000000,
    "netIncomeRatio": 0.2775315754,
    "eps": 0.19,
    "epsdiluted": 0.19,
    "weightedAverageShsOut": 12889114844,
    "weightedAverageShsOutDil": 13041434783,
    "link": "",
    "finalLink": ""
  },
  {
    "date": "2011-03-31",
    "symbol": "GOOGL",
    "reportedCurrency": "USD",
    "cik": "0001652044",
    "fillingDate": "2011-03-31",
    "acceptedDate": "2011-03-30 20:00:00",
    "calendarYear": "2011",
    "period": "Q1",
    "revenue": 8575000000,
    "costOfRevenue": 2936000000,
    "grossProfit": 5639000000,
    "grossProfitRatio": 0.6576093294,
    "researchAndDevelopmentExpenses": 1226000000,
    "generalAndAdministrativeExpenses": 591000000,
    "sellingAndMarketingExpenses": 1026000000,
    "sellingGeneralAndAdministrativeExpenses": 1617000000,
    "otherExpenses": 500000000,
    "operatingExpenses": 3343000000,
    "costAndExpenses": 6279000000,
    "interestIncome": 190000000,
    "interestExpense": 4000000,
    "depreciationAndAmortization": 401000000,
    "ebitda": 2797000000,
    "ebitdaratio": 0.326180758,
    "operatingIncome": 2296000000,
    "operatingIncomeRatio": 0.267755102,
    "totalOtherIncomeExpensesNet": 96000000,
    "incomeBeforeTax": 2392000000,
    "incomeBeforeTaxRatio": 0.2789504373,
    "incomeTaxExpense": 594000000,
    "netIncome": 1798000000,
    "netIncomeRatio": 0.2096793003,
    "eps": 0.14,
    "epsdiluted": 0.14,
    "weightedAverageShsOut": 12861074855,
    "weightedAverageShsOutDil": 13055314777,
    "link": "",
    "finalLink": ""
  },
  {
    "date": "2010-12-31",
    "symbol": "GOOGL",
    "reportedCurrency": "USD",
    "cik": "0001652044",
    "fillingDate": "2010-12-31",
    "acceptedDate": "2010-12-30 19:00:00",
    "calendarYear": "2010",
    "period": "Q4",
    "revenue": 8440000000,
    "costOfRevenue": 2946000000,
    "grossProfit": 5494000000,
    "grossProfitRatio": 0.6509478673,
    "researchAndDevelopmentExpenses": 1051000000,
    "generalAndAdministrativeExpenses": 559000000,
    "sellingAndMarketingExpenses": 902000000,
    "sellingGeneralAndAdministrativeExpenses": 1461000000,
    "otherExpenses": 0,
    "operatingExpenses": 2512000000,
    "costAndExpenses": 5458000000,
    "interestIncome": 176000000,
    "interestExpense": 0,
    "depreciationAndAmortization": 381000000,
    "ebitda": 3363000000,
    "ebitdaratio": 0.3984597156,
    "operatingIncome": 2982000000,
    "operatingIncomeRatio": 0.3533175355,
    "totalOtherIncomeExpensesNet": 160000000,
    "incomeBeforeTax": 3142000000,
    "incomeBeforeTaxRatio": 0.3722748815,
    "incomeTaxExpense": 599000000,
    "netIncome": 2543000000,
    "netIncomeRatio": 0.3013033175,
    "eps": 0.2,
    "epsdiluted": 0.2,
    "weightedAverageShsOut": 12797834880,
    "weightedAverageShsOutDil": 13021434791,
    "link": "",
    "finalLink": ""
  },
  {
    "date": "2010-09-30",
    "symbol": "GOOGL",
    "reportedCurrency": "USD",
    "cik": "0001652044",
    "fillingDate": "2010-09-30",
    "acceptedDate": "2010-09-29 20:00:00",
    "calendarYear": "2010",
    "period": "Q3",
    "revenue": 7286000000,
    "costOfRevenue": 2552000000,
    "grossProfit": 4734000000,
    "grossProfitRatio": 0.6497392259,
    "researchAndDevelopmentExpenses": 994000000,
    "generalAndAdministrativeExpenses": 532000000,
    "sellingAndMarketingExpenses": 661000000,
    "sellingGeneralAndAdministrativeExpenses": 1193000000,
    "otherExpenses": 0,
    "operatingExpenses": 2187000000,
    "costAndExpenses": 4739000000,
    "interestIncome": 172000000,
    "interestExpense": 0,
    "depreciationAndAmortization": 342000000,
    "ebitda": 3056000000,
    "ebitdaratio": 0.419434532,
    "operatingIncome": 2547000000,
    "operatingIncomeRatio": 0.3495745265,
    "totalOtherIncomeExpensesNet": 167000000,
    "incomeBeforeTax": 2714000000,
    "incomeBeforeTaxRatio": 0.3724951963,
    "incomeTaxExpense": 547000000,
    "netIncome": 2167000000,
    "netIncomeRatio": 0.297419709,
    "eps": 0.17,
    "epsdiluted": 0.17,
    "weightedAverageShsOut": 12744674902,
    "weightedAverageShsOutDil": 12895074841,
    "link": "",
    "finalLink": ""
  },
  {
    "date": "2010-06-30",
    "symbol": "GOOGL",
    "reportedCurrency": "USD",
    "cik": "0001652044",
    "fillingDate": "2010-06-30",
    "acceptedDate": "2010-06-29 20:00:00",
    "calendarYear": "2010",
    "period": "Q2",
    "revenue": 6820000000,
    "costOfRevenue": 2467000000,
    "grossProfit": 4353000000,
    "grossProfitRatio": 0.6382697947,
    "researchAndDevelopmentExpenses": 898000000,
    "generalAndAdministrativeExpenses": 461000000,
    "sellingAndMarketingExpenses": 629000000,
    "sellingGeneralAndAdministrativeExpenses": 1090000000,
    "otherExpenses": 0,
    "operatingExpenses": 1988000000,
    "costAndExpenses": 4455000000,
    "interestIncome": 136000000,
    "interestExpense": 0,
    "depreciationAndAmortization": 342000000,
    "ebitda": 2707000000,
    "ebitdaratio": 0.3969208211,
    "operatingIncome": 2365000000,
    "operatingIncomeRatio": 0.3467741935,
    "totalOtherIncomeExpensesNet": 69000000,
    "incomeBeforeTax": 2434000000,
    "incomeBeforeTaxRatio": 0.3568914956,
    "incomeTaxExpense": 594000000,
    "netIncome": 1840000000,
    "netIncomeRatio": 0.2697947214,
    "eps": 0.14,
    "epsdiluted": 0.14,
    "weightedAverageShsOut": 12733994906,
    "weightedAverageShsOutDil": 12899434840,
    "link": "",
    "finalLink": ""
  },
  {
    "date": "2010-03-31",
    "symbol": "GOOGL",
    "reportedCurrency": "USD",
    "cik": "0001652044",
    "fillingDate": "2010-03-31",
    "acceptedDate": "2010-03-30 20:00:00",
    "calendarYear": "2010",
    "period": "Q1",
    "revenue": 6775000000,
    "costOfRevenue": 2452000000,
    "grossProfit": 4323000000,
    "grossProfitRatio": 0.6380811808,
    "researchAndDevelopmentExpenses": 818000000,
    "generalAndAdministrativeExpenses": 410000000,
    "sellingAndMarketingExpenses": 607000000,
    "sellingGeneralAndAdministrativeExpenses": 1017000000,
    "otherExpenses": 0,
    "operatingExpenses": 1835000000,
    "costAndExpenses": 4287000000,
    "interestIncome": 95000000,
    "interestExpense": 0,
    "depreciationAndAmortization": 331000000,
    "ebitda": 2819000000,
    "ebitdaratio": 0.4160885609,
    "operatingIncome": 2488000000,
    "operatingIncomeRatio": 0.3672324723,
    "totalOtherIncomeExpensesNet": 18000000,
    "incomeBeforeTax": 2506000000,
    "incomeBeforeTaxRatio": 0.3698892989,
    "incomeTaxExpense": 551000000,
    "netIncome": 1955000000,
    "netIncomeRatio": 0.2885608856,
    "eps": 0.15,
    "epsdiluted": 0.15,
    "weightedAverageShsOut": 12715794913,
    "weightedAverageShsOutDil": 12904314838,
    "link": "",
    "finalLink": ""
  },
  {
    "date": "2009-12-31",
    "symbol": "GOOGL",
    "reportedCurrency": "USD",
    "cik": "0001652044",
    "fillingDate": "2009-12-31",
    "acceptedDate": "2009-12-30 19:00:00",
    "calendarYear": "2009",
    "period": "Q4",
    "revenue": 6673863000,
    "costOfRevenue": 2408400000,
    "grossProfit": 4265463000,
    "grossProfitRatio": 0.6391295416,
    "researchAndDevelopmentExpenses": 736234000,
    "generalAndAdministrativeExpenses": 465059000,
    "sellingAndMarketingExpenses": 583149000,
    "sellingGeneralAndAdministrativeExpenses": 1048208000,
    "otherExpenses": 38000,
    "operatingExpenses": 1784480000,
    "costAndExpenses": 4192880000,
    "interestIncome": 66862000,
    "interestExpense": 0,
    "depreciationAndAmortization": 365506000,
    "ebitda": 2846527000,
    "ebitdaratio": 0.4265186444,
    "operatingIncome": 2480983000,
    "operatingIncomeRatio": 0.3717461686,
    "totalOtherIncomeExpensesNet": 87688000,
    "incomeBeforeTax": 2568671000,
    "incomeBeforeTaxRatio": 0.3848851857,
    "incomeTaxExpense": 594571000,
    "netIncome": 1974100000,
    "netIncomeRatio": 0.2957957033,
    "eps": 0.16,
    "epsdiluted": 0.15,
    "weightedAverageShsOut": 12689474924,
    "weightedAverageShsOutDil": 12886514845,
    "link": "",
    "finalLink": ""
  },
  {
    "date": "2009-09-30",
    "symbol": "GOOGL",
    "reportedCurrency": "USD",
    "cik": "0001652044",
    "fillingDate": "2009-09-30",
    "acceptedDate": "2009-09-29 20:00:00",
    "calendarYear": "2009",
    "period": "Q3",
    "revenue": 5945000000,
    "costOfRevenue": 2226000000,
    "grossProfit": 3719000000,
    "grossProfitRatio": 0.625567704,
    "researchAndDevelopmentExpenses": 758000000,
    "generalAndAdministrativeExpenses": 389000000,
    "sellingAndMarketingExpenses": 498000000,
    "sellingGeneralAndAdministrativeExpenses": 887000000,
    "otherExpenses": 0,
    "operatingExpenses": 1645000000,
    "costAndExpenses": 3871000000,
    "interestIncome": 47000000,
    "interestExpense": 0,
    "depreciationAndAmortization": 379000000,
    "ebitda": 2453000000,
    "ebitdaratio": 0.4126156434,
    "operatingIncome": 2074000000,
    "operatingIncomeRatio": 0.3488645921,
    "totalOtherIncomeExpensesNet": -7000000,
    "incomeBeforeTax": 2067000000,
    "incomeBeforeTaxRatio": 0.347687132,
    "incomeTaxExpense": 428000000,
    "netIncome": 1639000000,
    "netIncomeRatio": 0.2756938604,
    "eps": 0.13,
    "epsdiluted": 0.13,
    "weightedAverageShsOut": 12659874936,
    "weightedAverageShsOutDil": 12789834884,
    "link": "",
    "finalLink": ""
  },
  {
    "date": "2009-06-30",
    "symbol": "GOOGL",
    "reportedCurrency": "USD",
    "cik": "0001652044",
    "fillingDate": "2009-06-30",
    "acceptedDate": "2009-06-29 20:00:00",
    "calendarYear": "2009",
    "period": "Q2",
    "revenue": 5523000000,
    "costOfRevenue": 2108000000,
    "grossProfit": 3415000000,
    "grossProfitRatio": 0.618323375,
    "researchAndDevelopmentExpenses": 708000000,
    "generalAndAdministrativeExpenses": 364000000,
    "sellingAndMarketingExpenses": 469000000,
    "sellingGeneralAndAdministrativeExpenses": 833000000,
    "otherExpenses": 0,
    "operatingExpenses": 1541000000,
    "costAndExpenses": 3649000000,
    "interestIncome": 50000000,
    "interestExpense": 0,
    "depreciationAndAmortization": 377000000,
    "ebitda": 2251000000,
    "ebitdaratio": 0.4075683505,
    "operatingIncome": 1874000000,
    "operatingIncomeRatio": 0.3393083469,
    "totalOtherIncomeExpensesNet": -18000000,
    "incomeBeforeTax": 1856000000,
    "incomeBeforeTaxRatio": 0.3360492486,
    "incomeTaxExpense": 371000000,
    "netIncome": 1485000000,
    "netIncomeRatio": 0.2688756111,
    "eps": 0.12,
    "epsdiluted": 0.12,
    "weightedAverageShsOut": 12636034945,
    "weightedAverageShsOutDil": 12741434903,
    "link": "",
    "finalLink": ""
  },
  {
    "date": "2009-03-31",
    "symbol": "GOOGL",
    "reportedCurrency": "USD",
    "cik": "0001652044",
    "fillingDate": "2009-03-31",
    "acceptedDate": "2009-03-30 20:00:00",
    "calendarYear": "2009",
    "period": "Q1",
    "revenue": 5509000000,
    "costOfRevenue": 2102000000,
    "grossProfit": 3407000000,
    "grossProfitRatio": 0.6184425486,
    "researchAndDevelopmentExpenses": 642000000,
    "generalAndAdministrativeExpenses": 447000000,
    "sellingAndMarketingExpenses": 434000000,
    "sellingGeneralAndAdministrativeExpenses": 881000000,
    "otherExpenses": 0,
    "operatingExpenses": 1523000000,
    "costAndExpenses": 3625000000,
    "interestIncome": 66000000,
    "interestExpense": 0,
    "depreciationAndAmortization": 403000000,
    "ebitda": 2287000000,
    "ebitdaratio": 0.4151388637,
    "operatingIncome": 1884000000,
    "operatingIncomeRatio": 0.3419858414,
    "totalOtherIncomeExpensesNet": 6000000,
    "incomeBeforeTax": 1890000000,
    "incomeBeforeTaxRatio": 0.3430749682,
    "incomeTaxExpense": 467000000,
    "netIncome": 1423000000,
    "netIncomeRatio": 0.2583045925,
    "eps": 0.11,
    "epsdiluted": 0.11,
    "weightedAverageShsOut": 12610074955,
    "weightedAverageShsOutDil": 12688834924,
    "link": "",
    "finalLink": ""
  },
  {
    "date": "2008-12-31",
    "symbol": "GOOGL",
    "reportedCurrency": "USD",
    "cik": "0001652044",
    "fillingDate": "2008-12-31",
    "acceptedDate": "2008-12-30 19:00:00",
    "calendarYear": "2008",
    "period": "Q4",
    "revenue": 5700950000,
    "costOfRevenue": 2190005000,
    "grossProfit": 3510945000,
    "grossProfitRatio": 0.6158526211,
    "researchAndDevelopmentExpenses": 733341000,
    "generalAndAdministrativeExpenses": 411361000,
    "sellingAndMarketingExpenses": 505992000,
    "sellingGeneralAndAdministrativeExpenses": 917353000,
    "otherExpenses": 46000,
    "operatingExpenses": 1650740000,
    "costAndExpenses": 3840745000,
    "interestIncome": 88447000,
    "interestExpense": 0,
    "depreciationAndAmortization": 385510000,
    "ebitda": 2245761000,
    "ebitdaratio": 0.3939275033,
    "operatingIncome": 1860205000,
    "operatingIncomeRatio": 0.3262973715,
    "totalOtherIncomeExpensesNet": -1024858000,
    "incomeBeforeTax": 835347000,
    "incomeBeforeTaxRatio": 0.146527684,
    "incomeTaxExpense": 452905000,
    "netIncome": 382442000,
    "netIncomeRatio": 0.0670839071,
    "eps": 0.0609,
    "epsdiluted": 0.0602,
    "weightedAverageShsOut": 12558354976,
    "weightedAverageShsOutDil": 12700554919,
    "link": "",
    "finalLink": ""
  },
  {
    "date": "2008-09-30",
    "symbol": "GOOGL",
    "reportedCurrency": "USD",
    "cik": "0001652044",
    "fillingDate": "2008-09-30",
    "acceptedDate": "2008-09-29 20:00:00",
    "calendarYear": "2008",
    "period": "Q3",
    "revenue": 5541400000,
    "costOfRevenue": 2173390000,
    "grossProfit": 3368010000,
    "grossProfitRatio": 0.6077904501,
    "researchAndDevelopmentExpenses": 704571000,
    "generalAndAdministrativeExpenses": 507064000,
    "sellingAndMarketingExpenses": 508801000,
    "sellingGeneralAndAdministrativeExpenses": 1015865000,
    "otherExpenses": 9000,
    "operatingExpenses": 1720445000,
    "costAndExpenses": 3893835000,
    "interestIncome": 90996000,
    "interestExpense": 0,
    "depreciationAndAmortization": 386246000,
    "ebitda": 2033820000,
    "ebitdaratio": 0.367022774,
    "operatingIncome": 1647565000,
    "operatingIncomeRatio": 0.2973192695,
    "totalOtherIncomeExpensesNet": 21217000,
    "incomeBeforeTax": 1668782000,
    "incomeBeforeTaxRatio": 0.3011480853,
    "incomeTaxExpense": 378844000,
    "netIncome": 1289938000,
    "netIncomeRatio": 0.2327819685,
    "eps": 0.1,
    "epsdiluted": 0.1,
    "weightedAverageShsOut": 12569634972,
    "weightedAverageShsOutDil": 12711034915,
    "link": "",
    "finalLink": ""
  },
  {
    "date": "2008-06-30",
    "symbol": "GOOGL",
    "reportedCurrency": "USD",
    "cik": "0001652044",
    "fillingDate": "2008-06-30",
    "acceptedDate": "2008-06-29 20:00:00",
    "calendarYear": "2008",
    "period": "Q2",
    "revenue": 5367200000,
    "costOfRevenue": 2147575000,
    "grossProfit": 3219625000,
    "grossProfitRatio": 0.5998705098,
    "researchAndDevelopmentExpenses": 682210000,
    "generalAndAdministrativeExpenses": 474910000,
    "sellingAndMarketingExpenses": 484552000,
    "sellingGeneralAndAdministrativeExpenses": 959462000,
    "otherExpenses": -12000,
    "operatingExpenses": 1641660000,
    "costAndExpenses": 3789235000,
    "interestIncome": 88086000,
    "interestExpense": 0,
    "depreciationAndAmortization": 391607000,
    "ebitda": 1969560000,
    "ebitdaratio": 0.3669622895,
    "operatingIncome": 1577965000,
    "operatingIncomeRatio": 0.2940015278,
    "totalOtherIncomeExpensesNet": 57923000,
    "incomeBeforeTax": 1635888000,
    "incomeBeforeTaxRatio": 0.3047935609,
    "incomeTaxExpense": 388497000,
    "netIncome": 1247391000,
    "netIncomeRatio": 0.2324100089,
    "eps": 0.0993,
    "epsdiluted": 0.098,
    "weightedAverageShsOut": 12552674978,
    "weightedAverageShsOutDil": 12720914911,
    "link": "",
    "finalLink": ""
  },
  {
    "date": "2008-03-31",
    "symbol": "GOOGL",
    "reportedCurrency": "USD",
    "cik": "0001652044",
    "fillingDate": "2008-03-31",
    "acceptedDate": "2008-03-30 20:00:00",
    "calendarYear": "2008",
    "period": "Q1",
    "revenue": 5186000000,
    "costOfRevenue": 2110536000,
    "grossProfit": 3075464000,
    "grossProfitRatio": 0.5930320093,
    "researchAndDevelopmentExpenses": 673069000,
    "generalAndAdministrativeExpenses": 409305000,
    "sellingAndMarketingExpenses": 446898000,
    "sellingGeneralAndAdministrativeExpenses": 856203000,
    "otherExpenses": -43000,
    "operatingExpenses": 1529229000,
    "costAndExpenses": 3639765000,
    "interestIncome": 122003000,
    "interestExpense": 387000,
    "depreciationAndAmortization": 336524000,
    "ebitda": 1882716000,
    "ebitdaratio": 0.3630381797,
    "operatingIncome": 1546235000,
    "operatingIncomeRatio": 0.2981556113,
    "totalOtherIncomeExpensesNet": 167343000,
    "incomeBeforeTax": 1713578000,
    "incomeBeforeTaxRatio": 0.3304238334,
    "incomeTaxExpense": 406492000,
    "netIncome": 1307086000,
    "netIncomeRatio": 0.2520412649,
    "eps": 0.1,
    "epsdiluted": 0.1,
    "weightedAverageShsOut": 12525154989,
    "weightedAverageShsOutDil": 12695674921,
    "link": "",
    "finalLink": ""
  },
  {
    "date": "2007-12-31",
    "symbol": "GOOGL",
    "reportedCurrency": "USD",
    "cik": "0001652044",
    "fillingDate": "2007-12-31",
    "acceptedDate": "2007-12-30 19:00:00",
    "calendarYear": "2007",
    "period": "Q4",
    "revenue": 4826686000,
    "costOfRevenue": 1955824000,
    "grossProfit": 2870862000,
    "grossProfitRatio": 0.5947894684,
    "researchAndDevelopmentExpenses": 630783000,
    "generalAndAdministrativeExpenses": 377048000,
    "sellingAndMarketingExpenses": 422290000,
    "sellingGeneralAndAdministrativeExpenses": 799338000,
    "otherExpenses": 7000,
    "operatingExpenses": 1430128000,
    "costAndExpenses": 3385952000,
    "interestIncome": 144631000,
    "interestExpense": 171000,
    "depreciationAndAmortization": 289936000,
    "ebitda": 1898134000,
    "ebitdaratio": 0.3932582314,
    "operatingIncome": 1440734000,
    "operatingIncomeRatio": 0.2984934176,
    "totalOtherIncomeExpensesNet": 167293000,
    "incomeBeforeTax": 1608027000,
    "incomeBeforeTaxRatio": 0.3331534307,
    "incomeTaxExpense": 401578000,
    "netIncome": 1206449000,
    "netIncomeRatio": 0.2499539021,
    "eps": 0.19,
    "epsdiluted": 0.19,
    "weightedAverageShsOut": 12432235027,
    "weightedAverageShsOutDil": 12648394940,
    "link": "",
    "finalLink": ""
  },
  {
    "date": "2007-09-30",
    "symbol": "GOOGL",
    "reportedCurrency": "USD",
    "cik": "0001652044",
    "fillingDate": "2007-09-30",
    "acceptedDate": "2007-09-29 20:00:00",
    "calendarYear": "2007",
    "period": "Q3",
    "revenue": 4231400000,
    "costOfRevenue": 1662579000,
    "grossProfit": 2568821000,
    "grossProfitRatio": 0.6070853618,
    "researchAndDevelopmentExpenses": 548712000,
    "generalAndAdministrativeExpenses": 321398000,
    "sellingAndMarketingExpenses": 380820000,
    "sellingGeneralAndAdministrativeExpenses": 702218000,
    "otherExpenses": 49000,
    "operatingExpenses": 1250979000,
    "costAndExpenses": 2913558000,
    "interestIncome": 146114000,
    "interestExpense": 446000,
    "depreciationAndAmortization": 249375000,
    "ebitda": 1567266000,
    "ebitdaratio": 0.3703894692,
    "operatingIncome": 1317842000,
    "operatingIncomeRatio": 0.3114434939,
    "totalOtherIncomeExpensesNet": 154428000,
    "incomeBeforeTax": 1472270000,
    "incomeBeforeTaxRatio": 0.3479392163,
    "incomeTaxExpense": 402281000,
    "netIncome": 1069989000,
    "netIncomeRatio": 0.2528687905,
    "eps": 0.086,
    "epsdiluted": 0.0845,
    "weightedAverageShsOut": 12448835020,
    "weightedAverageShsOutDil": 12663034934,
    "link": "",
    "finalLink": ""
  },
  {
    "date": "2007-06-30",
    "symbol": "GOOGL",
    "reportedCurrency": "USD",
    "cik": "0001652044",
    "fillingDate": "2007-06-30",
    "acceptedDate": "2007-06-29 20:00:00",
    "calendarYear": "2007",
    "period": "Q2",
    "revenue": 3872000000,
    "costOfRevenue": 1560255000,
    "grossProfit": 2311745000,
    "grossProfitRatio": 0.5970415806,
    "researchAndDevelopmentExpenses": 532106000,
    "generalAndAdministrativeExpenses": 319405000,
    "sellingAndMarketingExpenses": 355604000,
    "sellingGeneralAndAdministrativeExpenses": 675009000,
    "otherExpenses": 15000,
    "operatingExpenses": 1207130000,
    "costAndExpenses": 2767385000,
    "interestIncome": 137984000,
    "interestExpense": 244000,
    "depreciationAndAmortization": 223355000,
    "ebitda": 1327985000,
    "ebitdaratio": 0.3429713326,
    "operatingIncome": 1104615000,
    "operatingIncomeRatio": 0.2852827996,
    "totalOtherIncomeExpensesNet": 137130000,
    "incomeBeforeTax": 1241745000,
    "incomeBeforeTaxRatio": 0.3206986054,
    "incomeTaxExpense": 316625000,
    "netIncome": 925120000,
    "netIncomeRatio": 0.2389256198,
    "eps": 0.0745,
    "epsdiluted": 0.0733,
    "weightedAverageShsOut": 12417435033,
    "weightedAverageShsOutDil": 12618754952,
    "link": "",
    "finalLink": ""
  },
  {
    "date": "2007-03-31",
    "symbol": "GOOGL",
    "reportedCurrency": "USD",
    "cik": "0001652044",
    "fillingDate": "2007-03-31",
    "acceptedDate": "2007-03-30 20:00:00",
    "calendarYear": "2007",
    "period": "Q1",
    "revenue": 3664000000,
    "costOfRevenue": 1470426000,
    "grossProfit": 2193574000,
    "grossProfitRatio": 0.5986828603,
    "researchAndDevelopmentExpenses": 408384000,
    "generalAndAdministrativeExpenses": 261400000,
    "sellingAndMarketingExpenses": 302552000,
    "sellingGeneralAndAdministrativeExpenses": 563952000,
    "otherExpenses": 29000,
    "operatingExpenses": 972365000,
    "costAndExpenses": 2442791000,
    "interestIncome": 130475000,
    "interestExpense": 342000,
    "depreciationAndAmortization": 204992000,
    "ebitda": 1557271000,
    "ebitdaratio": 0.4250193777,
    "operatingIncome": 1221209000,
    "operatingIncomeRatio": 0.3332993996,
    "totalOtherIncomeExpensesNet": 130728000,
    "incomeBeforeTax": 1351937000,
    "incomeBeforeTaxRatio": 0.3689784389,
    "incomeTaxExpense": 349775000,
    "netIncome": 1002162000,
    "netIncomeRatio": 0.2735158297,
    "eps": 0.081,
    "epsdiluted": 0.0795,
    "weightedAverageShsOut": 12372595050,
    "weightedAverageShsOutDil": 12594794962,
    "link": "",
    "finalLink": ""
  },
  {
    "date": "2006-12-31",
    "symbol": "GOOGL",
    "reportedCurrency": "USD",
    "cik": "0001652044",
    "fillingDate": "2006-12-31",
    "acceptedDate": "2006-12-30 19:00:00",
    "calendarYear": "2006",
    "period": "Q4",
    "revenue": 3205498000,
    "costOfRevenue": 1283148000,
    "grossProfit": 1922350000,
    "grossProfitRatio": 0.5997040086,
    "researchAndDevelopmentExpenses": 386806000,
    "generalAndAdministrativeExpenses": 0,
    "sellingAndMarketingExpenses": 0,
    "sellingGeneralAndAdministrativeExpenses": 474950000,
    "otherExpenses": 0,
    "operatingExpenses": 861756000,
    "costAndExpenses": 2144904000,
    "interestIncome": 0,
    "interestExpense": 0,
    "depreciationAndAmortization": 189250000,
    "ebitda": 912734000,
    "ebitdaratio": 0.2847401558,
    "operatingIncome": 1060594000,
    "operatingIncomeRatio": 0.3308671539,
    "totalOtherIncomeExpensesNet": 124140000,
    "incomeBeforeTax": 1184734000,
    "incomeBeforeTaxRatio": 0.3695943657,
    "incomeTaxExpense": 154017000,
    "netIncome": 1030717000,
    "netIncomeRatio": 0.3215466052,
    "eps": 0.17,
    "epsdiluted": 0.17,
    "weightedAverageShsOut": 12056115177,
    "weightedAverageShsOutDil": 12381915047,
    "link": "",
    "finalLink": ""
  },
  {
    "date": "2006-09-30",
    "symbol": "GOOGL",
    "reportedCurrency": "USD",
    "cik": "0001652044",
    "fillingDate": "2006-09-30",
    "acceptedDate": "2006-09-29 20:00:00",
    "calendarYear": "2006",
    "period": "Q3",
    "revenue": 2689700000,
    "costOfRevenue": 1048728000,
    "grossProfit": 1640972000,
    "grossProfitRatio": 0.6100948061,
    "researchAndDevelopmentExpenses": 312632000,
    "generalAndAdministrativeExpenses": 190010000,
    "sellingAndMarketingExpenses": 206972000,
    "sellingGeneralAndAdministrativeExpenses": 396982000,
    "otherExpenses": 27000,
    "operatingExpenses": 709641000,
    "costAndExpenses": 1758369000,
    "interestIncome": 108230000,
    "interestExpense": 21000,
    "depreciationAndAmortization": 145310000,
    "ebitda": 1184842000,
    "ebitdaratio": 0.4405108376,
    "operatingIncome": 931331000,
    "operatingIncomeRatio": 0.3462583188,
    "totalOtherIncomeExpensesNet": 108180000,
    "incomeBeforeTax": 1039511000,
    "incomeBeforeTaxRatio": 0.3864784177,
    "incomeTaxExpense": 306150000,
    "netIncome": 733361000,
    "netIncomeRatio": 0.2726553147,
    "eps": 0.0605,
    "epsdiluted": 0.059,
    "weightedAverageShsOut": 12135995145,
    "weightedAverageShsOutDil": 12422955030,
    "link": "",
    "finalLink": ""
  },
  {
    "date": "2006-06-30",
    "symbol": "GOOGL",
    "reportedCurrency": "USD",
    "cik": "0001652044",
    "fillingDate": "2006-06-30",
    "acceptedDate": "2006-06-29 20:00:00",
    "calendarYear": "2006",
    "period": "Q2",
    "revenue": 2456000000,
    "costOfRevenue": 989032000,
    "grossProfit": 1466968000,
    "grossProfitRatio": 0.5972996743,
    "researchAndDevelopmentExpenses": 282552000,
    "generalAndAdministrativeExpenses": 172638000,
    "sellingAndMarketingExpenses": 196397000,
    "sellingGeneralAndAdministrativeExpenses": 369035000,
    "otherExpenses": 9000,
    "operatingExpenses": 651596000,
    "costAndExpenses": 1640628000,
    "interestIncome": 103187000,
    "interestExpense": 177000,
    "depreciationAndAmortization": 126221000,
    "ebitda": 1102575000,
    "ebitdaratio": 0.4489311889,
    "operatingIncome": 815372000,
    "operatingIncomeRatio": 0.3319918567,
    "totalOtherIncomeExpensesNet": 160805000,
    "incomeBeforeTax": 976177000,
    "incomeBeforeTaxRatio": 0.3974662052,
    "incomeTaxExpense": 255100000,
    "netIncome": 721077000,
    "netIncomeRatio": 0.293598127,
    "eps": 0.0598,
    "epsdiluted": 0.0583,
    "weightedAverageShsOut": 12056395177,
    "weightedAverageShsOutDil": 12401515039,
    "link": "",
    "finalLink": ""
  },
  {
    "date": "2006-03-31",
    "symbol": "GOOGL",
    "reportedCurrency": "USD",
    "cik": "0001652044",
    "fillingDate": "2006-03-31",
    "acceptedDate": "2006-03-30 19:00:00",
    "calendarYear": "2006",
    "period": "Q1",
    "revenue": 2253800000,
    "costOfRevenue": 904119000,
    "grossProfit": 1349681000,
    "grossProfitRatio": 0.5988468365,
    "researchAndDevelopmentExpenses": 246599000,
    "generalAndAdministrativeExpenses": 169395000,
    "sellingAndMarketingExpenses": 190943000,
    "sellingGeneralAndAdministrativeExpenses": 360338000,
    "otherExpenses": 45000,
    "operatingExpenses": 606982000,
    "costAndExpenses": 1511101000,
    "interestIncome": 78924000,
    "interestExpense": 8000,
    "depreciationAndAmortization": 111158000,
    "ebitda": 921784000,
    "ebitdaratio": 0.4089910374,
    "operatingIncome": 742699000,
    "operatingIncomeRatio": 0.3295319017,
    "totalOtherIncomeExpensesNet": 67919000,
    "incomeBeforeTax": 810618000,
    "incomeBeforeTaxRatio": 0.3596672287,
    "incomeTaxExpense": 218327000,
    "netIncome": 592291000,
    "netIncomeRatio": 0.2627966102,
    "eps": 0.0505,
    "epsdiluted": 0.0488,
    "weightedAverageShsOut": 11755835297,
    "weightedAverageShsOutDil": 12164915134,
    "link": "",
    "finalLink": ""
  },
  {
    "date": "2005-12-31",
    "symbol": "GOOGL",
    "reportedCurrency": "USD",
    "cik": "0001652044",
    "fillingDate": "2005-12-31",
    "acceptedDate": "2005-12-30 19:00:00",
    "calendarYear": "2005",
    "period": "Q4",
    "revenue": 1919092000,
    "costOfRevenue": 775381000,
    "grossProfit": 1143711000,
    "grossProfitRatio": 0.5959646541,
    "researchAndDevelopmentExpenses": 157072000,
    "generalAndAdministrativeExpenses": 0,
    "sellingAndMarketingExpenses": 0,
    "sellingGeneralAndAdministrativeExpenses": 327000000,
    "otherExpenses": 90000000,
    "operatingExpenses": 574072000,
    "costAndExpenses": 1349453000,
    "interestIncome": 0,
    "interestExpense": 0,
    "depreciationAndAmortization": 94725000,
    "ebitda": 664364000,
    "ebitdaratio": 0.3461866341,
    "operatingIncome": 569639000,
    "operatingIncomeRatio": 0.2968273538,
    "totalOtherIncomeExpensesNet": 70194000,
    "incomeBeforeTax": 639833000,
    "incomeBeforeTaxRatio": 0.3334040265,
    "incomeTaxExpense": 267625000,
    "netIncome": 372208000,
    "netIncomeRatio": 0.1939500555,
    "eps": 0.0675,
    "epsdiluted": 0.0638,
    "weightedAverageShsOut": 11033755586,
    "weightedAverageShsOutDil": 11033755586,
    "link": "",
    "finalLink": ""
  },
  {
    "date": "2005-09-30",
    "symbol": "GOOGL",
    "reportedCurrency": "USD",
    "cik": "0001652044",
    "fillingDate": "2005-09-30",
    "acceptedDate": "2005-09-29 20:00:00",
    "calendarYear": "2005",
    "period": "Q3",
    "revenue": 1578456000,
    "costOfRevenue": 655154000,
    "grossProfit": 923302000,
    "grossProfitRatio": 0.5849399667,
    "researchAndDevelopmentExpenses": 177793000,
    "generalAndAdministrativeExpenses": 104851000,
    "sellingAndMarketingExpenses": 111487000,
    "sellingGeneralAndAdministrativeExpenses": 216338000,
    "otherExpenses": 0,
    "operatingExpenses": 394131000,
    "costAndExpenses": 1049285000,
    "interestIncome": 25351000,
    "interestExpense": 388000,
    "depreciationAndAmortization": 75965000,
    "ebitda": 626321000,
    "ebitdaratio": 0.3967934488,
    "operatingIncome": 529171000,
    "operatingIncomeRatio": 0.3352459619,
    "totalOtherIncomeExpensesNet": 20797000,
    "incomeBeforeTax": 549968000,
    "incomeBeforeTaxRatio": 0.3484214954,
    "incomeTaxExpense": 168786000,
    "netIncome": 381182000,
    "netIncomeRatio": 0.2414904185,
    "eps": 0.0348,
    "epsdiluted": 0.033,
    "weightedAverageShsOut": 11005195597,
    "weightedAverageShsOutDil": 11586915365,
    "link": "",
    "finalLink": ""
  },
  {
    "date": "2005-06-30",
    "symbol": "GOOGL",
    "reportedCurrency": "USD",
    "cik": "0001652044",
    "fillingDate": "2005-06-30",
    "acceptedDate": "2005-06-29 20:00:00",
    "calendarYear": "2005",
    "period": "Q2",
    "revenue": 1384495000,
    "costOfRevenue": 597095000,
    "grossProfit": 787400000,
    "grossProfitRatio": 0.5687272255,
    "researchAndDevelopmentExpenses": 95772000,
    "generalAndAdministrativeExpenses": 0,
    "sellingAndMarketingExpenses": 0,
    "sellingGeneralAndAdministrativeExpenses": 215930000,
    "otherExpenses": 0,
    "operatingExpenses": 311702000,
    "costAndExpenses": 908797000,
    "interestIncome": 0,
    "interestExpense": 0,
    "depreciationAndAmortization": 66929000,
    "ebitda": 542627000,
    "ebitdaratio": 0.391931354,
    "operatingIncome": 475698000,
    "operatingIncomeRatio": 0.3435895399,
    "totalOtherIncomeExpensesNet": 19722000,
    "incomeBeforeTax": 495420000,
    "incomeBeforeTaxRatio": 0.3578344451,
    "incomeTaxExpense": 152606000,
    "netIncome": 342814000,
    "netIncomeRatio": 0.2476094172,
    "eps": 0.0318,
    "epsdiluted": 0.0298,
    "weightedAverageShsOut": 10829155668,
    "weightedAverageShsOutDil": 11489515404,
    "link": "",
    "finalLink": ""
  },
  {
    "date": "2005-03-31",
    "symbol": "GOOGL",
    "reportedCurrency": "USD",
    "cik": "0001652044",
    "fillingDate": "2005-03-31",
    "acceptedDate": "2005-03-30 19:00:00",
    "calendarYear": "2005",
    "period": "Q1",
    "revenue": 1256516000,
    "costOfRevenue": 546781000,
    "grossProfit": 709735000,
    "grossProfitRatio": 0.5648435834,
    "researchAndDevelopmentExpenses": 108711000,
    "generalAndAdministrativeExpenses": 0,
    "sellingAndMarketingExpenses": 0,
    "sellingGeneralAndAdministrativeExpenses": 158254000,
    "otherExpenses": 0,
    "operatingExpenses": 266965000,
    "costAndExpenses": 813746000,
    "interestIncome": 0,
    "interestExpense": 0,
    "depreciationAndAmortization": 56193000,
    "ebitda": 498963000,
    "ebitdaratio": 0.3971003951,
    "operatingIncome": 442770000,
    "operatingIncomeRatio": 0.3523791181,
    "totalOtherIncomeExpensesNet": 13686000,
    "incomeBeforeTax": 456456000,
    "incomeBeforeTaxRatio": 0.3632711402,
    "incomeTaxExpense": 87263000,
    "netIncome": 369193000,
    "netIncomeRatio": 0.2938227607,
    "eps": 0.0348,
    "epsdiluted": 0.0323,
    "weightedAverageShsOut": 10644235742,
    "weightedAverageShsOutDil": 11464475414,
    "link": "",
    "finalLink": ""
  },
  {
    "date": "2004-12-31",
    "symbol": "GOOGL",
    "reportedCurrency": "USD",
    "cik": "0001652044",
    "fillingDate": "2004-12-31",
    "acceptedDate": "2004-12-30 19:00:00",
    "calendarYear": "2004",
    "period": "Q4",
    "revenue": 1031501000,
    "costOfRevenue": 453779000,
    "grossProfit": 577722000,
    "grossProfitRatio": 0.5600789529,
    "researchAndDevelopmentExpenses": 87442000,
    "generalAndAdministrativeExpenses": 0,
    "sellingAndMarketingExpenses": 0,
    "sellingGeneralAndAdministrativeExpenses": 187481000,
    "otherExpenses": 0,
    "operatingExpenses": 274923000,
    "costAndExpenses": 728702000,
    "interestIncome": 0,
    "interestExpense": 0,
    "depreciationAndAmortization": 52460000,
    "ebitda": 366163000,
    "ebitdaratio": 0.3549807514,
    "operatingIncome": 302799000,
    "operatingIncomeRatio": 0.293551824,
    "totalOtherIncomeExpensesNet": 7374000,
    "incomeBeforeTax": 310173000,
    "incomeBeforeTaxRatio": 0.3007006295,
    "incomeTaxExpense": 106073000,
    "netIncome": 204100000,
    "netIncomeRatio": 0.1978669919,
    "eps": 0.0528,
    "epsdiluted": 0.0374,
    "weightedAverageShsOut": 10926051334,
    "weightedAverageShsOutDil": 10926051334,
    "link": "",
    "finalLink": ""
  },
  {
    "date": "2004-09-30",
    "symbol": "GOOGL",
    "reportedCurrency": "USD",
    "cik": "0001652044",
    "fillingDate": "2004-09-30",
    "acceptedDate": "2004-09-29 20:00:00",
    "calendarYear": "2004",
    "period": "Q3",
    "revenue": 805887000,
    "costOfRevenue": 362099000,
    "grossProfit": 443788000,
    "grossProfitRatio": 0.5506826639,
    "researchAndDevelopmentExpenses": 57409000,
    "generalAndAdministrativeExpenses": 0,
    "sellingAndMarketingExpenses": 0,
    "sellingGeneralAndAdministrativeExpenses": 174267000,
    "otherExpenses": 201000000,
    "operatingExpenses": 432676000,
    "costAndExpenses": 794775000,
    "interestIncome": 0,
    "interestExpense": 0,
    "depreciationAndAmortization": 41326000,
    "ebitda": 52438000,
    "ebitdaratio": 0.0650686759,
    "operatingIncome": 11112000,
    "operatingIncomeRatio": 0.0137885336,
    "totalOtherIncomeExpensesNet": 3866000,
    "incomeBeforeTax": 14978000,
    "incomeBeforeTaxRatio": 0.0185857322,
    "incomeTaxExpense": -37005000,
    "netIncome": 51983000,
    "netIncomeRatio": 0.0645040806,
    "eps": 0.0048,
    "epsdiluted": 0.0048,
    "weightedAverageShsOut": 10926051334,
    "weightedAverageShsOutDil": 10926051334,
    "link": "",
    "finalLink": ""
  },
  {
    "date": "2004-06-30",
    "symbol": "GOOGL",
    "reportedCurrency": "USD",
    "cik": "0001652044",
    "fillingDate": "2004-06-30",
    "acceptedDate": "2004-06-29 20:00:00",
    "calendarYear": "2004",
    "period": "Q2",
    "revenue": 700212000,
    "costOfRevenue": 326377000,
    "grossProfit": 373835000,
    "grossProfitRatio": 0.5338883081,
    "researchAndDevelopmentExpenses": 45762000,
    "generalAndAdministrativeExpenses": 0,
    "sellingAndMarketingExpenses": 0,
    "sellingGeneralAndAdministrativeExpenses": 157115000,
    "otherExpenses": -358296000,
    "operatingExpenses": -155419000,
    "costAndExpenses": 170958000,
    "interestIncome": 0,
    "interestExpense": 0,
    "depreciationAndAmortization": 0,
    "ebitda": 529254000,
    "ebitdaratio": 0.7558482288,
    "operatingIncome": 529254000,
    "operatingIncomeRatio": 0.7558482288,
    "totalOtherIncomeExpensesNet": -359794000,
    "incomeBeforeTax": 169460000,
    "incomeBeforeTaxRatio": 0.2420124191,
    "incomeTaxExpense": 90397000,
    "netIncome": 79063000,
    "netIncomeRatio": 0.1129129464,
    "eps": 0.0073,
    "epsdiluted": 0.0073,
    "weightedAverageShsOut": 10838284095,
    "weightedAverageShsOutDil": 10838284095,
    "link": "",
    "finalLink": ""
  },
  {
    "date": "2004-03-31",
    "symbol": "GOOGL",
    "reportedCurrency": "USD",
    "cik": "0001652044",
    "fillingDate": "2004-03-31",
    "acceptedDate": "2004-03-30 19:00:00",
    "calendarYear": "2004",
    "period": "Q1",
    "revenue": 651623000,
    "costOfRevenue": 315398000,
    "grossProfit": 336225000,
    "grossProfitRatio": 0.5159808662,
    "researchAndDevelopmentExpenses": 35019000,
    "generalAndAdministrativeExpenses": 0,
    "sellingAndMarketingExpenses": 0,
    "sellingGeneralAndAdministrativeExpenses": 0,
    "otherExpenses": 145883000,
    "operatingExpenses": 180902000,
    "costAndExpenses": 496300000,
    "interestIncome": 0,
    "interestExpense": 0,
    "depreciationAndAmortization": 0,
    "ebitda": 301206000,
    "ebitdaratio": 0.4622396693,
    "operatingIncome": 155323000,
    "operatingIncomeRatio": 0.2383632867,
    "totalOtherIncomeExpensesNet": 300000,
    "incomeBeforeTax": 155623000,
    "incomeBeforeTaxRatio": 0.2388236757,
    "incomeTaxExpense": 91650000,
    "netIncome": 63973000,
    "netIncomeRatio": 0.0981748649,
    "eps": 0.0047,
    "epsdiluted": 0.0046,
    "weightedAverageShsOut": 13750354499,
    "weightedAverageShsOutDil": 13986214405,
    "link": "",
    "finalLink": ""
  },
  {
    "date": "2003-12-31",
    "symbol": "GOOGL",
    "reportedCurrency": "USD",
    "cik": "0001652044",
    "fillingDate": "2003-12-31",
    "acceptedDate": "2003-12-30 19:00:00",
    "calendarYear": "2003",
    "period": "Q4",
    "revenue": 512000000,
    "costOfRevenue": 254000000,
    "grossProfit": 258000000,
    "grossProfitRatio": 0.50390625,
    "researchAndDevelopmentExpenses": 85000000,
    "generalAndAdministrativeExpenses": 87000000,
    "sellingAndMarketingExpenses": 0,
    "sellingGeneralAndAdministrativeExpenses": 87000000,
    "otherExpenses": 0,
    "operatingExpenses": 172000000,
    "costAndExpenses": 426000000,
    "interestIncome": 0,
    "interestExpense": 0,
    "depreciationAndAmortization": 13000000,
    "ebitda": 102000000,
    "ebitdaratio": 0.19921875,
    "operatingIncome": 86000000,
    "operatingIncomeRatio": 0.16796875,
    "totalOtherIncomeExpensesNet": 3000000,
    "incomeBeforeTax": 89000000,
    "incomeBeforeTaxRatio": 0.173828125,
    "incomeTaxExpense": 62000000,
    "netIncome": 27000000,
    "netIncomeRatio": 0.052734375,
    "eps": 0.0026,
    "epsdiluted": 0.0026,
    "weightedAverageShsOut": 10500000000,
    "weightedAverageShsOutDil": 10500000000,
    "link": "",
    "finalLink": ""
  },
  {
    "date": "2003-09-30",
    "symbol": "GOOGL",
    "reportedCurrency": "USD",
    "cik": "0001652044",
    "fillingDate": "2003-09-30",
    "acceptedDate": "2003-09-29 20:00:00",
    "calendarYear": "2003",
    "period": "Q3",
    "revenue": 394000000,
    "costOfRevenue": 173000000,
    "grossProfit": 221000000,
    "grossProfitRatio": 0.5609137056,
    "researchAndDevelopmentExpenses": 77000000,
    "generalAndAdministrativeExpenses": 77000000,
    "sellingAndMarketingExpenses": 0,
    "sellingGeneralAndAdministrativeExpenses": 77000000,
    "otherExpenses": 0,
    "operatingExpenses": 154000000,
    "costAndExpenses": 327000000,
    "interestIncome": 0,
    "interestExpense": 0,
    "depreciationAndAmortization": 19000000,
    "ebitda": 86000000,
    "ebitdaratio": 0.2182741117,
    "operatingIncome": 67000000,
    "operatingIncomeRatio": 0.1700507614,
    "totalOtherIncomeExpensesNet": 0,
    "incomeBeforeTax": 67000000,
    "incomeBeforeTaxRatio": 0.1700507614,
    "incomeTaxExpense": 47000000,
    "netIncome": 20000000,
    "netIncomeRatio": 0.0507614213,
    "eps": 0.0019,
    "epsdiluted": 0.0019,
    "weightedAverageShsOut": 10320000000,
    "weightedAverageShsOutDil": 10320000000,
    "link": "",
    "finalLink": ""
  },
  {
    "date": "2003-06-30",
    "symbol": "GOOGL",
    "reportedCurrency": "USD",
    "cik": "0001652044",
    "fillingDate": "2003-06-30",
    "acceptedDate": "2003-06-29 20:00:00",
    "calendarYear": "2003",
    "period": "Q2",
    "revenue": 311199000,
    "costOfRevenue": 117401000,
    "grossProfit": 193798000,
    "grossProfitRatio": 0.6227462171,
    "researchAndDevelopmentExpenses": 17492000,
    "generalAndAdministrativeExpenses": 0,
    "sellingAndMarketingExpenses": 0,
    "sellingGeneralAndAdministrativeExpenses": 0,
    "otherExpenses": 71522000,
    "operatingExpenses": 89014000,
    "costAndExpenses": 206415000,
    "interestIncome": 0,
    "interestExpense": 0,
    "depreciationAndAmortization": 0,
    "ebitda": 176306000,
    "ebitdaratio": 0.5665378102,
    "operatingIncome": 104784000,
    "operatingIncomeRatio": 0.3367105935,
    "totalOtherIncomeExpensesNet": 766000,
    "incomeBeforeTax": 105550000,
    "incomeBeforeTaxRatio": 0.339172041,
    "incomeTaxExpense": 73382000,
    "netIncome": 32168000,
    "netIncomeRatio": 0.1033679414,
    "eps": 0.0023,
    "epsdiluted": 0.0023,
    "weightedAverageShsOut": 13750354499,
    "weightedAverageShsOutDil": 13986214405,
    "link": "",
    "finalLink": ""
  },
  {
    "date": "2003-03-31",
    "symbol": "GOOGL",
    "reportedCurrency": "USD",
    "cik": "0001652044",
    "fillingDate": "2003-03-31",
    "acceptedDate": "2003-03-30 19:00:00",
    "calendarYear": "2003",
    "period": "Q1",
    "revenue": 249000000,
    "costOfRevenue": 89000000,
    "grossProfit": 160000000,
    "grossProfitRatio": 0.6425702811,
    "researchAndDevelopmentExpenses": 32000000,
    "generalAndAdministrativeExpenses": 43000000,
    "sellingAndMarketingExpenses": 0,
    "sellingGeneralAndAdministrativeExpenses": 43000000,
    "otherExpenses": 0,
    "operatingExpenses": 75000000,
    "costAndExpenses": 164000000,
    "interestIncome": 0,
    "interestExpense": 0,
    "depreciationAndAmortization": 7000000,
    "ebitda": 92000000,
    "ebitdaratio": 0.3694779116,
    "operatingIncome": 85000000,
    "operatingIncomeRatio": 0.3413654618,
    "totalOtherIncomeExpensesNet": 0,
    "incomeBeforeTax": 85000000,
    "incomeBeforeTaxRatio": 0.3413654618,
    "incomeTaxExpense": 59000000,
    "netIncome": 26000000,
    "netIncomeRatio": 0.1044176707,
    "eps": 0.0026,
    "epsdiluted": 0.0026,
    "weightedAverageShsOut": 9940000000,
    "weightedAverageShsOutDil": 9940000000,
    "link": "",
    "finalLink": ""
  },
  {
    "date": "2002-12-31",
    "symbol": "GOOGL",
    "reportedCurrency": "USD",
    "cik": "0001652044",
    "fillingDate": "2002-12-31",
    "acceptedDate": "2002-12-30 19:00:00",
    "calendarYear": "2002",
    "period": "Q4",
    "revenue": 188000000,
    "costOfRevenue": 66000000,
    "grossProfit": 122000000,
    "grossProfitRatio": 0.6489361702,
    "researchAndDevelopmentExpenses": 13000000,
    "generalAndAdministrativeExpenses": 25000000,
    "sellingAndMarketingExpenses": 1000000,
    "sellingGeneralAndAdministrativeExpenses": 26000000,
    "otherExpenses": 0,
    "operatingExpenses": 39000000,
    "costAndExpenses": 105000000,
    "interestIncome": 0,
    "interestExpense": 0,
    "depreciationAndAmortization": 0,
    "ebitda": 83000000,
    "ebitdaratio": 0.4414893617,
    "operatingIncome": 83000000,
    "operatingIncomeRatio": 0.4414893617,
    "totalOtherIncomeExpensesNet": 0,
    "incomeBeforeTax": 83000000,
    "incomeBeforeTaxRatio": 0.4414893617,
    "incomeTaxExpense": 38000000,
    "netIncome": 45000000,
    "netIncomeRatio": 0.2393617021,
    "eps": 0.0048,
    "epsdiluted": 0.0048,
    "weightedAverageShsOut": 9440000000,
    "weightedAverageShsOutDil": 9440000000,
    "link": "",
    "finalLink": ""
  },
  {
    "date": "2002-09-30",
    "symbol": "GOOGL",
    "reportedCurrency": "USD",
    "cik": "0001652044",
    "fillingDate": "2002-09-30",
    "acceptedDate": "2002-09-29 20:00:00",
    "calendarYear": "2002",
    "period": "Q3",
    "revenue": 131000000,
    "costOfRevenue": 40000000,
    "grossProfit": 91000000,
    "grossProfitRatio": 0.6946564885,
    "researchAndDevelopmentExpenses": 12000000,
    "generalAndAdministrativeExpenses": 22000000,
    "sellingAndMarketingExpenses": 0,
    "sellingGeneralAndAdministrativeExpenses": 22000000,
    "otherExpenses": 0,
    "operatingExpenses": 34000000,
    "costAndExpenses": 74000000,
    "interestIncome": 0,
    "interestExpense": 0,
    "depreciationAndAmortization": -1000000,
    "ebitda": 56000000,
    "ebitdaratio": 0.427480916,
    "operatingIncome": 57000000,
    "operatingIncomeRatio": 0.4351145038,
    "totalOtherIncomeExpensesNet": -1000000,
    "incomeBeforeTax": 56000000,
    "incomeBeforeTaxRatio": 0.427480916,
    "incomeTaxExpense": 26000000,
    "netIncome": 30000000,
    "netIncomeRatio": 0.2290076336,
    "eps": 0.0032,
    "epsdiluted": 0.0032,
    "weightedAverageShsOut": 9320000000,
    "weightedAverageShsOutDil": 9320000000,
    "link": "",
    "finalLink": ""
  },
  {
    "date": "2002-06-30",
    "symbol": "GOOGL",
    "reportedCurrency": "USD",
    "cik": "0001652044",
    "fillingDate": "2002-06-30",
    "acceptedDate": "2002-06-29 20:00:00",
    "calendarYear": "2002",
    "period": "Q2",
    "revenue": 79000000,
    "costOfRevenue": 21000000,
    "grossProfit": 58000000,
    "grossProfitRatio": 0.7341772152,
    "researchAndDevelopmentExpenses": 8000000,
    "generalAndAdministrativeExpenses": 19000000,
    "sellingAndMarketingExpenses": -1000000,
    "sellingGeneralAndAdministrativeExpenses": 18000000,
    "otherExpenses": 0,
    "operatingExpenses": 26000000,
    "costAndExpenses": 47000000,
    "interestIncome": 0,
    "interestExpense": 0,
    "depreciationAndAmortization": 0,
    "ebitda": 31000000,
    "ebitdaratio": 0.3924050633,
    "operatingIncome": 31000000,
    "operatingIncomeRatio": 0.3924050633,
    "totalOtherIncomeExpensesNet": 0,
    "incomeBeforeTax": 31000000,
    "incomeBeforeTaxRatio": 0.3924050633,
    "incomeTaxExpense": 14000000,
    "netIncome": 17000000,
    "netIncomeRatio": 0.2151898734,
    "eps": 0.0019,
    "epsdiluted": 0.0019,
    "weightedAverageShsOut": 8820000000,
    "weightedAverageShsOutDil": 8820000000,
    "link": "",
    "finalLink": ""
  },
  {
    "date": "2002-03-31",
    "symbol": "GOOGL",
    "reportedCurrency": "USD",
    "cik": "0001652044",
    "fillingDate": "2002-03-31",
    "acceptedDate": "2002-03-30 19:00:00",
    "calendarYear": "2002",
    "period": "Q1",
    "revenue": 42000000,
    "costOfRevenue": 6000000,
    "grossProfit": 36000000,
    "grossProfitRatio": 0.8571428571,
    "researchAndDevelopmentExpenses": 7000000,
    "generalAndAdministrativeExpenses": 14000000,
    "sellingAndMarketingExpenses": 0,
    "sellingGeneralAndAdministrativeExpenses": 14000000,
    "otherExpenses": 0,
    "operatingExpenses": 21000000,
    "costAndExpenses": 27000000,
    "interestIncome": 0,
    "interestExpense": 0,
    "depreciationAndAmortization": 0,
    "ebitda": 15000000,
    "ebitdaratio": 0.3571428571,
    "operatingIncome": 15000000,
    "operatingIncomeRatio": 0.3571428571,
    "totalOtherIncomeExpensesNet": 0,
    "incomeBeforeTax": 15000000,
    "incomeBeforeTaxRatio": 0.3571428571,
    "incomeTaxExpense": 7000000,
    "netIncome": 8000000,
    "netIncomeRatio": 0.1904761905,
    "eps": 0.0009,
    "epsdiluted": 0.0009,
    "weightedAverageShsOut": 8820000000,
    "weightedAverageShsOutDil": 8820000000,
    "link": "",
    "finalLink": ""
  }
]