[
  {
    "date": "2025-06-30",
    "symbol": "GPC",
    "reportedCurrency": "USD",
    "cik": "0000040987",
    "fillingDate": "2025-07-22",
    "acceptedDate": "2025-07-22 13:16:29",
    "calendarYear": "2025",
    "period": "Q2",
    "revenue": 6164425000,
    "costOfRevenue": 3840037000,
    "grossProfit": 2324388000,
    "grossProfitRatio": 0.377064852,
    "researchAndDevelopmentExpenses": 0,
    "generalAndAdministrativeExpenses": 0,
    "sellingAndMarketingExpenses": 0,
    "sellingGeneralAndAdministrativeExpenses": 1771195000,
    "otherExpenses": 130643000,
    "operatingExpenses": 1901838000,
    "costAndExpenses": 5741875000,
    "interestIncome": 0,
    "interestExpense": 45966000,
    "depreciationAndAmortization": 123018000,
    "ebitda": 501786000,
    "ebitdaratio": 0.0814002928,
    "operatingIncome": 422550000,
    "operatingIncomeRatio": 0.0685465392,
    "totalOtherIncomeExpensesNet": -83993000,
    "incomeBeforeTax": 338557000,
    "incomeBeforeTaxRatio": 0.0549210997,
    "incomeTaxExpense": 83677000,
    "netIncome": 254880000,
    "netIncomeRatio": 0.0413469221,
    "eps": 1.83,
    "epsdiluted": 1.83,
    "weightedAverageShsOut": 138887000,
    "weightedAverageShsOutDil": 139207000,
    "link": "https://www.sec.gov/Archives/edgar/data/40987/000004098725000144/0000040987-25-000144-index.htm",
    "finalLink": "https://www.sec.gov/Archives/edgar/data/40987/000004098725000144/gpc-20250630.htm"
  },
  {
    "date": "2025-03-31",
    "symbol": "GPC",
    "reportedCurrency": "USD",
    "cik": "0000040987",
    "fillingDate": "2025-04-22",
    "acceptedDate": "2025-04-22 11:42:31",
    "calendarYear": "2025",
    "period": "Q1",
    "revenue": 5866069000,
    "costOfRevenue": 3692385000,
    "grossProfit": 2173684000,
    "grossProfitRatio": 0.3705520682,
    "researchAndDevelopmentExpenses": 0,
    "generalAndAdministrativeExpenses": 0,
    "sellingAndMarketingExpenses": 0,
    "sellingGeneralAndAdministrativeExpenses": 1709679000,
    "otherExpenses": 121290000,
    "operatingExpenses": 1830969000,
    "costAndExpenses": 5523354000,
    "interestIncome": 0,
    "interestExpense": 37216000,
    "depreciationAndAmortization": 115435000,
    "ebitda": 404288000,
    "ebitdaratio": 0.0689197485,
    "operatingIncome": 342715000,
    "operatingIncomeRatio": 0.0584232814,
    "totalOtherIncomeExpensesNet": -91078000,
    "incomeBeforeTax": 251637000,
    "incomeBeforeTaxRatio": 0.0428970406,
    "incomeTaxExpense": 57245000,
    "netIncome": 194392000,
    "netIncomeRatio": 0.033138376,
    "eps": 1.4,
    "epsdiluted": 1.4,
    "weightedAverageShsOut": 138783000,
    "weightedAverageShsOutDil": 139200000,
    "link": "https://www.sec.gov/Archives/edgar/data/40987/000004098725000070/0000040987-25-000070-index.htm",
    "finalLink": "https://www.sec.gov/Archives/edgar/data/40987/000004098725000070/gpc-20250331.htm"
  },
  {
    "date": "2024-12-31",
    "symbol": "GPC",
    "reportedCurrency": "USD",
    "cik": "0000040987",
    "fillingDate": "2025-02-21",
    "acceptedDate": "2025-02-21 11:43:45",
    "calendarYear": "2024",
    "period": "Q4",
    "revenue": 5770173000,
    "costOfRevenue": 3699957000,
    "grossProfit": 2070216000,
    "grossProfitRatio": 0.3587788442,
    "researchAndDevelopmentExpenses": 0,
    "generalAndAdministrativeExpenses": 0,
    "sellingAndMarketingExpenses": 0,
    "sellingGeneralAndAdministrativeExpenses": 1698117000,
    "otherExpenses": 123123000,
    "operatingExpenses": 1821240000,
    "costAndExpenses": 5521197000,
    "interestIncome": 0,
    "interestExpense": 29398000,
    "depreciationAndAmortization": 112130000,
    "ebitda": 308521000,
    "ebitdaratio": 0.0534682409,
    "operatingIncome": 248976000,
    "operatingIncomeRatio": 0.0431487929,
    "totalOtherIncomeExpensesNet": -81983000,
    "incomeBeforeTax": 166993000,
    "incomeBeforeTaxRatio": 0.0289407267,
    "incomeTaxExpense": 33937000,
    "netIncome": 133056000,
    "netIncomeRatio": 0.023059274,
    "eps": 0.96,
    "epsdiluted": 0.96,
    "weightedAverageShsOut": 138858000,
    "weightedAverageShsOutDil": 139272000,
    "link": "https://www.sec.gov/Archives/edgar/data/40987/000004098725000026/0000040987-25-000026-index.htm",
    "finalLink": "https://www.sec.gov/Archives/edgar/data/40987/000004098725000026/gpc-20241231.htm"
  },
  {
    "date": "2024-09-30",
    "symbol": "GPC",
    "reportedCurrency": "USD",
    "cik": "0000040987",
    "fillingDate": "2024-10-22",
    "acceptedDate": "2024-10-22 13:20:28",
    "calendarYear": "2024",
    "period": "Q3",
    "revenue": 5970198000,
    "costOfRevenue": 3771757000,
    "grossProfit": 2198441000,
    "grossProfitRatio": 0.3682358609,
    "researchAndDevelopmentExpenses": 0,
    "generalAndAdministrativeExpenses": 0,
    "sellingAndMarketingExpenses": 0,
    "sellingGeneralAndAdministrativeExpenses": 1722400000,
    "otherExpenses": 113155000,
    "operatingExpenses": 1835555000,
    "costAndExpenses": 5607312000,
    "interestIncome": 0,
    "interestExpense": 27818000,
    "depreciationAndAmortization": 106036000,
    "ebitda": 431447000,
    "ebitdaratio": 0.0722667824,
    "operatingIncome": 362886000,
    "operatingIncomeRatio": 0.0607829087,
    "totalOtherIncomeExpensesNet": -65293000,
    "incomeBeforeTax": 297593000,
    "incomeBeforeTaxRatio": 0.0498464205,
    "incomeTaxExpense": 71011000,
    "netIncome": 226582000,
    "netIncomeRatio": 0.0379521751,
    "eps": 1.63,
    "epsdiluted": 1.62,
    "weightedAverageShsOut": 139193000,
    "weightedAverageShsOutDil": 139599000,
    "link": "https://www.sec.gov/Archives/edgar/data/40987/000004098724000210/0000040987-24-000210-index.htm",
    "finalLink": "https://www.sec.gov/Archives/edgar/data/40987/000004098724000210/gpc-20240930.htm"
  },
  {
    "date": "2024-06-30",
    "symbol": "GPC",
    "reportedCurrency": "USD",
    "cik": "0000040987",
    "fillingDate": "2024-07-23",
    "acceptedDate": "2024-07-23 12:31:44",
    "calendarYear": "2024",
    "period": "Q2",
    "revenue": 5962567000,
    "costOfRevenue": 3782264000,
    "grossProfit": 2180303000,
    "grossProfitRatio": 0.3656651573,
    "researchAndDevelopmentExpenses": 0,
    "generalAndAdministrativeExpenses": 0,
    "sellingAndMarketingExpenses": 0,
    "sellingGeneralAndAdministrativeExpenses": 1653134000,
    "otherExpenses": 104880000,
    "operatingExpenses": 1752336000,
    "costAndExpenses": 5534600000,
    "interestIncome": 0,
    "interestExpense": 21921000,
    "depreciationAndAmortization": 99202000,
    "ebitda": 507324000,
    "ebitdaratio": 0.0850848301,
    "operatingIncome": 427967000,
    "operatingIncomeRatio": 0.0717756295,
    "totalOtherIncomeExpensesNet": -41766000,
    "incomeBeforeTax": 386201000,
    "incomeBeforeTaxRatio": 0.0647709284,
    "incomeTaxExpense": 90657000,
    "netIncome": 295544000,
    "netIncomeRatio": 0.0495665709,
    "eps": 2.12,
    "epsdiluted": 2.11,
    "weightedAverageShsOut": 139358000,
    "weightedAverageShsOutDil": 139829000,
    "link": "https://www.sec.gov/Archives/edgar/data/40987/000004098724000178/0000040987-24-000178-index.htm",
    "finalLink": "https://www.sec.gov/Archives/edgar/data/40987/000004098724000178/gpc-20240630.htm"
  },
  {
    "date": "2024-03-31",
    "symbol": "GPC",
    "reportedCurrency": "USD",
    "cik": "0000040987",
    "fillingDate": "2024-04-18",
    "acceptedDate": "2024-04-18 10:17:36",
    "calendarYear": "2024",
    "period": "Q1",
    "revenue": 5783631000,
    "costOfRevenue": 3708976000,
    "grossProfit": 2074655000,
    "grossProfitRatio": 0.3587115084,
    "researchAndDevelopmentExpenses": 0,
    "generalAndAdministrativeExpenses": 0,
    "sellingAndMarketingExpenses": 0,
    "sellingGeneralAndAdministrativeExpenses": 1574927000,
    "otherExpenses": 96821000,
    "operatingExpenses": 1671748000,
    "costAndExpenses": 5380724000,
    "interestIncome": 0,
    "interestExpense": 17690000,
    "depreciationAndAmortization": 90610000,
    "ebitda": 433481000,
    "ebitdaratio": 0.0749496294,
    "operatingIncome": 402907000,
    "operatingIncomeRatio": 0.0696633309,
    "totalOtherIncomeExpensesNet": -77726000,
    "incomeBeforeTax": 325181000,
    "incomeBeforeTaxRatio": 0.0562243684,
    "incomeTaxExpense": 76287000,
    "netIncome": 248894000,
    "netIncomeRatio": 0.0430342116,
    "eps": 1.79,
    "epsdiluted": 1.78,
    "weightedAverageShsOut": 139828089,
    "weightedAverageShsOutDil": 139828089,
    "link": "https://www.sec.gov/Archives/edgar/data/40987/000004098724000068/0000040987-24-000068-index.htm",
    "finalLink": "https://www.sec.gov/Archives/edgar/data/40987/000004098724000068/gpc-20240331.htm"
  },
  {
    "date": "2023-12-31",
    "symbol": "GPC",
    "reportedCurrency": "USD",
    "cik": "0000040987",
    "fillingDate": "2024-02-22",
    "acceptedDate": "2024-02-22 13:13:47",
    "calendarYear": "2023",
    "period": "Q4",
    "revenue": 5585884000,
    "costOfRevenue": 3552597000,
    "grossProfit": 2033287000,
    "grossProfitRatio": 0.3640045157,
    "researchAndDevelopmentExpenses": 0,
    "generalAndAdministrativeExpenses": 1292016000,
    "sellingAndMarketingExpenses": 234000000,
    "sellingGeneralAndAdministrativeExpenses": 1526016000,
    "otherExpenses": 92150000,
    "operatingExpenses": 1614597000,
    "costAndExpenses": 5167194000,
    "interestIncome": 0,
    "interestExpense": 15323000,
    "depreciationAndAmortization": 88581000,
    "ebitda": 522697000,
    "ebitdaratio": 0.0935746249,
    "operatingIncome": 418690000,
    "operatingIncomeRatio": 0.0749550116,
    "totalOtherIncomeExpensesNet": 103000,
    "incomeBeforeTax": 418793000,
    "incomeBeforeTaxRatio": 0.0749734509,
    "incomeTaxExpense": 101918000,
    "netIncome": 316875000,
    "netIncomeRatio": 0.056727816,
    "eps": 2.27,
    "epsdiluted": 2.26,
    "weightedAverageShsOut": 139766000,
    "weightedAverageShsOutDil": 140359000,
    "link": "https://www.sec.gov/Archives/edgar/data/40987/000004098724000024/0000040987-24-000024-index.htm",
    "finalLink": "https://www.sec.gov/Archives/edgar/data/40987/000004098724000024/gpc-20231231.htm"
  },
  {
    "date": "2023-09-30",
    "symbol": "GPC",
    "reportedCurrency": "USD",
    "cik": "0000040987",
    "fillingDate": "2023-10-19",
    "acceptedDate": "2023-10-19 12:24:52",
    "calendarYear": "2023",
    "period": "Q3",
    "revenue": 5824602000,
    "costOfRevenue": 3715361000,
    "grossProfit": 2109241000,
    "grossProfitRatio": 0.3621262019,
    "researchAndDevelopmentExpenses": 0,
    "generalAndAdministrativeExpenses": 0,
    "sellingAndMarketingExpenses": 0,
    "sellingGeneralAndAdministrativeExpenses": 1551799000,
    "otherExpenses": 92277000,
    "operatingExpenses": 1644076000,
    "costAndExpenses": 5359437000,
    "interestIncome": 0,
    "interestExpense": 15827000,
    "depreciationAndAmortization": 83860000,
    "ebitda": 564747000,
    "ebitdaratio": 0.0969588995,
    "operatingIncome": 465165000,
    "operatingIncomeRatio": 0.079862109,
    "totalOtherIncomeExpensesNet": -105000,
    "incomeBeforeTax": 465060000,
    "incomeBeforeTaxRatio": 0.0798440821,
    "incomeTaxExpense": 113862000,
    "netIncome": 351198000,
    "netIncomeRatio": 0.0602956219,
    "eps": 2.5,
    "epsdiluted": 2.49,
    "weightedAverageShsOut": 140335000,
    "weightedAverageShsOutDil": 140934000,
    "link": "https://www.sec.gov/Archives/edgar/data/40987/000004098723000086/0000040987-23-000086-index.htm",
    "finalLink": "https://www.sec.gov/Archives/edgar/data/40987/000004098723000086/gpc-20230930.htm"
  },
  {
    "date": "2023-06-30",
    "symbol": "GPC",
    "reportedCurrency": "USD",
    "cik": "0000040987",
    "fillingDate": "2023-07-20",
    "acceptedDate": "2023-07-20 13:32:22",
    "calendarYear": "2023",
    "period": "Q2",
    "revenue": 5915006000,
    "costOfRevenue": 3780263000,
    "grossProfit": 2134743000,
    "grossProfitRatio": 0.3609029306,
    "researchAndDevelopmentExpenses": 0,
    "generalAndAdministrativeExpenses": 0,
    "sellingAndMarketingExpenses": 0,
    "sellingGeneralAndAdministrativeExpenses": 1581653000,
    "otherExpenses": 99195000,
    "operatingExpenses": 1680848000,
    "costAndExpenses": 5461111000,
    "interestIncome": 0,
    "interestExpense": 16455000,
    "depreciationAndAmortization": 90873000,
    "ebitda": 561417000,
    "ebitdaratio": 0.0949140204,
    "operatingIncome": 453895000,
    "operatingIncomeRatio": 0.0767361859,
    "totalOtherIncomeExpensesNet": 194000,
    "incomeBeforeTax": 454089000,
    "incomeBeforeTaxRatio": 0.0767689838,
    "incomeTaxExpense": 109595000,
    "netIncome": 344494000,
    "netIncomeRatio": 0.0582406848,
    "eps": 2.45,
    "epsdiluted": 2.44,
    "weightedAverageShsOut": 140574000,
    "weightedAverageShsOutDil": 141247000,
    "link": "https://www.sec.gov/Archives/edgar/data/40987/000004098723000057/0000040987-23-000057-index.htm",
    "finalLink": "https://www.sec.gov/Archives/edgar/data/40987/000004098723000057/gpc-20230630.htm"
  },
  {
    "date": "2023-03-31",
    "symbol": "GPC",
    "reportedCurrency": "USD",
    "cik": "0000040987",
    "fillingDate": "2023-04-20",
    "acceptedDate": "2023-04-20 12:02:30",
    "calendarYear": "2023",
    "period": "Q1",
    "revenue": 5765118000,
    "costOfRevenue": 3751717000,
    "grossProfit": 2013401000,
    "grossProfitRatio": 0.3492384718,
    "researchAndDevelopmentExpenses": 0,
    "generalAndAdministrativeExpenses": 0,
    "sellingAndMarketingExpenses": 0,
    "sellingGeneralAndAdministrativeExpenses": 1511244000,
    "otherExpenses": 92854000,
    "operatingExpenses": 1604098000,
    "costAndExpenses": 5355815000,
    "interestIncome": 0,
    "interestExpense": 16864000,
    "depreciationAndAmortization": 87215000,
    "ebitda": 508485000,
    "ebitdaratio": 0.0882002762,
    "operatingIncome": 409303000,
    "operatingIncomeRatio": 0.0709964653,
    "totalOtherIncomeExpensesNet": -4897000,
    "incomeBeforeTax": 404406000,
    "incomeBeforeTaxRatio": 0.0701470464,
    "incomeTaxExpense": 100449000,
    "netIncome": 303957000,
    "netIncomeRatio": 0.0527234655,
    "eps": 2.16,
    "epsdiluted": 2.14,
    "weightedAverageShsOut": 140804000,
    "weightedAverageShsOutDil": 141725000,
    "link": "https://www.sec.gov/Archives/edgar/data/40987/000004098723000015/0000040987-23-000015-index.htm",
    "finalLink": "https://www.sec.gov/Archives/edgar/data/40987/000004098723000015/gpc-20230331.htm"
  },
  {
    "date": "2022-12-31",
    "symbol": "GPC",
    "reportedCurrency": "USD",
    "cik": "0000040987",
    "fillingDate": "2023-02-23",
    "acceptedDate": "2023-02-23 14:29:01",
    "calendarYear": "2022",
    "period": "Q4",
    "revenue": 5523650000,
    "costOfRevenue": 3549959000,
    "grossProfit": 1973691000,
    "grossProfitRatio": 0.3573164484,
    "researchAndDevelopmentExpenses": 0,
    "generalAndAdministrativeExpenses": 1295883000,
    "sellingAndMarketingExpenses": 236000000,
    "sellingGeneralAndAdministrativeExpenses": 1531883000,
    "otherExpenses": 94249000,
    "operatingExpenses": 1626132000,
    "costAndExpenses": 5176091000,
    "interestIncome": 0,
    "interestExpense": 15569000,
    "depreciationAndAmortization": 87997000,
    "ebitda": 440949000,
    "ebitdaratio": 0.0798292796,
    "operatingIncome": 347559000,
    "operatingIncomeRatio": 0.0629219809,
    "totalOtherIncomeExpensesNet": -10176000,
    "incomeBeforeTax": 337383000,
    "incomeBeforeTaxRatio": 0.0610797208,
    "incomeTaxExpense": 85407000,
    "netIncome": 251976000,
    "netIncomeRatio": 0.0456176622,
    "eps": 1.79,
    "epsdiluted": 1.77,
    "weightedAverageShsOut": 141049000,
    "weightedAverageShsOutDil": 141972000,
    "link": "https://www.sec.gov/Archives/edgar/data/40987/000004098723000008/0000040987-23-000008-index.htm",
    "finalLink": "https://www.sec.gov/Archives/edgar/data/40987/000004098723000008/gpc-20221231.htm"
  },
  {
    "date": "2022-09-30",
    "symbol": "GPC",
    "reportedCurrency": "USD",
    "cik": "0000040987",
    "fillingDate": "2022-10-20",
    "acceptedDate": "2022-10-20 13:42:31",
    "calendarYear": "2022",
    "period": "Q3",
    "revenue": 5675274000,
    "costOfRevenue": 3695607000,
    "grossProfit": 1979667000,
    "grossProfitRatio": 0.3488231581,
    "researchAndDevelopmentExpenses": 0,
    "generalAndAdministrativeExpenses": 0,
    "sellingAndMarketingExpenses": 0,
    "sellingGeneralAndAdministrativeExpenses": 1458418000,
    "otherExpenses": 92709000,
    "operatingExpenses": 1551127000,
    "costAndExpenses": 5246734000,
    "interestIncome": 0,
    "interestExpense": 18220000,
    "depreciationAndAmortization": 86563000,
    "ebitda": 522719000,
    "ebitdaratio": 0.0921046279,
    "operatingIncome": 428540000,
    "operatingIncomeRatio": 0.0755100106,
    "totalOtherIncomeExpensesNet": -10604000,
    "incomeBeforeTax": 417936000,
    "incomeBeforeTaxRatio": 0.0736415546,
    "incomeTaxExpense": 105578000,
    "netIncome": 312358000,
    "netIncomeRatio": 0.0550383999,
    "eps": 2.21,
    "epsdiluted": 2.2,
    "weightedAverageShsOut": 141336000,
    "weightedAverageShsOutDil": 142109000,
    "link": "https://www.sec.gov/Archives/edgar/data/40987/000004098722000040/0000040987-22-000040-index.htm",
    "finalLink": "https://www.sec.gov/Archives/edgar/data/40987/000004098722000040/gpc-20220930.htm"
  },
  {
    "date": "2022-06-30",
    "symbol": "GPC",
    "reportedCurrency": "USD",
    "cik": "0000040987",
    "fillingDate": "2022-07-27",
    "acceptedDate": "2022-07-27 13:23:41",
    "calendarYear": "2022",
    "period": "Q2",
    "revenue": 5602414000,
    "costOfRevenue": 3641615000,
    "grossProfit": 1960799000,
    "grossProfitRatio": 0.3499918071,
    "researchAndDevelopmentExpenses": 0,
    "generalAndAdministrativeExpenses": 0,
    "sellingAndMarketingExpenses": 0,
    "sellingGeneralAndAdministrativeExpenses": 1364015000,
    "otherExpenses": 88789000,
    "operatingExpenses": 1452804000,
    "costAndExpenses": 5094419000,
    "interestIncome": 0,
    "interestExpense": 20248000,
    "depreciationAndAmortization": 85890000,
    "ebitda": 597705000,
    "ebitdaratio": 0.106687046,
    "operatingIncome": 507995000,
    "operatingIncomeRatio": 0.0906743058,
    "totalOtherIncomeExpensesNet": -16428000,
    "incomeBeforeTax": 491567000,
    "incomeBeforeTaxRatio": 0.0877419984,
    "incomeTaxExpense": 119038000,
    "netIncome": 372529000,
    "netIncomeRatio": 0.0664943719,
    "eps": 2.63,
    "epsdiluted": 2.62,
    "weightedAverageShsOut": 141581000,
    "weightedAverageShsOutDil": 142304000,
    "link": "https://www.sec.gov/Archives/edgar/data/40987/000004098722000031/0000040987-22-000031-index.htm",
    "finalLink": "https://www.sec.gov/Archives/edgar/data/40987/000004098722000031/gpc-20220630.htm"
  },
  {
    "date": "2022-03-31",
    "symbol": "GPC",
    "reportedCurrency": "USD",
    "cik": "0000040987",
    "fillingDate": "2022-04-21",
    "acceptedDate": "2022-04-21 13:47:11",
    "calendarYear": "2022",
    "period": "Q1",
    "revenue": 5294635000,
    "costOfRevenue": 3468688000,
    "grossProfit": 1825947000,
    "grossProfitRatio": 0.3448673988,
    "researchAndDevelopmentExpenses": 0,
    "generalAndAdministrativeExpenses": 0,
    "sellingAndMarketingExpenses": 0,
    "sellingGeneralAndAdministrativeExpenses": 1403979000,
    "otherExpenses": 91863000,
    "operatingExpenses": 1495842000,
    "costAndExpenses": 4964530000,
    "interestIncome": 0,
    "interestExpense": 19850000,
    "depreciationAndAmortization": 87369000,
    "ebitda": 432935000,
    "ebitdaratio": 0.0817686205,
    "operatingIncome": 330105000,
    "operatingIncomeRatio": 0.062347074,
    "totalOtherIncomeExpensesNet": -4389000,
    "incomeBeforeTax": 325716000,
    "incomeBeforeTaxRatio": 0.0615181216,
    "incomeTaxExpense": 79878000,
    "netIncome": 245838000,
    "netIncomeRatio": 0.0464315293,
    "eps": 1.73,
    "epsdiluted": 1.72,
    "weightedAverageShsOut": 141916000,
    "weightedAverageShsOutDil": 142842000,
    "link": "https://www.sec.gov/Archives/edgar/data/40987/000004098722000021/0000040987-22-000021-index.htm",
    "finalLink": "https://www.sec.gov/Archives/edgar/data/40987/000004098722000021/gpc-20220331.htm"
  },
  {
    "date": "2021-12-31",
    "symbol": "GPC",
    "reportedCurrency": "USD",
    "cik": "0000040987",
    "fillingDate": "2022-02-17",
    "acceptedDate": "2022-02-17 15:05:47",
    "calendarYear": "2021",
    "period": "Q4",
    "revenue": 4803209000,
    "costOfRevenue": 3109760000,
    "grossProfit": 1693449000,
    "grossProfitRatio": 0.3525661698,
    "researchAndDevelopmentExpenses": 61063000,
    "generalAndAdministrativeExpenses": 1068265000,
    "sellingAndMarketingExpenses": 211000000,
    "sellingGeneralAndAdministrativeExpenses": 1279265000,
    "otherExpenses": 15040000,
    "operatingExpenses": 1355368000,
    "costAndExpenses": 4465128000,
    "interestIncome": 0,
    "interestExpense": 12023000,
    "depreciationAndAmortization": 72594000,
    "ebitda": 430523000,
    "ebitdaratio": 0.0896323687,
    "operatingIncome": 338081000,
    "operatingIncomeRatio": 0.0703864854,
    "totalOtherIncomeExpensesNet": 7825000,
    "incomeBeforeTax": 345906000,
    "incomeBeforeTaxRatio": 0.0720156046,
    "incomeTaxExpense": 89907000,
    "netIncome": 255999000,
    "netIncomeRatio": 0.0532974934,
    "eps": 1.8,
    "epsdiluted": 1.79,
    "weightedAverageShsOut": 142275000,
    "weightedAverageShsOutDil": 143053000,
    "link": "https://www.sec.gov/Archives/edgar/data/40987/000004098722000013/0000040987-22-000013-index.htm",
    "finalLink": "https://www.sec.gov/Archives/edgar/data/40987/000004098722000013/gpc-20211231.htm"
  },
  {
    "date": "2021-09-30",
    "symbol": "GPC",
    "reportedCurrency": "USD",
    "cik": "0000040987",
    "fillingDate": "2021-10-21",
    "acceptedDate": "2021-10-21 13:56:52",
    "calendarYear": "2021",
    "period": "Q3",
    "revenue": 4818849000,
    "costOfRevenue": 3108082000,
    "grossProfit": 1710767000,
    "grossProfitRatio": 0.3550156894,
    "researchAndDevelopmentExpenses": 0,
    "generalAndAdministrativeExpenses": 0,
    "sellingAndMarketingExpenses": 0,
    "sellingGeneralAndAdministrativeExpenses": 1338768000,
    "otherExpenses": 76405000,
    "operatingExpenses": 1415173000,
    "costAndExpenses": 4523255000,
    "interestIncome": 0,
    "interestExpense": 14167000,
    "depreciationAndAmortization": 72121000,
    "ebitda": 385262000,
    "ebitdaratio": 0.0799489671,
    "operatingIncome": 295594000,
    "operatingIncomeRatio": 0.0613412041,
    "totalOtherIncomeExpensesNet": 3380000,
    "incomeBeforeTax": 298974000,
    "incomeBeforeTaxRatio": 0.0620426164,
    "incomeTaxExpense": 70389000,
    "netIncome": 228585000,
    "netIncomeRatio": 0.0474356013,
    "eps": 1.6,
    "epsdiluted": 1.59,
    "weightedAverageShsOut": 142871000,
    "weightedAverageShsOutDil": 143589000,
    "link": "https://www.sec.gov/Archives/edgar/data/40987/000004098721000039/0000040987-21-000039-index.htm",
    "finalLink": "https://www.sec.gov/Archives/edgar/data/40987/000004098721000039/gpc-20210930.htm"
  },
  {
    "date": "2021-06-30",
    "symbol": "GPC",
    "reportedCurrency": "USD",
    "cik": "0000040987",
    "fillingDate": "2021-07-22",
    "acceptedDate": "2021-07-22 13:19:49",
    "calendarYear": "2021",
    "period": "Q2",
    "revenue": 4783738000,
    "costOfRevenue": 3094633000,
    "grossProfit": 1689105000,
    "grossProfitRatio": 0.3530931251,
    "researchAndDevelopmentExpenses": 0,
    "generalAndAdministrativeExpenses": 0,
    "sellingAndMarketingExpenses": 0,
    "sellingGeneralAndAdministrativeExpenses": 1349309000,
    "otherExpenses": 78997000,
    "operatingExpenses": 1428306000,
    "costAndExpenses": 4522939000,
    "interestIncome": 0,
    "interestExpense": 15362000,
    "depreciationAndAmortization": 73960000,
    "ebitda": 358929000,
    "ebitdaratio": 0.075031074,
    "operatingIncome": 260799000,
    "operatingIncomeRatio": 0.0545178269,
    "totalOtherIncomeExpensesNet": 8808000,
    "incomeBeforeTax": 269607000,
    "incomeBeforeTaxRatio": 0.0563590648,
    "incomeTaxExpense": 73111000,
    "netIncome": 196496000,
    "netIncomeRatio": 0.0410758281,
    "eps": 1.36,
    "epsdiluted": 1.36,
    "weightedAverageShsOut": 144211000,
    "weightedAverageShsOutDil": 144983000,
    "link": "https://www.sec.gov/Archives/edgar/data/40987/000004098721000032/0000040987-21-000032-index.htm",
    "finalLink": "https://www.sec.gov/Archives/edgar/data/40987/000004098721000032/gpc-20210630.htm"
  },
  {
    "date": "2021-03-31",
    "symbol": "GPC",
    "reportedCurrency": "USD",
    "cik": "0000040987",
    "fillingDate": "2021-04-22",
    "acceptedDate": "2021-04-22 14:16:51",
    "calendarYear": "2021",
    "period": "Q1",
    "revenue": 4464714000,
    "costOfRevenue": 2923899000,
    "grossProfit": 1540815000,
    "grossProfitRatio": 0.3451094516,
    "researchAndDevelopmentExpenses": 0,
    "generalAndAdministrativeExpenses": 0,
    "sellingAndMarketingExpenses": 0,
    "sellingGeneralAndAdministrativeExpenses": 1195164000,
    "otherExpenses": 77205000,
    "operatingExpenses": 1272369000,
    "costAndExpenses": 4196268000,
    "interestIncome": 0,
    "interestExpense": 18324000,
    "depreciationAndAmortization": 72296000,
    "ebitda": 376479000,
    "ebitdaratio": 0.0843232064,
    "operatingIncome": 268446000,
    "operatingIncomeRatio": 0.0601261357,
    "totalOtherIncomeExpensesNet": 17413000,
    "incomeBeforeTax": 285859000,
    "incomeBeforeTaxRatio": 0.0640262736,
    "incomeTaxExpense": 68149000,
    "netIncome": 217710000,
    "netIncomeRatio": 0.0487623619,
    "eps": 1.51,
    "epsdiluted": 1.5,
    "weightedAverageShsOut": 144413000,
    "weightedAverageShsOutDil": 145300000,
    "link": "https://www.sec.gov/Archives/edgar/data/40987/000004098721000018/0000040987-21-000018-index.htm",
    "finalLink": "https://www.sec.gov/Archives/edgar/data/40987/000004098721000018/gpc-20210331.htm"
  },
  {
    "date": "2020-12-31",
    "symbol": "GPC",
    "reportedCurrency": "USD",
    "cik": "0000040987",
    "fillingDate": "2021-02-19",
    "acceptedDate": "2021-02-19 15:52:51",
    "calendarYear": "2020",
    "period": "Q4",
    "revenue": 4251594000,
    "costOfRevenue": 2803484000,
    "grossProfit": 1448110000,
    "grossProfitRatio": 0.3406040182,
    "researchAndDevelopmentExpenses": 0,
    "generalAndAdministrativeExpenses": 1232743000,
    "sellingAndMarketingExpenses": -100446000,
    "sellingGeneralAndAdministrativeExpenses": 1132297000,
    "otherExpenses": 69883000,
    "operatingExpenses": 1202180000,
    "costAndExpenses": 4005664000,
    "interestIncome": 0,
    "interestExpense": 21495000,
    "depreciationAndAmortization": 69758000,
    "ebitda": 316799000,
    "ebitdaratio": 0.0745129944,
    "operatingIncome": 245930000,
    "operatingIncomeRatio": 0.0578441874,
    "totalOtherIncomeExpensesNet": -20384000,
    "incomeBeforeTax": 225546000,
    "incomeBeforeTaxRatio": 0.0530497503,
    "incomeTaxExpense": 53914000,
    "netIncome": 171204000,
    "netIncomeRatio": 0.0402681912,
    "eps": 1.19,
    "epsdiluted": 1.18,
    "weightedAverageShsOut": 144313000,
    "weightedAverageShsOutDil": 145160000,
    "link": "https://www.sec.gov/Archives/edgar/data/40987/000004098721000009/0000040987-21-000009-index.htm",
    "finalLink": "https://www.sec.gov/Archives/edgar/data/40987/000004098721000009/gpc-20201231.htm"
  },
  {
    "date": "2020-09-30",
    "symbol": "GPC",
    "reportedCurrency": "USD",
    "cik": "0000040987",
    "fillingDate": "2020-10-22",
    "acceptedDate": "2020-10-22 14:58:24",
    "calendarYear": "2020",
    "period": "Q3",
    "revenue": 4370086000,
    "costOfRevenue": 2842020000,
    "grossProfit": 1528066000,
    "grossProfitRatio": 0.3496649723,
    "researchAndDevelopmentExpenses": 0,
    "generalAndAdministrativeExpenses": 0,
    "sellingAndMarketingExpenses": 0,
    "sellingGeneralAndAdministrativeExpenses": 1140156000,
    "otherExpenses": 74730000,
    "operatingExpenses": 1214886000,
    "costAndExpenses": 4056906000,
    "interestIncome": 0,
    "interestExpense": 25788000,
    "depreciationAndAmortization": 69097000,
    "ebitda": 392550000,
    "ebitdaratio": 0.0898266075,
    "operatingIncome": 313180000,
    "operatingIncomeRatio": 0.0716644936,
    "totalOtherIncomeExpensesNet": -15515000,
    "incomeBeforeTax": 297665000,
    "incomeBeforeTaxRatio": 0.0681142202,
    "incomeTaxExpense": 64747000,
    "netIncome": 227531000,
    "netIncomeRatio": 0.0520655658,
    "eps": 1.58,
    "epsdiluted": 1.57,
    "weightedAverageShsOut": 144273000,
    "weightedAverageShsOutDil": 145035000,
    "link": "https://www.sec.gov/Archives/edgar/data/40987/000004098720000044/0000040987-20-000044-index.htm",
    "finalLink": "https://www.sec.gov/Archives/edgar/data/40987/000004098720000044/gpc-20200930.htm"
  },
  {
    "date": "2020-06-30",
    "symbol": "GPC",
    "reportedCurrency": "USD",
    "cik": "0000040987",
    "fillingDate": "2020-07-30",
    "acceptedDate": "2020-07-30 18:41:09",
    "calendarYear": "2020",
    "period": "Q2",
    "revenue": 3823227000,
    "costOfRevenue": 2532740000,
    "grossProfit": 1290487000,
    "grossProfitRatio": 0.3375386813,
    "researchAndDevelopmentExpenses": 0,
    "generalAndAdministrativeExpenses": 0,
    "sellingAndMarketingExpenses": 0,
    "sellingGeneralAndAdministrativeExpenses": 971589000,
    "otherExpenses": 78033000,
    "operatingExpenses": 1049622000,
    "costAndExpenses": 3582362000,
    "interestIncome": 0,
    "interestExpense": 25465000,
    "depreciationAndAmortization": 66733000,
    "ebitda": -212238000,
    "ebitdaratio": -0.0555127906,
    "operatingIncome": 240865000,
    "operatingIncomeRatio": 0.0630004444,
    "totalOtherIncomeExpensesNet": -545301000,
    "incomeBeforeTax": -304436000,
    "incomeBeforeTaxRatio": -0.079628021,
    "incomeTaxExpense": 59065000,
    "netIncome": -564372000,
    "netIncomeRatio": -0.14761666,
    "eps": -3.91,
    "epsdiluted": -3.91,
    "weightedAverageShsOut": 144246428,
    "weightedAverageShsOutDil": 144262000,
    "link": "https://www.sec.gov/Archives/edgar/data/40987/000004098720000036/0000040987-20-000036-index.htm",
    "finalLink": "https://www.sec.gov/Archives/edgar/data/40987/000004098720000036/gpc-20200630.htm"
  },
  {
    "date": "2020-03-31",
    "symbol": "GPC",
    "reportedCurrency": "USD",
    "cik": "0000040987",
    "fillingDate": "2020-05-06",
    "acceptedDate": "2020-05-06 15:22:30",
    "calendarYear": "2020",
    "period": "Q1",
    "revenue": 4092526000,
    "costOfRevenue": 2704348000,
    "grossProfit": 1388178000,
    "grossProfitRatio": 0.3391983337,
    "researchAndDevelopmentExpenses": 0,
    "generalAndAdministrativeExpenses": 0,
    "sellingAndMarketingExpenses": 0,
    "sellingGeneralAndAdministrativeExpenses": 1142697000,
    "otherExpenses": 73773000,
    "operatingExpenses": 1216470000,
    "costAndExpenses": 3920818000,
    "interestIncome": 0,
    "interestExpense": 20965000,
    "depreciationAndAmortization": 67254000,
    "ebitda": 248812000,
    "ebitdaratio": 0.0607966816,
    "operatingIncome": 171708000,
    "operatingIncomeRatio": 0.0419564836,
    "totalOtherIncomeExpensesNet": -11115000,
    "incomeBeforeTax": 160593000,
    "incomeBeforeTaxRatio": 0.0392405571,
    "incomeTaxExpense": 38247000,
    "netIncome": 136535000,
    "netIncomeRatio": 0.0333620361,
    "eps": 0.94,
    "epsdiluted": 0.94,
    "weightedAverageShsOut": 145052000,
    "weightedAverageShsOutDil": 145623000,
    "link": "https://www.sec.gov/Archives/edgar/data/40987/000004098720000025/0000040987-20-000025-index.htm",
    "finalLink": "https://www.sec.gov/Archives/edgar/data/40987/000004098720000025/gpc-20200331.htm"
  },
  {
    "date": "2019-12-31",
    "symbol": "GPC",
    "reportedCurrency": "USD",
    "cik": "0000040987",
    "fillingDate": "2020-02-21",
    "acceptedDate": "2020-02-21 12:58:42",
    "calendarYear": "2019",
    "period": "Q4",
    "revenue": 4279890000,
    "costOfRevenue": 3121095000,
    "grossProfit": 1585094000,
    "grossProfitRatio": 0.370358584,
    "researchAndDevelopmentExpenses": 0,
    "generalAndAdministrativeExpenses": 927369000,
    "sellingAndMarketingExpenses": 201600000,
    "sellingGeneralAndAdministrativeExpenses": 1128969000,
    "otherExpenses": 391840000,
    "operatingExpenses": 1520809000,
    "costAndExpenses": 4641904000,
    "interestIncome": 0,
    "interestExpense": 27688000,
    "depreciationAndAmortization": 73235000,
    "ebitda": 107408000,
    "ebitdaratio": 0.0250959721,
    "operatingIncome": 258437000,
    "operatingIncomeRatio": 0.0603840286,
    "totalOtherIncomeExpensesNet": -246311000,
    "incomeBeforeTax": 101190000,
    "incomeBeforeTaxRatio": 0.023643131,
    "incomeTaxExpense": 22174000,
    "netIncome": 8918000,
    "netIncomeRatio": 0.0020836984,
    "eps": 0.06,
    "epsdiluted": 0.06,
    "weightedAverageShsOut": 145325000,
    "weightedAverageShsOutDil": 146105000,
    "link": "https://www.sec.gov/Archives/edgar/data/40987/000004098720000010/0000040987-20-000010-index.htm",
    "finalLink": "https://www.sec.gov/Archives/edgar/data/40987/000004098720000010/gpc-12312019x10k.htm"
  },
  {
    "date": "2019-09-30",
    "symbol": "GPC",
    "reportedCurrency": "USD",
    "cik": "0000040987",
    "fillingDate": "2019-10-18",
    "acceptedDate": "2019-10-18 12:05:57",
    "calendarYear": "2019",
    "period": "Q3",
    "revenue": 4525284000,
    "costOfRevenue": 3020051000,
    "grossProfit": 1505233000,
    "grossProfitRatio": 0.3326273003,
    "researchAndDevelopmentExpenses": 0,
    "generalAndAdministrativeExpenses": 1269893000,
    "sellingAndMarketingExpenses": 0,
    "sellingGeneralAndAdministrativeExpenses": 1175699000,
    "otherExpenses": -5262000,
    "operatingExpenses": 1170437000,
    "costAndExpenses": 4262609000,
    "interestIncome": 0,
    "interestExpense": 26451000,
    "depreciationAndAmortization": 65667000,
    "ebitda": 375997000,
    "ebitdaratio": 0.0830880449,
    "operatingIncome": 281261000,
    "operatingIncomeRatio": 0.0621532262,
    "totalOtherIncomeExpensesNet": 21204000,
    "incomeBeforeTax": 283879000,
    "incomeBeforeTaxRatio": 0.0627317534,
    "incomeTaxExpense": 71623000,
    "netIncome": 227487000,
    "netIncomeRatio": 0.0502702151,
    "eps": 1.56,
    "epsdiluted": 1.56,
    "weightedAverageShsOut": 145572000,
    "weightedAverageShsOutDil": 146189000,
    "link": "https://www.sec.gov/Archives/edgar/data/40987/000004098719000055/0000040987-19-000055-index.htm",
    "finalLink": "https://www.sec.gov/Archives/edgar/data/40987/000004098719000055/gpc0930201910q.htm"
  },
  {
    "date": "2019-06-30",
    "symbol": "GPC",
    "reportedCurrency": "USD",
    "cik": "0000040987",
    "fillingDate": "2019-07-19",
    "acceptedDate": "2019-07-19 13:46:01",
    "calendarYear": "2019",
    "period": "Q2",
    "revenue": 4457931000,
    "costOfRevenue": 2975227000,
    "grossProfit": 1482704000,
    "grossProfitRatio": 0.3325991362,
    "researchAndDevelopmentExpenses": 0,
    "generalAndAdministrativeExpenses": 1216913000,
    "sellingAndMarketingExpenses": 0,
    "sellingGeneralAndAdministrativeExpenses": 1127296000,
    "otherExpenses": -930000,
    "operatingExpenses": 1126366000,
    "costAndExpenses": 4170720000,
    "interestIncome": 0,
    "interestExpense": 23262000,
    "depreciationAndAmortization": 59324000,
    "ebitda": 352978000,
    "ebitdaratio": 0.0791797809,
    "operatingIncome": 291319000,
    "operatingIncomeRatio": 0.0653484767,
    "totalOtherIncomeExpensesNet": -5012000,
    "incomeBeforeTax": 282199000,
    "incomeBeforeTaxRatio": 0.0633026846,
    "incomeTaxExpense": 72680000,
    "netIncome": 224430000,
    "netIncomeRatio": 0.0503439824,
    "eps": 1.54,
    "epsdiluted": 1.53,
    "weightedAverageShsOut": 146075000,
    "weightedAverageShsOutDil": 146736000,
    "link": "https://www.sec.gov/Archives/edgar/data/40987/000004098719000034/0000040987-19-000034-index.htm",
    "finalLink": "https://www.sec.gov/Archives/edgar/data/40987/000004098719000034/gpc0630201910q.htm"
  },
  {
    "date": "2019-03-31",
    "symbol": "GPC",
    "reportedCurrency": "USD",
    "cik": "0000040987",
    "fillingDate": "2019-04-19",
    "acceptedDate": "2019-04-19 13:56:50",
    "calendarYear": "2019",
    "period": "Q1",
    "revenue": 4736833000,
    "costOfRevenue": 3228665000,
    "grossProfit": 1508168000,
    "grossProfitRatio": 0.3183916342,
    "researchAndDevelopmentExpenses": 0,
    "generalAndAdministrativeExpenses": 1197220000,
    "sellingAndMarketingExpenses": 0,
    "sellingGeneralAndAdministrativeExpenses": 1197220000,
    "otherExpenses": 65946000,
    "operatingExpenses": 1263166000,
    "costAndExpenses": 4491831000,
    "interestIncome": 0,
    "interestExpense": 23854000,
    "depreciationAndAmortization": 61977000,
    "ebitda": 297372000,
    "ebitdaratio": 0.062778654,
    "operatingIncome": 245002000,
    "operatingIncomeRatio": 0.0517227439,
    "totalOtherIncomeExpensesNet": -26805000,
    "incomeBeforeTax": 211512000,
    "incomeBeforeTaxRatio": 0.0446526192,
    "incomeTaxExpense": 51262000,
    "netIncome": 160250000,
    "netIncomeRatio": 0.0338306206,
    "eps": 1.1,
    "epsdiluted": 1.09,
    "weightedAverageShsOut": 145981000,
    "weightedAverageShsOutDil": 146694000,
    "link": "https://www.sec.gov/Archives/edgar/data/40987/000004098719000023/0000040987-19-000023-index.htm",
    "finalLink": "https://www.sec.gov/Archives/edgar/data/40987/000004098719000023/gpc0331201910q.htm"
  },
  {
    "date": "2018-12-31",
    "symbol": "GPC",
    "reportedCurrency": "USD",
    "cik": "0000040987",
    "fillingDate": "2019-02-25",
    "acceptedDate": "2019-02-25 07:17:43",
    "calendarYear": "2018",
    "period": "Q4",
    "revenue": 4603792000,
    "costOfRevenue": 3061633000,
    "grossProfit": 1542159000,
    "grossProfitRatio": 0.3349758199,
    "researchAndDevelopmentExpenses": 0,
    "generalAndAdministrativeExpenses": 985761000,
    "sellingAndMarketingExpenses": 204700000,
    "sellingGeneralAndAdministrativeExpenses": 1214036000,
    "otherExpenses": 69580000,
    "operatingExpenses": 1283616000,
    "costAndExpenses": 4345249000,
    "interestIncome": 0,
    "interestExpense": 26256000,
    "depreciationAndAmortization": 63739000,
    "ebitda": 344282000,
    "ebitdaratio": 0.0747822664,
    "operatingIncome": 258543000,
    "operatingIncomeRatio": 0.0561587057,
    "totalOtherIncomeExpensesNet": -4256000,
    "incomeBeforeTax": 254287000,
    "incomeBeforeTaxRatio": 0.0552342504,
    "incomeTaxExpense": 67588000,
    "netIncome": 186699000,
    "netIncomeRatio": 0.0405533091,
    "eps": 1.28,
    "epsdiluted": 1.27,
    "weightedAverageShsOut": 146392000,
    "weightedAverageShsOutDil": 147099000,
    "link": "https://www.sec.gov/Archives/edgar/data/40987/000004098719000015/0000040987-19-000015-index.htm",
    "finalLink": "https://www.sec.gov/Archives/edgar/data/40987/000004098719000015/gpc-12312018x10k.htm"
  },
  {
    "date": "2018-09-30",
    "symbol": "GPC",
    "reportedCurrency": "USD",
    "cik": "0000040987",
    "fillingDate": "2018-10-22",
    "acceptedDate": "2018-10-22 07:17:48",
    "calendarYear": "2018",
    "period": "Q3",
    "revenue": 4722922000,
    "costOfRevenue": 3238687000,
    "grossProfit": 1484235000,
    "grossProfitRatio": 0.3142620183,
    "researchAndDevelopmentExpenses": 0,
    "generalAndAdministrativeExpenses": 1119266000,
    "sellingAndMarketingExpenses": 0,
    "sellingGeneralAndAdministrativeExpenses": 1119266000,
    "otherExpenses": 1500000,
    "operatingExpenses": 1120766000,
    "costAndExpenses": 4423974000,
    "interestIncome": 0,
    "interestExpense": 25084000,
    "depreciationAndAmortization": 61082000,
    "ebitda": 377901000,
    "ebitdaratio": 0.0800142369,
    "operatingIncome": 298948000,
    "operatingIncomeRatio": 0.0632972554,
    "totalOtherIncomeExpensesNet": -7213000,
    "incomeBeforeTax": 291735000,
    "incomeBeforeTaxRatio": 0.0617700229,
    "incomeTaxExpense": 71508000,
    "netIncome": 220227000,
    "netIncomeRatio": 0.046629396,
    "eps": 1.5,
    "epsdiluted": 1.49,
    "weightedAverageShsOut": 146763000,
    "weightedAverageShsOutDil": 147453000,
    "link": "https://www.sec.gov/Archives/edgar/data/40987/000004098718000034/0000040987-18-000034-index.htm",
    "finalLink": "https://www.sec.gov/Archives/edgar/data/40987/000004098718000034/gpc_09302018x10q.htm"
  },
  {
    "date": "2018-06-30",
    "symbol": "GPC",
    "reportedCurrency": "USD",
    "cik": "0000040987",
    "fillingDate": "2018-07-25",
    "acceptedDate": "2018-07-25 07:20:35",
    "calendarYear": "2018",
    "period": "Q2",
    "revenue": 4822065000,
    "costOfRevenue": 3300479000,
    "grossProfit": 1521586000,
    "grossProfitRatio": 0.3155465553,
    "researchAndDevelopmentExpenses": 0,
    "generalAndAdministrativeExpenses": 1148217000,
    "sellingAndMarketingExpenses": 0,
    "sellingGeneralAndAdministrativeExpenses": 1148217000,
    "otherExpenses": -2881000,
    "operatingExpenses": 1145336000,
    "costAndExpenses": 4521794000,
    "interestIncome": 0,
    "interestExpense": 26476000,
    "depreciationAndAmortization": 58451000,
    "ebitda": 385198000,
    "ebitdaratio": 0.079882374,
    "operatingIncome": 311252000,
    "operatingIncomeRatio": 0.0645474501,
    "totalOtherIncomeExpensesNet": -10981000,
    "incomeBeforeTax": 300271000,
    "incomeBeforeTaxRatio": 0.06227021,
    "incomeTaxExpense": 73299000,
    "netIncome": 226972000,
    "netIncomeRatio": 0.0470694609,
    "eps": 1.55,
    "epsdiluted": 1.54,
    "weightedAverageShsOut": 146748000,
    "weightedAverageShsOutDil": 147260000,
    "link": "https://www.sec.gov/Archives/edgar/data/40987/000004098718000017/0000040987-18-000017-index.htm",
    "finalLink": "https://www.sec.gov/Archives/edgar/data/40987/000004098718000017/gpc_06302018x10q.htm"
  },
  {
    "date": "2018-03-31",
    "symbol": "GPC",
    "reportedCurrency": "USD",
    "cik": "0000040987",
    "fillingDate": "2018-04-26",
    "acceptedDate": "2018-04-26 07:10:26",
    "calendarYear": "2018",
    "period": "Q1",
    "revenue": 4586294000,
    "costOfRevenue": 3150487000,
    "grossProfit": 1435807000,
    "grossProfitRatio": 0.3130647534,
    "researchAndDevelopmentExpenses": 0,
    "generalAndAdministrativeExpenses": 1133771000,
    "sellingAndMarketingExpenses": 0,
    "sellingGeneralAndAdministrativeExpenses": 1133771000,
    "otherExpenses": -3852000,
    "operatingExpenses": 1129919000,
    "costAndExpenses": 4356975000,
    "interestIncome": 0,
    "interestExpense": 24109000,
    "depreciationAndAmortization": 58363000,
    "ebitda": 311791000,
    "ebitdaratio": 0.0679832126,
    "operatingIncome": 240972000,
    "operatingIncomeRatio": 0.052541769,
    "totalOtherIncomeExpensesNet": -11653000,
    "incomeBeforeTax": 229319000,
    "incomeBeforeTaxRatio": 0.0500009376,
    "incomeTaxExpense": 52743000,
    "netIncome": 176576000,
    "netIncomeRatio": 0.0385008026,
    "eps": 1.2,
    "epsdiluted": 1.2,
    "weightedAverageShsOut": 146727000,
    "weightedAverageShsOutDil": 147322000,
    "link": "https://www.sec.gov/Archives/edgar/data/40987/000004098718000010/0000040987-18-000010-index.htm",
    "finalLink": "https://www.sec.gov/Archives/edgar/data/40987/000004098718000010/gpc_03312018x10q.htm"
  },
  {
    "date": "2017-12-31",
    "symbol": "GPC",
    "reportedCurrency": "USD",
    "cik": "0000040987",
    "fillingDate": "2018-02-27",
    "acceptedDate": "2018-02-27 07:02:11",
    "calendarYear": "2017",
    "period": "Q4",
    "revenue": 4207076000,
    "costOfRevenue": 2923001000,
    "grossProfit": 1284075000,
    "grossProfitRatio": 0.3052179233,
    "researchAndDevelopmentExpenses": 0,
    "generalAndAdministrativeExpenses": 987720000,
    "sellingAndMarketingExpenses": 0,
    "sellingGeneralAndAdministrativeExpenses": 987720000,
    "otherExpenses": 63983000,
    "operatingExpenses": 1051703000,
    "costAndExpenses": 3985075000,
    "interestIncome": 0,
    "interestExpense": 18223000,
    "depreciationAndAmortization": 50051000,
    "ebitda": 313538000,
    "ebitdaratio": 0.0745263456,
    "operatingIncome": 232372000,
    "operatingIncomeRatio": 0.0552336112,
    "totalOtherIncomeExpensesNet": -10371000,
    "incomeBeforeTax": 222001000,
    "incomeBeforeTaxRatio": 0.0527684786,
    "incomeTaxExpense": 113818000,
    "netIncome": 108183000,
    "netIncomeRatio": 0.0257145343,
    "eps": 0.74,
    "epsdiluted": 0.73,
    "weightedAverageShsOut": 146629000,
    "weightedAverageShsOutDil": 147211000,
    "link": "https://www.sec.gov/Archives/edgar/data/40987/000004098718000002/0000040987-18-000002-index.htm",
    "finalLink": "https://www.sec.gov/Archives/edgar/data/40987/000004098718000002/gpc-12312017x10k.htm"
  },
  {
    "date": "2017-09-30",
    "symbol": "GPC",
    "reportedCurrency": "USD",
    "cik": "0000040987",
    "fillingDate": "2017-10-26",
    "acceptedDate": "2017-10-26 08:28:21",
    "calendarYear": "2017",
    "period": "Q3",
    "revenue": 4095906000,
    "costOfRevenue": 2869016000,
    "grossProfit": 1226890000,
    "grossProfitRatio": 0.2995405656,
    "researchAndDevelopmentExpenses": 0,
    "generalAndAdministrativeExpenses": 940259000,
    "sellingAndMarketingExpenses": 0,
    "sellingGeneralAndAdministrativeExpenses": 940259000,
    "otherExpenses": 40276000,
    "operatingExpenses": 980535000,
    "costAndExpenses": 3849551000,
    "interestIncome": 0,
    "interestExpense": 9038000,
    "depreciationAndAmortization": 40276000,
    "ebitda": 295669000,
    "ebitdaratio": 0.0721864711,
    "operatingIncome": 251606000,
    "operatingIncomeRatio": 0.0614286558,
    "totalOtherIncomeExpensesNet": -5251000,
    "incomeBeforeTax": 246355000,
    "incomeBeforeTaxRatio": 0.060146644,
    "incomeTaxExpense": 87913000,
    "netIncome": 158442000,
    "netIncomeRatio": 0.0386830167,
    "eps": 1.08,
    "epsdiluted": 1.08,
    "weightedAverageShsOut": 146720000,
    "weightedAverageShsOutDil": 147222000,
    "link": "https://www.sec.gov/Archives/edgar/data/40987/000004098717000015/0000040987-17-000015-index.htm",
    "finalLink": "https://www.sec.gov/Archives/edgar/data/40987/000004098717000015/gpc_09302017x10q.htm"
  },
  {
    "date": "2017-06-30",
    "symbol": "GPC",
    "reportedCurrency": "USD",
    "cik": "0000040987",
    "fillingDate": "2017-07-28",
    "acceptedDate": "2017-07-28 09:31:38",
    "calendarYear": "2017",
    "period": "Q2",
    "revenue": 4100178000,
    "costOfRevenue": 2860466000,
    "grossProfit": 1239712000,
    "grossProfitRatio": 0.3023556538,
    "researchAndDevelopmentExpenses": 0,
    "generalAndAdministrativeExpenses": 903343000,
    "sellingAndMarketingExpenses": 0,
    "sellingGeneralAndAdministrativeExpenses": 903343000,
    "otherExpenses": 39232000,
    "operatingExpenses": 942575000,
    "costAndExpenses": 3803041000,
    "interestIncome": 0,
    "interestExpense": 7446000,
    "depreciationAndAmortization": 39232000,
    "ebitda": 343815000,
    "ebitdaratio": 0.0838536766,
    "operatingIncome": 290991000,
    "operatingIncomeRatio": 0.0709703335,
    "totalOtherIncomeExpensesNet": 6146000,
    "incomeBeforeTax": 297137000,
    "incomeBeforeTaxRatio": 0.0724692928,
    "incomeTaxExpense": 107165000,
    "netIncome": 189972000,
    "netIncomeRatio": 0.0463326226,
    "eps": 1.29,
    "epsdiluted": 1.29,
    "weightedAverageShsOut": 147079000,
    "weightedAverageShsOutDil": 147650000,
    "link": "https://www.sec.gov/Archives/edgar/data/40987/000004098717000012/0000040987-17-000012-index.htm",
    "finalLink": "https://www.sec.gov/Archives/edgar/data/40987/000004098717000012/gpc_06302017x10q.htm"
  },
  {
    "date": "2017-03-31",
    "symbol": "GPC",
    "reportedCurrency": "USD",
    "cik": "0000040987",
    "fillingDate": "2017-04-25",
    "acceptedDate": "2017-04-25 13:12:11",
    "calendarYear": "2017",
    "period": "Q1",
    "revenue": 3905641000,
    "costOfRevenue": 2749920000,
    "grossProfit": 1155721000,
    "grossProfitRatio": 0.2959107097,
    "researchAndDevelopmentExpenses": 0,
    "generalAndAdministrativeExpenses": 873814000,
    "sellingAndMarketingExpenses": 0,
    "sellingGeneralAndAdministrativeExpenses": 873814000,
    "otherExpenses": 0,
    "operatingExpenses": 873814000,
    "costAndExpenses": 3661866000,
    "interestIncome": 0,
    "interestExpense": 6779000,
    "depreciationAndAmortization": 38132000,
    "ebitda": 288686000,
    "ebitdaratio": 0.0739151397,
    "operatingIncome": 223573000,
    "operatingIncomeRatio": 0.0572436125,
    "totalOtherIncomeExpensesNet": 6670000,
    "incomeBeforeTax": 243775000,
    "incomeBeforeTaxRatio": 0.0624161309,
    "incomeTaxExpense": 83615000,
    "netIncome": 160160000,
    "netIncomeRatio": 0.0410073532,
    "eps": 1.08,
    "epsdiluted": 1.08,
    "weightedAverageShsOut": 148154000,
    "weightedAverageShsOutDil": 148788000,
    "link": "https://www.sec.gov/Archives/edgar/data/40987/000004098717000009/0000040987-17-000009-index.htm",
    "finalLink": "https://www.sec.gov/Archives/edgar/data/40987/000004098717000009/gpc_03312017x10q.htm"
  },
  {
    "date": "2016-12-31",
    "symbol": "GPC",
    "reportedCurrency": "USD",
    "cik": "0000040987",
    "fillingDate": "2017-02-27",
    "acceptedDate": "2017-02-27 15:02:36",
    "calendarYear": "2016",
    "period": "Q4",
    "revenue": 3780065000,
    "costOfRevenue": 2648982000,
    "grossProfit": 1131083000,
    "grossProfitRatio": 0.2992231615,
    "researchAndDevelopmentExpenses": 0,
    "generalAndAdministrativeExpenses": 848610000,
    "sellingAndMarketingExpenses": 0,
    "sellingGeneralAndAdministrativeExpenses": 848610000,
    "otherExpenses": 50755000,
    "operatingExpenses": 899365000,
    "costAndExpenses": 3523838000,
    "interestIncome": 0,
    "interestExpense": 4794000,
    "depreciationAndAmortization": 39240000,
    "ebitda": 296610000,
    "ebitdaratio": 0.0784669047,
    "operatingIncome": 231718000,
    "operatingIncomeRatio": 0.0613000041,
    "totalOtherIncomeExpensesNet": 4568000,
    "incomeBeforeTax": 236286000,
    "incomeBeforeTaxRatio": 0.0625084489,
    "incomeTaxExpense": 83766000,
    "netIncome": 152520000,
    "netIncomeRatio": 0.0403485125,
    "eps": 1.03,
    "epsdiluted": 1.02,
    "weightedAverageShsOut": 148478000,
    "weightedAverageShsOutDil": 149177000,
    "link": "https://www.sec.gov/Archives/edgar/data/40987/000004098717000007/0000040987-17-000007-index.htm",
    "finalLink": "https://www.sec.gov/Archives/edgar/data/40987/000004098717000007/gpc-12312016x10k.htm"
  },
  {
    "date": "2016-09-30",
    "symbol": "GPC",
    "reportedCurrency": "USD",
    "cik": "0000040987",
    "fillingDate": "2016-10-28",
    "acceptedDate": "2016-10-28 08:30:53",
    "calendarYear": "2016",
    "period": "Q3",
    "revenue": 3941743000,
    "costOfRevenue": 2743142000,
    "grossProfit": 1198601000,
    "grossProfitRatio": 0.3040789316,
    "researchAndDevelopmentExpenses": 0,
    "generalAndAdministrativeExpenses": 869562000,
    "sellingAndMarketingExpenses": 0,
    "sellingGeneralAndAdministrativeExpenses": 869562000,
    "otherExpenses": 37682000,
    "operatingExpenses": 907244000,
    "costAndExpenses": 3650386000,
    "interestIncome": 0,
    "interestExpense": 5244000,
    "depreciationAndAmortization": 37682000,
    "ebitda": 329039000,
    "ebitdaratio": 0.0834755082,
    "operatingIncome": 291357000,
    "operatingIncomeRatio": 0.0739157779,
    "totalOtherIncomeExpensesNet": 0,
    "incomeBeforeTax": 291357000,
    "incomeBeforeTaxRatio": 0.0739157779,
    "incomeTaxExpense": 106031000,
    "netIncome": 185326000,
    "netIncomeRatio": 0.0470162565,
    "eps": 1.24,
    "epsdiluted": 1.24,
    "weightedAverageShsOut": 148899000,
    "weightedAverageShsOutDil": 149727000,
    "link": "https://www.sec.gov/Archives/edgar/data/40987/000004098716000011/0000040987-16-000011-index.htm",
    "finalLink": "https://www.sec.gov/Archives/edgar/data/40987/000004098716000011/gpc_09302016x10q.htm"
  },
  {
    "date": "2016-06-30",
    "symbol": "GPC",
    "reportedCurrency": "USD",
    "cik": "0000040987",
    "fillingDate": "2016-07-29",
    "acceptedDate": "2016-07-29 08:46:39",
    "calendarYear": "2016",
    "period": "Q2",
    "revenue": 3899638000,
    "costOfRevenue": 2734186000,
    "grossProfit": 1165452000,
    "grossProfitRatio": 0.2988615866,
    "researchAndDevelopmentExpenses": 0,
    "generalAndAdministrativeExpenses": 829489000,
    "sellingAndMarketingExpenses": 0,
    "sellingGeneralAndAdministrativeExpenses": 829489000,
    "otherExpenses": 35911000,
    "operatingExpenses": 865400000,
    "costAndExpenses": 3599586000,
    "interestIncome": 0,
    "interestExpense": 4665000,
    "depreciationAndAmortization": 35911000,
    "ebitda": 335963000,
    "ebitdaratio": 0.0861523557,
    "operatingIncome": 300052000,
    "operatingIncomeRatio": 0.0769435522,
    "totalOtherIncomeExpensesNet": 0,
    "incomeBeforeTax": 300052000,
    "incomeBeforeTaxRatio": 0.0769435522,
    "incomeTaxExpense": 108683000,
    "netIncome": 191369000,
    "netIncomeRatio": 0.0490735294,
    "eps": 1.28,
    "epsdiluted": 1.28,
    "weightedAverageShsOut": 149241000,
    "weightedAverageShsOutDil": 150029000,
    "link": "https://www.sec.gov/Archives/edgar/data/40987/000004098716000008/0000040987-16-000008-index.htm",
    "finalLink": "https://www.sec.gov/Archives/edgar/data/40987/000004098716000008/gpc_06302016x10q.htm"
  },
  {
    "date": "2016-03-31",
    "symbol": "GPC",
    "reportedCurrency": "USD",
    "cik": "0000040987",
    "fillingDate": "2016-04-29",
    "acceptedDate": "2016-04-29 10:31:25",
    "calendarYear": "2016",
    "period": "Q1",
    "revenue": 3718267000,
    "costOfRevenue": 2613796000,
    "grossProfit": 1104471000,
    "grossProfitRatio": 0.2970391852,
    "researchAndDevelopmentExpenses": 0,
    "generalAndAdministrativeExpenses": 823172000,
    "sellingAndMarketingExpenses": 0,
    "sellingGeneralAndAdministrativeExpenses": 823172000,
    "otherExpenses": 34654000,
    "operatingExpenses": 857826000,
    "costAndExpenses": 3471622000,
    "interestIncome": 0,
    "interestExpense": 4822000,
    "depreciationAndAmortization": 34654000,
    "ebitda": 281299000,
    "ebitdaratio": 0.0756532546,
    "operatingIncome": 246645000,
    "operatingIncomeRatio": 0.0663333214,
    "totalOtherIncomeExpensesNet": 0,
    "incomeBeforeTax": 246645000,
    "incomeBeforeTaxRatio": 0.0663333214,
    "incomeTaxExpense": 88620000,
    "netIncome": 158025000,
    "netIncomeRatio": 0.0424996376,
    "eps": 1.06,
    "epsdiluted": 1.05,
    "weightedAverageShsOut": 149593000,
    "weightedAverageShsOutDil": 150342000,
    "link": "https://www.sec.gov/Archives/edgar/data/40987/000119312516566815/0001193125-16-566815-index.htm",
    "finalLink": "https://www.sec.gov/Archives/edgar/data/40987/000119312516566815/d169483d10q.htm"
  },
  {
    "date": "2015-12-31",
    "symbol": "GPC",
    "reportedCurrency": "USD",
    "cik": "0000040987",
    "fillingDate": "2016-02-26",
    "acceptedDate": "2016-02-26 09:15:23",
    "calendarYear": "2015",
    "period": "Q4",
    "revenue": 3681790000,
    "costOfRevenue": 2586312000,
    "grossProfit": 1095478000,
    "grossProfitRatio": 0.297539512,
    "researchAndDevelopmentExpenses": 0,
    "generalAndAdministrativeExpenses": 784853000,
    "sellingAndMarketingExpenses": 13106000,
    "sellingGeneralAndAdministrativeExpenses": 784853000,
    "otherExpenses": 49017000,
    "operatingExpenses": 833870000,
    "costAndExpenses": 3420182000,
    "interestIncome": 0,
    "interestExpense": 5606000,
    "depreciationAndAmortization": 35911000,
    "ebitda": 319181000,
    "ebitdaratio": 0.0866917994,
    "operatingIncome": 262341000,
    "operatingIncomeRatio": 0.0712536565,
    "totalOtherIncomeExpensesNet": -733000,
    "incomeBeforeTax": 261608000,
    "incomeBeforeTaxRatio": 0.0710545686,
    "incomeTaxExpense": 100335000,
    "netIncome": 161273000,
    "netIncomeRatio": 0.0438028785,
    "eps": 1.07,
    "epsdiluted": 1.07,
    "weightedAverageShsOut": 150552000,
    "weightedAverageShsOutDil": 151355000,
    "link": "https://www.sec.gov/Archives/edgar/data/40987/000119312516479829/0001193125-16-479829-index.htm",
    "finalLink": "https://www.sec.gov/Archives/edgar/data/40987/000119312516479829/d67913d10k.htm"
  },
  {
    "date": "2015-09-30",
    "symbol": "GPC",
    "reportedCurrency": "USD",
    "cik": "0000040987",
    "fillingDate": "2015-11-06",
    "acceptedDate": "2015-11-06 09:26:52",
    "calendarYear": "2015",
    "period": "Q3",
    "revenue": 3921802000,
    "costOfRevenue": 2752577000,
    "grossProfit": 1169225000,
    "grossProfitRatio": 0.298134633,
    "researchAndDevelopmentExpenses": 0,
    "generalAndAdministrativeExpenses": 834372000,
    "sellingAndMarketingExpenses": 0,
    "sellingGeneralAndAdministrativeExpenses": 834372000,
    "otherExpenses": 34278000,
    "operatingExpenses": 868650000,
    "costAndExpenses": 3621227000,
    "interestIncome": 0,
    "interestExpense": 5055000,
    "depreciationAndAmortization": 34277000,
    "ebitda": 334853000,
    "ebitdaratio": 0.0853824339,
    "operatingIncome": 300575000,
    "operatingIncomeRatio": 0.076642064,
    "totalOtherIncomeExpensesNet": 0,
    "incomeBeforeTax": 300575000,
    "incomeBeforeTaxRatio": 0.076642064,
    "incomeTaxExpense": 112559000,
    "netIncome": 188016000,
    "netIncomeRatio": 0.047941227,
    "eps": 1.24,
    "epsdiluted": 1.24,
    "weightedAverageShsOut": 151354000,
    "weightedAverageShsOutDil": 152143000,
    "link": "https://www.sec.gov/Archives/edgar/data/40987/000119312515369352/0001193125-15-369352-index.htm",
    "finalLink": "https://www.sec.gov/Archives/edgar/data/40987/000119312515369352/d11269d10q.htm"
  },
  {
    "date": "2015-06-30",
    "symbol": "GPC",
    "reportedCurrency": "USD",
    "cik": "0000040987",
    "fillingDate": "2015-08-07",
    "acceptedDate": "2015-08-07 09:06:22",
    "calendarYear": "2015",
    "period": "Q2",
    "revenue": 3940401000,
    "costOfRevenue": 2762071000,
    "grossProfit": 1178330000,
    "grossProfitRatio": 0.2990380928,
    "researchAndDevelopmentExpenses": 0,
    "generalAndAdministrativeExpenses": 832610000,
    "sellingAndMarketingExpenses": 0,
    "sellingGeneralAndAdministrativeExpenses": 832610000,
    "otherExpenses": 35603000,
    "operatingExpenses": 868213000,
    "costAndExpenses": 3630284000,
    "interestIncome": 0,
    "interestExpense": 5674000,
    "depreciationAndAmortization": 35603000,
    "ebitda": 345720000,
    "ebitdaratio": 0.0877372633,
    "operatingIncome": 310117000,
    "operatingIncomeRatio": 0.0787018885,
    "totalOtherIncomeExpensesNet": 0,
    "incomeBeforeTax": 310117000,
    "incomeBeforeTaxRatio": 0.0787018885,
    "incomeTaxExpense": 114744000,
    "netIncome": 195373000,
    "netIncomeRatio": 0.0495820095,
    "eps": 1.28,
    "epsdiluted": 1.28,
    "weightedAverageShsOut": 152134000,
    "weightedAverageShsOutDil": 152989000,
    "link": "https://www.sec.gov/Archives/edgar/data/40987/000119312515282177/0001193125-15-282177-index.htm",
    "finalLink": "https://www.sec.gov/Archives/edgar/data/40987/000119312515282177/d940108d10q.htm"
  },
  {
    "date": "2015-03-31",
    "symbol": "GPC",
    "reportedCurrency": "USD",
    "cik": "0000040987",
    "fillingDate": "2015-05-07",
    "acceptedDate": "2015-05-07 08:54:51",
    "calendarYear": "2015",
    "period": "Q1",
    "revenue": 3736051000,
    "costOfRevenue": 2623232000,
    "grossProfit": 1112819000,
    "grossProfitRatio": 0.297859692,
    "researchAndDevelopmentExpenses": 0,
    "generalAndAdministrativeExpenses": 825554000,
    "sellingAndMarketingExpenses": 0,
    "sellingGeneralAndAdministrativeExpenses": 825554000,
    "otherExpenses": 35884000,
    "operatingExpenses": 861438000,
    "costAndExpenses": 3484670000,
    "interestIncome": 0,
    "interestExpense": 5327000,
    "depreciationAndAmortization": 35884000,
    "ebitda": 287265000,
    "ebitdaratio": 0.0768900103,
    "operatingIncome": 251381000,
    "operatingIncomeRatio": 0.0672852164,
    "totalOtherIncomeExpensesNet": 0,
    "incomeBeforeTax": 251381000,
    "incomeBeforeTaxRatio": 0.0672852164,
    "incomeTaxExpense": 90371000,
    "netIncome": 161010000,
    "netIncomeRatio": 0.0430963068,
    "eps": 1.05,
    "epsdiluted": 1.05,
    "weightedAverageShsOut": 152656000,
    "weightedAverageShsOutDil": 153574000,
    "link": "https://www.sec.gov/Archives/edgar/data/40987/000119312515176094/0001193125-15-176094-index.htm",
    "finalLink": "https://www.sec.gov/Archives/edgar/data/40987/000119312515176094/d901311d10q.htm"
  },
  {
    "date": "2014-12-31",
    "symbol": "GPC",
    "reportedCurrency": "USD",
    "cik": "0000040987",
    "fillingDate": "2015-02-26",
    "acceptedDate": "2015-02-26 08:04:09",
    "calendarYear": "2014",
    "period": "Q4",
    "revenue": 3822454000,
    "costOfRevenue": 2675913000,
    "grossProfit": 1146541000,
    "grossProfitRatio": 0.2999489333,
    "researchAndDevelopmentExpenses": 0,
    "generalAndAdministrativeExpenses": 827868000,
    "sellingAndMarketingExpenses": 13678000,
    "sellingGeneralAndAdministrativeExpenses": 841546000,
    "otherExpenses": 39691000,
    "operatingExpenses": 881237000,
    "costAndExpenses": 3557150000,
    "interestIncome": 0,
    "interestExpense": 6375000,
    "depreciationAndAmortization": 39690000,
    "ebitda": 330082000,
    "ebitdaratio": 0.0863534264,
    "operatingIncome": 271791000,
    "operatingIncomeRatio": 0.0711037988,
    "totalOtherIncomeExpensesNet": -6487000,
    "incomeBeforeTax": 265304000,
    "incomeBeforeTaxRatio": 0.0694067214,
    "incomeTaxExpense": 99745000,
    "netIncome": 165559000,
    "netIncomeRatio": 0.0433122282,
    "eps": 1.08,
    "epsdiluted": 1.07,
    "weightedAverageShsOut": 152996000,
    "weightedAverageShsOutDil": 154084000,
    "link": "https://www.sec.gov/Archives/edgar/data/40987/000119312515064165/0001193125-15-064165-index.htm",
    "finalLink": "https://www.sec.gov/Archives/edgar/data/40987/000119312515064165/d829495d10k.htm"
  },
  {
    "date": "2014-09-30",
    "symbol": "GPC",
    "reportedCurrency": "USD",
    "cik": "0000040987",
    "fillingDate": "2014-11-06",
    "acceptedDate": "2014-11-06 13:24:16",
    "calendarYear": "2014",
    "period": "Q3",
    "revenue": 3985909000,
    "costOfRevenue": 2802487000,
    "grossProfit": 1183422000,
    "grossProfitRatio": 0.2969014094,
    "researchAndDevelopmentExpenses": 0,
    "generalAndAdministrativeExpenses": 850156000,
    "sellingAndMarketingExpenses": 0,
    "sellingGeneralAndAdministrativeExpenses": 850156000,
    "otherExpenses": 34983000,
    "operatingExpenses": 885139000,
    "costAndExpenses": 3687626000,
    "interestIncome": 0,
    "interestExpense": 6283000,
    "depreciationAndAmortization": 34983000,
    "ebitda": 333266000,
    "ebitdaratio": 0.0836110408,
    "operatingIncome": 298283000,
    "operatingIncomeRatio": 0.0748343728,
    "totalOtherIncomeExpensesNet": 0,
    "incomeBeforeTax": 298283000,
    "incomeBeforeTaxRatio": 0.0748343728,
    "incomeTaxExpense": 107767000,
    "netIncome": 190516000,
    "netIncomeRatio": 0.0477973782,
    "eps": 1.25,
    "epsdiluted": 1.24,
    "weightedAverageShsOut": 153018000,
    "weightedAverageShsOutDil": 154098000,
    "link": "https://www.sec.gov/Archives/edgar/data/40987/000119312514400514/0001193125-14-400514-index.htm",
    "finalLink": "https://www.sec.gov/Archives/edgar/data/40987/000119312514400514/d783490d10q.htm"
  },
  {
    "date": "2014-06-30",
    "symbol": "GPC",
    "reportedCurrency": "USD",
    "cik": "0000040987",
    "fillingDate": "2014-08-06",
    "acceptedDate": "2014-08-06 09:41:16",
    "calendarYear": "2014",
    "period": "Q2",
    "revenue": 3908387000,
    "costOfRevenue": 2729219000,
    "grossProfit": 1179168000,
    "grossProfitRatio": 0.3017019553,
    "researchAndDevelopmentExpenses": 0,
    "generalAndAdministrativeExpenses": 832205000,
    "sellingAndMarketingExpenses": 0,
    "sellingGeneralAndAdministrativeExpenses": 832205000,
    "otherExpenses": 36783000,
    "operatingExpenses": 868988000,
    "costAndExpenses": 3598207000,
    "interestIncome": 0,
    "interestExpense": 6224000,
    "depreciationAndAmortization": 36784000,
    "ebitda": 346964000,
    "ebitdaratio": 0.0887742181,
    "operatingIncome": 310180000,
    "operatingIncomeRatio": 0.0793626629,
    "totalOtherIncomeExpensesNet": 0,
    "incomeBeforeTax": 310180000,
    "incomeBeforeTaxRatio": 0.0793626629,
    "incomeTaxExpense": 112453000,
    "netIncome": 197727000,
    "netIncomeRatio": 0.0505904354,
    "eps": 1.29,
    "epsdiluted": 1.28,
    "weightedAverageShsOut": 153463000,
    "weightedAverageShsOutDil": 154532000,
    "link": "https://www.sec.gov/Archives/edgar/data/40987/000119312514297183/0001193125-14-297183-index.htm",
    "finalLink": "https://www.sec.gov/Archives/edgar/data/40987/000119312514297183/d737401d10q.htm"
  },
  {
    "date": "2014-03-31",
    "symbol": "GPC",
    "reportedCurrency": "USD",
    "cik": "0000040987",
    "fillingDate": "2014-05-07",
    "acceptedDate": "2014-05-07 09:02:50",
    "calendarYear": "2014",
    "period": "Q1",
    "revenue": 3624897000,
    "costOfRevenue": 2540267000,
    "grossProfit": 1084630000,
    "grossProfitRatio": 0.2992167777,
    "researchAndDevelopmentExpenses": 0,
    "generalAndAdministrativeExpenses": 803802000,
    "sellingAndMarketingExpenses": 0,
    "sellingGeneralAndAdministrativeExpenses": 803802000,
    "otherExpenses": 36856000,
    "operatingExpenses": 840658000,
    "costAndExpenses": 3380925000,
    "interestIncome": 0,
    "interestExpense": 6206000,
    "depreciationAndAmortization": 36856000,
    "ebitda": 280828000,
    "ebitdaratio": 0.0774719944,
    "operatingIncome": 243972000,
    "operatingIncomeRatio": 0.0673045331,
    "totalOtherIncomeExpensesNet": 0,
    "incomeBeforeTax": 243972000,
    "incomeBeforeTaxRatio": 0.0673045331,
    "incomeTaxExpense": 86488000,
    "netIncome": 157484000,
    "netIncomeRatio": 0.0434450965,
    "eps": 1.02,
    "epsdiluted": 1.02,
    "weightedAverageShsOut": 153729000,
    "weightedAverageShsOutDil": 154796000,
    "link": "https://www.sec.gov/Archives/edgar/data/40987/000119312514186362/0001193125-14-186362-index.htm",
    "finalLink": "https://www.sec.gov/Archives/edgar/data/40987/000119312514186362/d698970d10q.htm"
  },
  {
    "date": "2013-12-31",
    "symbol": "GPC",
    "reportedCurrency": "USD",
    "cik": "0000040987",
    "fillingDate": "2014-02-27",
    "acceptedDate": "2014-02-27 08:07:31",
    "calendarYear": "2013",
    "period": "Q4",
    "revenue": 3517801000,
    "costOfRevenue": 2425660000,
    "grossProfit": 1092141000,
    "grossProfitRatio": 0.3104612796,
    "researchAndDevelopmentExpenses": 0,
    "generalAndAdministrativeExpenses": 797940000,
    "sellingAndMarketingExpenses": 22623000,
    "sellingGeneralAndAdministrativeExpenses": 820563000,
    "otherExpenses": 35885000,
    "operatingExpenses": 856448000,
    "costAndExpenses": 3282108000,
    "interestIncome": 0,
    "interestExpense": 8735000,
    "depreciationAndAmortization": 35885000,
    "ebitda": 298549000,
    "ebitdaratio": 0.0848680753,
    "operatingIncome": 249625000,
    "operatingIncomeRatio": 0.0709605233,
    "totalOtherIncomeExpensesNet": -13932000,
    "incomeBeforeTax": 235693000,
    "incomeBeforeTaxRatio": 0.0670000947,
    "incomeTaxExpense": 85226000,
    "netIncome": 150467000,
    "netIncomeRatio": 0.0427730278,
    "eps": 0.98,
    "epsdiluted": 0.97,
    "weightedAverageShsOut": 154047000,
    "weightedAverageShsOutDil": 155122000,
    "link": "https://www.sec.gov/Archives/edgar/data/40987/000119312514071170/0001193125-14-071170-index.htm",
    "finalLink": "https://www.sec.gov/Archives/edgar/data/40987/000119312514071170/d633944d10k.htm"
  },
  {
    "date": "2013-09-30",
    "symbol": "GPC",
    "reportedCurrency": "USD",
    "cik": "0000040987",
    "fillingDate": "2013-11-07",
    "acceptedDate": "2013-11-07 11:16:48",
    "calendarYear": "2013",
    "period": "Q3",
    "revenue": 3685243000,
    "costOfRevenue": 2584320000,
    "grossProfit": 1100923000,
    "grossProfitRatio": 0.2987382379,
    "researchAndDevelopmentExpenses": 0,
    "generalAndAdministrativeExpenses": 793957000,
    "sellingAndMarketingExpenses": 0,
    "sellingGeneralAndAdministrativeExpenses": 793957000,
    "otherExpenses": 35220000,
    "operatingExpenses": 829177000,
    "costAndExpenses": 3413497000,
    "interestIncome": 0,
    "interestExpense": 7031000,
    "depreciationAndAmortization": 35220000,
    "ebitda": 306966000,
    "ebitdaratio": 0.0832959997,
    "operatingIncome": 271746000,
    "operatingIncomeRatio": 0.0737389638,
    "totalOtherIncomeExpensesNet": 0,
    "incomeBeforeTax": 271746000,
    "incomeBeforeTaxRatio": 0.0737389638,
    "incomeTaxExpense": 98000000,
    "netIncome": 173746000,
    "netIncomeRatio": 0.0471464161,
    "eps": 1.12,
    "epsdiluted": 1.12,
    "weightedAverageShsOut": 154567000,
    "weightedAverageShsOutDil": 155663000,
    "link": "https://www.sec.gov/Archives/edgar/data/40987/000119312513432050/0001193125-13-432050-index.htm",
    "finalLink": "https://www.sec.gov/Archives/edgar/data/40987/000119312513432050/d592104d10q.htm"
  },
  {
    "date": "2013-06-30",
    "symbol": "GPC",
    "reportedCurrency": "USD",
    "cik": "0000040987",
    "fillingDate": "2013-08-06",
    "acceptedDate": "2013-08-06 10:03:51",
    "calendarYear": "2013",
    "period": "Q2",
    "revenue": 3675997000,
    "costOfRevenue": 2570889000,
    "grossProfit": 1105108000,
    "grossProfitRatio": 0.3006281017,
    "researchAndDevelopmentExpenses": 0,
    "generalAndAdministrativeExpenses": 753527000,
    "sellingAndMarketingExpenses": 0,
    "sellingGeneralAndAdministrativeExpenses": 753527000,
    "otherExpenses": 36853000,
    "operatingExpenses": 790380000,
    "costAndExpenses": 3361269000,
    "interestIncome": 0,
    "interestExpense": 7852000,
    "depreciationAndAmortization": 36853000,
    "ebitda": 351581000,
    "ebitdaratio": 0.0956423523,
    "operatingIncome": 314728000,
    "operatingIncomeRatio": 0.0856170448,
    "totalOtherIncomeExpensesNet": 0,
    "incomeBeforeTax": 314728000,
    "incomeBeforeTaxRatio": 0.0856170448,
    "incomeTaxExpense": 98371000,
    "netIncome": 216357000,
    "netIncomeRatio": 0.0588566857,
    "eps": 1.4,
    "epsdiluted": 1.39,
    "weightedAverageShsOut": 155050000,
    "weightedAverageShsOutDil": 156144000,
    "link": "https://www.sec.gov/Archives/edgar/data/40987/000119312513320606/0001193125-13-320606-index.htm",
    "finalLink": "https://www.sec.gov/Archives/edgar/data/40987/000119312513320606/d546926d10q.htm"
  },
  {
    "date": "2013-03-31",
    "symbol": "GPC",
    "reportedCurrency": "USD",
    "cik": "0000040987",
    "fillingDate": "2013-05-07",
    "acceptedDate": "2013-05-07 11:05:51",
    "calendarYear": "2013",
    "period": "Q1",
    "revenue": 3198802000,
    "costOfRevenue": 2277054000,
    "grossProfit": 921748000,
    "grossProfitRatio": 0.2881541277,
    "researchAndDevelopmentExpenses": 0,
    "generalAndAdministrativeExpenses": 673612000,
    "sellingAndMarketingExpenses": 0,
    "sellingGeneralAndAdministrativeExpenses": 673612000,
    "otherExpenses": 25999000,
    "operatingExpenses": 699611000,
    "costAndExpenses": 2976665000,
    "interestIncome": 0,
    "interestExpense": 3353000,
    "depreciationAndAmortization": 25999000,
    "ebitda": 248136000,
    "ebitdaratio": 0.0775715408,
    "operatingIncome": 222137000,
    "operatingIncomeRatio": 0.0694438105,
    "totalOtherIncomeExpensesNet": 0,
    "incomeBeforeTax": 222137000,
    "incomeBeforeTaxRatio": 0.0694438105,
    "incomeTaxExpense": 77748000,
    "netIncome": 144389000,
    "netIncomeRatio": 0.0451384612,
    "eps": 0.93,
    "epsdiluted": 0.93,
    "weightedAverageShsOut": 154891000,
    "weightedAverageShsOutDil": 155931000,
    "link": "https://www.sec.gov/Archives/edgar/data/40987/000119312513203419/0001193125-13-203419-index.htm",
    "finalLink": "https://www.sec.gov/Archives/edgar/data/40987/000119312513203419/d513617d10q.htm"
  },
  {
    "date": "2012-12-31",
    "symbol": "GPC",
    "reportedCurrency": "USD",
    "cik": "0000040987",
    "fillingDate": "2013-02-26",
    "acceptedDate": "2013-02-26 15:16:25",
    "calendarYear": "2012",
    "period": "Q4",
    "revenue": 3118966000,
    "costOfRevenue": 2208308000,
    "grossProfit": 910658000,
    "grossProfitRatio": 0.2919743274,
    "researchAndDevelopmentExpenses": 0,
    "generalAndAdministrativeExpenses": 621332000,
    "sellingAndMarketingExpenses": 12346000,
    "sellingGeneralAndAdministrativeExpenses": 633678000,
    "otherExpenses": 20755000,
    "operatingExpenses": 654433000,
    "costAndExpenses": 2867040000,
    "interestIncome": 0,
    "interestExpense": 5777000,
    "depreciationAndAmortization": 25054000,
    "ebitda": 297462000,
    "ebitdaratio": 0.0953719919,
    "operatingIncome": 256225000,
    "operatingIncomeRatio": 0.082150623,
    "totalOtherIncomeExpensesNet": -4299000,
    "incomeBeforeTax": 251926000,
    "incomeBeforeTaxRatio": 0.0807722816,
    "incomeTaxExpense": 91701000,
    "netIncome": 160225000,
    "netIncomeRatio": 0.0513711916,
    "eps": 1.03,
    "epsdiluted": 1.03,
    "weightedAverageShsOut": 154952000,
    "weightedAverageShsOutDil": 155895000,
    "link": "https://www.sec.gov/Archives/edgar/data/40987/000119312513076665/0001193125-13-076665-index.htm",
    "finalLink": "https://www.sec.gov/Archives/edgar/data/40987/000119312513076665/d455931d10k.htm"
  },
  {
    "date": "2012-09-30",
    "symbol": "GPC",
    "reportedCurrency": "USD",
    "cik": "0000040987",
    "fillingDate": "2012-11-08",
    "acceptedDate": "2012-11-08 14:12:03",
    "calendarYear": "2012",
    "period": "Q3",
    "revenue": 3375778000,
    "costOfRevenue": 2399742000,
    "grossProfit": 976036000,
    "grossProfitRatio": 0.2891292022,
    "researchAndDevelopmentExpenses": 0,
    "generalAndAdministrativeExpenses": 678894000,
    "sellingAndMarketingExpenses": 0,
    "sellingGeneralAndAdministrativeExpenses": 678894000,
    "otherExpenses": 25609000,
    "operatingExpenses": 704503000,
    "costAndExpenses": 3104245000,
    "interestIncome": 0,
    "interestExpense": 4971000,
    "depreciationAndAmortization": 25609000,
    "ebitda": 297142000,
    "ebitdaratio": 0.0880217834,
    "operatingIncome": 271533000,
    "operatingIncomeRatio": 0.0804356803,
    "totalOtherIncomeExpensesNet": 0,
    "incomeBeforeTax": 271533000,
    "incomeBeforeTaxRatio": 0.0804356803,
    "incomeTaxExpense": 98590000,
    "netIncome": 172943000,
    "netIncomeRatio": 0.0512305608,
    "eps": 1.11,
    "epsdiluted": 1.11,
    "weightedAverageShsOut": 155147000,
    "weightedAverageShsOutDil": 156135000,
    "link": "https://www.sec.gov/Archives/edgar/data/40987/000119312512459999/0001193125-12-459999-index.htm",
    "finalLink": "https://www.sec.gov/Archives/edgar/data/40987/000119312512459999/d414841d10q.htm"
  },
  {
    "date": "2012-06-30",
    "symbol": "GPC",
    "reportedCurrency": "USD",
    "cik": "0000040987",
    "fillingDate": "2012-08-03",
    "acceptedDate": "2012-08-03 09:53:00",
    "calendarYear": "2012",
    "period": "Q2",
    "revenue": 3337836000,
    "costOfRevenue": 2365550000,
    "grossProfit": 972286000,
    "grossProfitRatio": 0.2912923223,
    "researchAndDevelopmentExpenses": 0,
    "generalAndAdministrativeExpenses": 680246000,
    "sellingAndMarketingExpenses": 0,
    "sellingGeneralAndAdministrativeExpenses": 680246000,
    "otherExpenses": 24735000,
    "operatingExpenses": 704981000,
    "costAndExpenses": 3070531000,
    "interestIncome": 0,
    "interestExpense": 5019000,
    "depreciationAndAmortization": 24735000,
    "ebitda": 292040000,
    "ebitdaratio": 0.0874938134,
    "operatingIncome": 267305000,
    "operatingIncomeRatio": 0.0800833234,
    "totalOtherIncomeExpensesNet": 0,
    "incomeBeforeTax": 267305000,
    "incomeBeforeTaxRatio": 0.0800833234,
    "incomeTaxExpense": 98687000,
    "netIncome": 168618000,
    "netIncomeRatio": 0.0505171614,
    "eps": 1.08,
    "epsdiluted": 1.08,
    "weightedAverageShsOut": 155753000,
    "weightedAverageShsOutDil": 156772000,
    "link": "https://www.sec.gov/Archives/edgar/data/40987/000119312512333673/0001193125-12-333673-index.htm",
    "finalLink": "https://www.sec.gov/Archives/edgar/data/40987/000119312512333673/d371321d10q.htm"
  },
  {
    "date": "2012-03-31",
    "symbol": "GPC",
    "reportedCurrency": "USD",
    "cik": "0000040987",
    "fillingDate": "2012-05-07",
    "acceptedDate": "2012-05-07 09:34:40",
    "calendarYear": "2012",
    "period": "Q1",
    "revenue": 3181288000,
    "costOfRevenue": 2262177000,
    "grossProfit": 919111000,
    "grossProfitRatio": 0.2889115981,
    "researchAndDevelopmentExpenses": 0,
    "generalAndAdministrativeExpenses": 667958000,
    "sellingAndMarketingExpenses": 0,
    "sellingGeneralAndAdministrativeExpenses": 667958000,
    "otherExpenses": 22985000,
    "operatingExpenses": 690943000,
    "costAndExpenses": 2953120000,
    "interestIncome": 0,
    "interestExpense": 4715000,
    "depreciationAndAmortization": 22985000,
    "ebitda": 251153000,
    "ebitdaratio": 0.0789469548,
    "operatingIncome": 228168000,
    "operatingIncomeRatio": 0.0717218938,
    "totalOtherIncomeExpensesNet": 0,
    "incomeBeforeTax": 228168000,
    "incomeBeforeTaxRatio": 0.0717218938,
    "incomeTaxExpense": 81913000,
    "netIncome": 146255000,
    "netIncomeRatio": 0.0459735176,
    "eps": 0.94,
    "epsdiluted": 0.93,
    "weightedAverageShsOut": 155810000,
    "weightedAverageShsOutDil": 156949000,
    "link": "https://www.sec.gov/Archives/edgar/data/40987/000119312512213773/0001193125-12-213773-index.htm",
    "finalLink": "https://www.sec.gov/Archives/edgar/data/40987/000119312512213773/d321021d10q.htm"
  },
  {
    "date": "2011-12-31",
    "symbol": "GPC",
    "reportedCurrency": "USD",
    "cik": "0000040987",
    "fillingDate": "2012-02-27",
    "acceptedDate": "2012-02-27 07:08:17",
    "calendarYear": "2011",
    "period": "Q4",
    "revenue": 3014135000,
    "costOfRevenue": 2121535000,
    "grossProfit": 892600000,
    "grossProfitRatio": 0.2961380297,
    "researchAndDevelopmentExpenses": 0,
    "generalAndAdministrativeExpenses": 628501000,
    "sellingAndMarketingExpenses": 0,
    "sellingGeneralAndAdministrativeExpenses": 628501000,
    "otherExpenses": 35246000,
    "operatingExpenses": 663747000,
    "costAndExpenses": 2785282000,
    "interestIncome": 0,
    "interestExpense": 27036000,
    "depreciationAndAmortization": 21998000,
    "ebitda": 259209000,
    "ebitdaratio": 0.085997807,
    "operatingIncome": 228853000,
    "operatingIncomeRatio": 0.0759265925,
    "totalOtherIncomeExpensesNet": -18678000,
    "incomeBeforeTax": 210175000,
    "incomeBeforeTaxRatio": 0.0697297898,
    "incomeTaxExpense": 75218000,
    "netIncome": 134957000,
    "netIncomeRatio": 0.0447747032,
    "eps": 0.87,
    "epsdiluted": 0.87,
    "weightedAverageShsOut": 155552000,
    "weightedAverageShsOutDil": 155810000,
    "link": "https://www.sec.gov/Archives/edgar/data/40987/000119312512079802/0001193125-12-079802-index.htm",
    "finalLink": "https://www.sec.gov/Archives/edgar/data/40987/000119312512079802/d264270d10k.htm"
  },
  {
    "date": "2011-09-30",
    "symbol": "GPC",
    "reportedCurrency": "USD",
    "cik": "0000040987",
    "fillingDate": "2011-11-07",
    "acceptedDate": "2011-11-07 10:45:56",
    "calendarYear": "2011",
    "period": "Q3",
    "revenue": 3285560000,
    "costOfRevenue": 2337028000,
    "grossProfit": 948532000,
    "grossProfitRatio": 0.2886972084,
    "researchAndDevelopmentExpenses": 0,
    "generalAndAdministrativeExpenses": 679967000,
    "sellingAndMarketingExpenses": 0,
    "sellingGeneralAndAdministrativeExpenses": 679967000,
    "otherExpenses": 21465000,
    "operatingExpenses": 701432000,
    "costAndExpenses": 3038460000,
    "interestIncome": 0,
    "interestExpense": 6244000,
    "depreciationAndAmortization": 21465000,
    "ebitda": 268565000,
    "ebitdaratio": 0.0817410122,
    "operatingIncome": 247100000,
    "operatingIncomeRatio": 0.0752078793,
    "totalOtherIncomeExpensesNet": 0,
    "incomeBeforeTax": 247100000,
    "incomeBeforeTaxRatio": 0.0752078793,
    "incomeTaxExpense": 95268000,
    "netIncome": 151832000,
    "netIncomeRatio": 0.0462119091,
    "eps": 0.97,
    "epsdiluted": 0.97,
    "weightedAverageShsOut": 156206000,
    "weightedAverageShsOutDil": 157148000,
    "link": "https://www.sec.gov/Archives/edgar/data/40987/000095012311095683/0000950123-11-095683-index.htm",
    "finalLink": "https://www.sec.gov/Archives/edgar/data/40987/000095012311095683/c21753e10vq.htm"
  },
  {
    "date": "2011-06-30",
    "symbol": "GPC",
    "reportedCurrency": "USD",
    "cik": "0000040987",
    "fillingDate": "2011-08-04",
    "acceptedDate": "2011-08-04 10:21:49",
    "calendarYear": "2011",
    "period": "Q2",
    "revenue": 3184984000,
    "costOfRevenue": 2268870000,
    "grossProfit": 916114000,
    "grossProfitRatio": 0.2876353539,
    "researchAndDevelopmentExpenses": 0,
    "generalAndAdministrativeExpenses": 651635000,
    "sellingAndMarketingExpenses": 0,
    "sellingGeneralAndAdministrativeExpenses": 651635000,
    "otherExpenses": 22928000,
    "operatingExpenses": 674563000,
    "costAndExpenses": 2943433000,
    "interestIncome": 0,
    "interestExpense": 6236000,
    "depreciationAndAmortization": 22928000,
    "ebitda": 264479000,
    "ebitdaratio": 0.0830393496,
    "operatingIncome": 241551000,
    "operatingIncomeRatio": 0.0758405694,
    "totalOtherIncomeExpensesNet": 0,
    "incomeBeforeTax": 241551000,
    "incomeBeforeTaxRatio": 0.0758405694,
    "incomeTaxExpense": 89739000,
    "netIncome": 151812000,
    "netIncomeRatio": 0.0476649176,
    "eps": 0.97,
    "epsdiluted": 0.96,
    "weightedAverageShsOut": 157248000,
    "weightedAverageShsOutDil": 158243000,
    "link": "https://www.sec.gov/Archives/edgar/data/40987/000095012311072659/0000950123-11-072659-index.htm",
    "finalLink": "https://www.sec.gov/Archives/edgar/data/40987/000095012311072659/c18778e10vq.htm"
  },
  {
    "date": "2011-03-31",
    "symbol": "GPC",
    "reportedCurrency": "USD",
    "cik": "0000040987",
    "fillingDate": "2011-05-05",
    "acceptedDate": "2011-05-05 12:28:32",
    "calendarYear": "2011",
    "period": "Q1",
    "revenue": 2974198000,
    "costOfRevenue": 2125404000,
    "grossProfit": 848794000,
    "grossProfitRatio": 0.2853858418,
    "researchAndDevelopmentExpenses": 0,
    "generalAndAdministrativeExpenses": 634269000,
    "sellingAndMarketingExpenses": 0,
    "sellingGeneralAndAdministrativeExpenses": 634269000,
    "otherExpenses": 22545000,
    "operatingExpenses": 656814000,
    "costAndExpenses": 2782218000,
    "interestIncome": 0,
    "interestExpense": 6500000,
    "depreciationAndAmortization": 22545000,
    "ebitda": 214525000,
    "ebitdaratio": 0.0721286881,
    "operatingIncome": 191980000,
    "operatingIncomeRatio": 0.0645484934,
    "totalOtherIncomeExpensesNet": 0,
    "incomeBeforeTax": 191980000,
    "incomeBeforeTaxRatio": 0.0645484934,
    "incomeTaxExpense": 65465000,
    "netIncome": 126515000,
    "netIncomeRatio": 0.0425375177,
    "eps": 0.8,
    "epsdiluted": 0.8,
    "weightedAverageShsOut": 157633000,
    "weightedAverageShsOutDil": 158656000,
    "link": "https://www.sec.gov/Archives/edgar/data/40987/000095012311045405/0000950123-11-045405-index.htm",
    "finalLink": "https://www.sec.gov/Archives/edgar/data/40987/000095012311045405/c15135e10vq.htm"
  },
  {
    "date": "2010-12-31",
    "symbol": "GPC",
    "reportedCurrency": "USD",
    "cik": "0000040987",
    "fillingDate": "2011-02-25",
    "acceptedDate": "2011-02-25 08:35:16",
    "calendarYear": "2010",
    "period": "Q4",
    "revenue": 2807728000,
    "costOfRevenue": 1990600000,
    "grossProfit": 817128000,
    "grossProfitRatio": 0.2910281908,
    "researchAndDevelopmentExpenses": 0,
    "generalAndAdministrativeExpenses": 573670000,
    "sellingAndMarketingExpenses": 0,
    "sellingGeneralAndAdministrativeExpenses": 573670000,
    "otherExpenses": 32507000,
    "operatingExpenses": 606177000,
    "costAndExpenses": 2596777000,
    "interestIncome": 0,
    "interestExpense": 21499000,
    "depreciationAndAmortization": 21910000,
    "ebitda": 236357000,
    "ebitdaratio": 0.0841808751,
    "operatingIncome": 210951000,
    "operatingIncomeRatio": 0.0751322778,
    "totalOtherIncomeExpensesNet": -24565000,
    "incomeBeforeTax": 186386000,
    "incomeBeforeTaxRatio": 0.0663832109,
    "incomeTaxExpense": 67736000,
    "netIncome": 118650000,
    "netIncomeRatio": 0.0422583669,
    "eps": 0.75,
    "epsdiluted": 0.75,
    "weightedAverageShsOut": 157537000,
    "weightedAverageShsOutDil": 157633000,
    "link": "https://www.sec.gov/Archives/edgar/data/40987/000095012311018264/0000950123-11-018264-index.htm",
    "finalLink": "https://www.sec.gov/Archives/edgar/data/40987/000095012311018264/g25551xxe10vk.htm"
  },
  {
    "date": "2010-09-30",
    "symbol": "GPC",
    "reportedCurrency": "USD",
    "cik": "0000040987",
    "fillingDate": "2010-11-04",
    "acceptedDate": "2010-11-04 10:07:18",
    "calendarYear": "2010",
    "period": "Q3",
    "revenue": 2950560000,
    "costOfRevenue": 2097529000,
    "grossProfit": 853031000,
    "grossProfitRatio": 0.2891081693,
    "researchAndDevelopmentExpenses": 0,
    "generalAndAdministrativeExpenses": 618449000,
    "sellingAndMarketingExpenses": 0,
    "sellingGeneralAndAdministrativeExpenses": 618449000,
    "otherExpenses": 22093000,
    "operatingExpenses": 640542000,
    "costAndExpenses": 2738071000,
    "interestIncome": 0,
    "interestExpense": 6562000,
    "depreciationAndAmortization": 22093000,
    "ebitda": 234582000,
    "ebitdaratio": 0.0795042297,
    "operatingIncome": 212489000,
    "operatingIncomeRatio": 0.0720164986,
    "totalOtherIncomeExpensesNet": 0,
    "incomeBeforeTax": 212489000,
    "incomeBeforeTaxRatio": 0.0720164986,
    "incomeTaxExpense": 80704000,
    "netIncome": 131785000,
    "netIncomeRatio": 0.0446644027,
    "eps": 0.84,
    "epsdiluted": 0.83,
    "weightedAverageShsOut": 157573000,
    "weightedAverageShsOutDil": 157980000,
    "link": "https://www.sec.gov/Archives/edgar/data/40987/000095012310100590/0000950123-10-100590-index.htm",
    "finalLink": "https://www.sec.gov/Archives/edgar/data/40987/000095012310100590/c06881e10vq.htm"
  },
  {
    "date": "2010-06-30",
    "symbol": "GPC",
    "reportedCurrency": "USD",
    "cik": "0000040987",
    "fillingDate": "2010-08-05",
    "acceptedDate": "2010-08-05 11:45:15",
    "calendarYear": "2010",
    "period": "Q2",
    "revenue": 2847186000,
    "costOfRevenue": 2024876000,
    "grossProfit": 822310000,
    "grossProfitRatio": 0.2888149914,
    "researchAndDevelopmentExpenses": 0,
    "generalAndAdministrativeExpenses": 598331000,
    "sellingAndMarketingExpenses": 0,
    "sellingGeneralAndAdministrativeExpenses": 598331000,
    "otherExpenses": 23186000,
    "operatingExpenses": 621517000,
    "costAndExpenses": 2646393000,
    "interestIncome": 0,
    "interestExpense": 6693000,
    "depreciationAndAmortization": 23186000,
    "ebitda": 223979000,
    "ebitdaratio": 0.0786667959,
    "operatingIncome": 200793000,
    "operatingIncomeRatio": 0.0705233167,
    "totalOtherIncomeExpensesNet": 0,
    "incomeBeforeTax": 200793000,
    "incomeBeforeTaxRatio": 0.0705233167,
    "incomeTaxExpense": 76326000,
    "netIncome": 124467000,
    "netIncomeRatio": 0.0437157952,
    "eps": 0.79,
    "epsdiluted": 0.78,
    "weightedAverageShsOut": 158260000,
    "weightedAverageShsOutDil": 158662000,
    "link": "https://www.sec.gov/Archives/edgar/data/40987/000095012310073090/0000950123-10-073090-index.htm",
    "finalLink": "https://www.sec.gov/Archives/edgar/data/40987/000095012310073090/c03373e10vq.htm"
  },
  {
    "date": "2010-03-31",
    "symbol": "GPC",
    "reportedCurrency": "USD",
    "cik": "0000040987",
    "fillingDate": "2010-05-06",
    "acceptedDate": "2010-05-06 10:03:10",
    "calendarYear": "2010",
    "period": "Q1",
    "revenue": 2602115000,
    "costOfRevenue": 1841640000,
    "grossProfit": 760475000,
    "grossProfitRatio": 0.2922526483,
    "researchAndDevelopmentExpenses": 0,
    "generalAndAdministrativeExpenses": 576217000,
    "sellingAndMarketingExpenses": 0,
    "sellingGeneralAndAdministrativeExpenses": 576217000,
    "otherExpenses": 22143000,
    "operatingExpenses": 598360000,
    "costAndExpenses": 2440000000,
    "interestIncome": 0,
    "interestExpense": 6733000,
    "depreciationAndAmortization": 22143000,
    "ebitda": 184258000,
    "ebitdaratio": 0.0708108596,
    "operatingIncome": 162115000,
    "operatingIncomeRatio": 0.0623012434,
    "totalOtherIncomeExpensesNet": 0,
    "incomeBeforeTax": 162115000,
    "incomeBeforeTaxRatio": 0.0623012434,
    "incomeTaxExpense": 61506000,
    "netIncome": 100609000,
    "netIncomeRatio": 0.0386643173,
    "eps": 0.63,
    "epsdiluted": 0.63,
    "weightedAverageShsOut": 158771000,
    "weightedAverageShsOutDil": 159179000,
    "link": "https://www.sec.gov/Archives/edgar/data/40987/000095012310045135/0000950123-10-045135-index.htm",
    "finalLink": "https://www.sec.gov/Archives/edgar/data/40987/000095012310045135/c98169e10vq.htm"
  },
  {
    "date": "2009-12-31",
    "symbol": "GPC",
    "reportedCurrency": "USD",
    "cik": "0000040987",
    "fillingDate": "2010-02-26",
    "acceptedDate": "2010-02-26 11:40:00",
    "calendarYear": "2009",
    "period": "Q4",
    "revenue": 2471214000,
    "costOfRevenue": 1703754000,
    "grossProfit": 767460000,
    "grossProfitRatio": 0.310559911,
    "researchAndDevelopmentExpenses": 0,
    "generalAndAdministrativeExpenses": 526551000,
    "sellingAndMarketingExpenses": 0,
    "sellingGeneralAndAdministrativeExpenses": 526551000,
    "otherExpenses": 51380000,
    "operatingExpenses": 577931000,
    "costAndExpenses": 2281685000,
    "interestIncome": 0,
    "interestExpense": 20789000,
    "depreciationAndAmortization": 22917000,
    "ebitda": 213543000,
    "ebitdaratio": 0.0864121845,
    "operatingIncome": 189529000,
    "operatingIncomeRatio": 0.0766946934,
    "totalOtherIncomeExpensesNet": -26788000,
    "incomeBeforeTax": 162741000,
    "incomeBeforeTaxRatio": 0.0658546771,
    "incomeTaxExpense": 63574000,
    "netIncome": 99167000,
    "netIncomeRatio": 0.0401288597,
    "eps": 0.62,
    "epsdiluted": 0.62,
    "weightedAverageShsOut": 158771000,
    "weightedAverageShsOutDil": 158771000,
    "link": "https://www.sec.gov/Archives/edgar/data/40987/000095012310017728/0000950123-10-017728-index.htm",
    "finalLink": "https://www.sec.gov/Archives/edgar/data/40987/000095012310017728/g21781e10vk.htm"
  },
  {
    "date": "2009-09-30",
    "symbol": "GPC",
    "reportedCurrency": "USD",
    "cik": "0000040987",
    "fillingDate": "2009-11-05",
    "acceptedDate": "2009-11-05 12:42:49",
    "calendarYear": "2009",
    "period": "Q3",
    "revenue": 2606757000,
    "costOfRevenue": 1841511000,
    "grossProfit": 765246000,
    "grossProfitRatio": 0.2935624609,
    "researchAndDevelopmentExpenses": 0,
    "generalAndAdministrativeExpenses": 571978000,
    "sellingAndMarketingExpenses": 22562000,
    "sellingGeneralAndAdministrativeExpenses": 594540000,
    "otherExpenses": 0,
    "operatingExpenses": 594540000,
    "costAndExpenses": 2436051000,
    "interestIncome": 0,
    "interestExpense": 6662000,
    "depreciationAndAmortization": 22562000,
    "ebitda": 193268000,
    "ebitdaratio": 0.0741411647,
    "operatingIncome": 170706000,
    "operatingIncomeRatio": 0.0654859659,
    "totalOtherIncomeExpensesNet": 0,
    "incomeBeforeTax": 170706000,
    "incomeBeforeTaxRatio": 0.0654859659,
    "incomeTaxExpense": 63067000,
    "netIncome": 107639000,
    "netIncomeRatio": 0.041292303,
    "eps": 0.67,
    "epsdiluted": 0.67,
    "weightedAverageShsOut": 159541000,
    "weightedAverageShsOutDil": 159541000,
    "link": "https://www.sec.gov/Archives/edgar/data/40987/000095012309058201/0000950123-09-058201-index.htm",
    "finalLink": "https://www.sec.gov/Archives/edgar/data/40987/000095012309058201/c91716e10vq.htm"
  },
  {
    "date": "2009-06-30",
    "symbol": "GPC",
    "reportedCurrency": "USD",
    "cik": "0000040987",
    "fillingDate": "2009-08-06",
    "acceptedDate": "2009-08-06 14:35:25",
    "calendarYear": "2009",
    "period": "Q2",
    "revenue": 2535045000,
    "costOfRevenue": 1790190000,
    "grossProfit": 744855000,
    "grossProfitRatio": 0.2938231866,
    "researchAndDevelopmentExpenses": 0,
    "generalAndAdministrativeExpenses": 556394000,
    "sellingAndMarketingExpenses": 0,
    "sellingGeneralAndAdministrativeExpenses": 556394000,
    "otherExpenses": 22411000,
    "operatingExpenses": 578805000,
    "costAndExpenses": 2368995000,
    "interestIncome": 0,
    "interestExpense": 6752000,
    "depreciationAndAmortization": 22411000,
    "ebitda": 188461000,
    "ebitdaratio": 0.0743422701,
    "operatingIncome": 166050000,
    "operatingIncomeRatio": 0.0655017958,
    "totalOtherIncomeExpensesNet": 0,
    "incomeBeforeTax": 166050000,
    "incomeBeforeTaxRatio": 0.0655017958,
    "incomeTaxExpense": 62440000,
    "netIncome": 103610000,
    "netIncomeRatio": 0.0408710693,
    "eps": 0.65,
    "epsdiluted": 0.65,
    "weightedAverageShsOut": 159513000,
    "weightedAverageShsOutDil": 159766000,
    "link": "https://www.sec.gov/Archives/edgar/data/40987/000095012309031054/0000950123-09-031054-index.htm",
    "finalLink": "https://www.sec.gov/Archives/edgar/data/40987/000095012309031054/c88730e10vq.htm"
  },
  {
    "date": "2009-03-31",
    "symbol": "GPC",
    "reportedCurrency": "USD",
    "cik": "0000040987",
    "fillingDate": "2009-05-07",
    "acceptedDate": "2009-05-07 15:02:45",
    "calendarYear": "2009",
    "period": "Q1",
    "revenue": 2444496000,
    "costOfRevenue": 1712295000,
    "grossProfit": 732201000,
    "grossProfitRatio": 0.2995304554,
    "researchAndDevelopmentExpenses": 0,
    "generalAndAdministrativeExpenses": 565012000,
    "sellingAndMarketingExpenses": 0,
    "sellingGeneralAndAdministrativeExpenses": 565012000,
    "otherExpenses": 22521000,
    "operatingExpenses": 587533000,
    "costAndExpenses": 2299828000,
    "interestIncome": 0,
    "interestExpense": 7096000,
    "depreciationAndAmortization": 22521000,
    "ebitda": 167189000,
    "ebitdaratio": 0.0683940575,
    "operatingIncome": 144668000,
    "operatingIncomeRatio": 0.0591811155,
    "totalOtherIncomeExpensesNet": 0,
    "incomeBeforeTax": 144668000,
    "incomeBeforeTaxRatio": 0.0591811155,
    "incomeTaxExpense": 55509000,
    "netIncome": 89159000,
    "netIncomeRatio": 0.0364733671,
    "eps": 0.56,
    "epsdiluted": 0.56,
    "weightedAverageShsOut": 159444000,
    "weightedAverageShsOutDil": 159663000,
    "link": "https://www.sec.gov/Archives/edgar/data/40987/000136231009006749/0001362310-09-006749-index.htm",
    "finalLink": "https://www.sec.gov/Archives/edgar/data/40987/000136231009006749/c84843e10vq.htm"
  },
  {
    "date": "2008-12-31",
    "symbol": "GPC",
    "reportedCurrency": "USD",
    "cik": "0000040987",
    "fillingDate": "2009-02-27",
    "acceptedDate": "2009-02-27 08:33:25",
    "calendarYear": "2008",
    "period": "Q4",
    "revenue": 2520190000,
    "costOfRevenue": 1768401000,
    "grossProfit": 751789000,
    "grossProfitRatio": 0.2983064769,
    "researchAndDevelopmentExpenses": 0,
    "generalAndAdministrativeExpenses": 547714000,
    "sellingAndMarketingExpenses": 0,
    "sellingGeneralAndAdministrativeExpenses": 547714000,
    "otherExpenses": 22229000,
    "operatingExpenses": 569943000,
    "costAndExpenses": 2338344000,
    "interestIncome": 0,
    "interestExpense": 0,
    "depreciationAndAmortization": 22229000,
    "ebitda": 204075000,
    "ebitdaratio": 0.0809760375,
    "operatingIncome": 181846000,
    "operatingIncomeRatio": 0.0721556708,
    "totalOtherIncomeExpensesNet": -31612000,
    "incomeBeforeTax": 150234000,
    "incomeBeforeTaxRatio": 0.0596121721,
    "incomeTaxExpense": 62450000,
    "netIncome": 87784000,
    "netIncomeRatio": 0.0348322944,
    "eps": 0.55,
    "epsdiluted": 0.55,
    "weightedAverageShsOut": 159432000,
    "weightedAverageShsOutDil": 159444000,
    "link": "https://www.sec.gov/Archives/edgar/data/40987/000095014409001684/0000950144-09-001684-index.htm",
    "finalLink": "https://www.sec.gov/Archives/edgar/data/40987/000095014409001684/g17012e10vk.htm"
  },
  {
    "date": "2008-09-30",
    "symbol": "GPC",
    "reportedCurrency": "USD",
    "cik": "0000040987",
    "fillingDate": "2008-11-03",
    "acceptedDate": "2008-11-03 15:12:00",
    "calendarYear": "2008",
    "period": "Q3",
    "revenue": 2882115000,
    "costOfRevenue": 2033110000,
    "grossProfit": 849005000,
    "grossProfitRatio": 0.2945770727,
    "researchAndDevelopmentExpenses": 0,
    "generalAndAdministrativeExpenses": 616395000,
    "sellingAndMarketingExpenses": 0,
    "sellingGeneralAndAdministrativeExpenses": 616395000,
    "otherExpenses": 21768000,
    "operatingExpenses": 638163000,
    "costAndExpenses": 2671273000,
    "interestIncome": 0,
    "interestExpense": 7391000,
    "depreciationAndAmortization": 21768000,
    "ebitda": 232610000,
    "ebitdaratio": 0.0807080911,
    "operatingIncome": 210842000,
    "operatingIncomeRatio": 0.0731553044,
    "totalOtherIncomeExpensesNet": 0,
    "incomeBeforeTax": 210842000,
    "incomeBeforeTaxRatio": 0.0731553044,
    "incomeTaxExpense": 79825000,
    "netIncome": 131017000,
    "netIncomeRatio": 0.0454586302,
    "eps": 0.81,
    "epsdiluted": 0.81,
    "weightedAverageShsOut": 161603000,
    "weightedAverageShsOutDil": 161603000,
    "link": "https://www.sec.gov/Archives/edgar/data/40987/000136231008006526/0001362310-08-006526-index.htm",
    "finalLink": "https://www.sec.gov/Archives/edgar/data/40987/000136231008006526/c76578e10vq.htm"
  },
  {
    "date": "2008-06-30",
    "symbol": "GPC",
    "reportedCurrency": "USD",
    "cik": "0000040987",
    "fillingDate": "2008-08-06",
    "acceptedDate": "2008-08-06 10:48:06",
    "calendarYear": "2008",
    "period": "Q2",
    "revenue": 2873485000,
    "costOfRevenue": 2021272000,
    "grossProfit": 852213000,
    "grossProfitRatio": 0.2965781969,
    "researchAndDevelopmentExpenses": 0,
    "generalAndAdministrativeExpenses": 614485000,
    "sellingAndMarketingExpenses": 0,
    "sellingGeneralAndAdministrativeExpenses": 614485000,
    "otherExpenses": 22017000,
    "operatingExpenses": 636502000,
    "costAndExpenses": 2657774000,
    "interestIncome": 0,
    "interestExpense": 7332000,
    "depreciationAndAmortization": 22017000,
    "ebitda": 237728000,
    "ebitdaratio": 0.082731596,
    "operatingIncome": 215711000,
    "operatingIncomeRatio": 0.0750694714,
    "totalOtherIncomeExpensesNet": 0,
    "incomeBeforeTax": 215711000,
    "incomeBeforeTaxRatio": 0.0750694714,
    "incomeTaxExpense": 82638000,
    "netIncome": 133073000,
    "netIncomeRatio": 0.0463106646,
    "eps": 0.81,
    "epsdiluted": 0.81,
    "weightedAverageShsOut": 163411000,
    "weightedAverageShsOutDil": 164127000,
    "link": "https://www.sec.gov/Archives/edgar/data/40987/000136231008004203/0001362310-08-004203-index.htm",
    "finalLink": "https://www.sec.gov/Archives/edgar/data/40987/000136231008004203/c74198e10vq.htm"
  },
  {
    "date": "2008-03-31",
    "symbol": "GPC",
    "reportedCurrency": "USD",
    "cik": "0000040987",
    "fillingDate": "2008-05-07",
    "acceptedDate": "2008-05-07 11:37:59",
    "calendarYear": "2008",
    "period": "Q1",
    "revenue": 2739473000,
    "costOfRevenue": 1919990000,
    "grossProfit": 819483000,
    "grossProfitRatio": 0.299138922,
    "researchAndDevelopmentExpenses": 0,
    "generalAndAdministrativeExpenses": 605118000,
    "sellingAndMarketingExpenses": 0,
    "sellingGeneralAndAdministrativeExpenses": 605118000,
    "otherExpenses": 22684000,
    "operatingExpenses": 627802000,
    "costAndExpenses": 2547792000,
    "interestIncome": 0,
    "interestExpense": 7154000,
    "depreciationAndAmortization": 22684000,
    "ebitda": 221519000,
    "ebitdaratio": 0.080861903,
    "operatingIncome": 191681000,
    "operatingIncomeRatio": 0.0699700271,
    "totalOtherIncomeExpensesNet": 0,
    "incomeBeforeTax": 191681000,
    "incomeBeforeTaxRatio": 0.0699700271,
    "incomeTaxExpense": 68138000,
    "netIncome": 123543000,
    "netIncomeRatio": 0.04509736,
    "eps": 0.75,
    "epsdiluted": 0.75,
    "weightedAverageShsOut": 164977000,
    "weightedAverageShsOutDil": 165706000,
    "link": "https://www.sec.gov/Archives/edgar/data/40987/000136231008002485/0001362310-08-002485-index.htm",
    "finalLink": "https://www.sec.gov/Archives/edgar/data/40987/000136231008002485/c73221e10vq.htm"
  },
  {
    "date": "2007-12-31",
    "symbol": "GPC",
    "reportedCurrency": "USD",
    "cik": "0000040987",
    "fillingDate": "2008-02-29",
    "acceptedDate": "2008-02-28 20:30:24",
    "calendarYear": "2007",
    "period": "Q4",
    "revenue": 2627269000,
    "costOfRevenue": 1982063000,
    "grossProfit": 645206000,
    "grossProfitRatio": 0.2455804868,
    "researchAndDevelopmentExpenses": 0,
    "generalAndAdministrativeExpenses": 396979000,
    "sellingAndMarketingExpenses": 0,
    "sellingGeneralAndAdministrativeExpenses": 396979000,
    "otherExpenses": 23688000,
    "operatingExpenses": 420667000,
    "costAndExpenses": 2402730000,
    "interestIncome": 0,
    "interestExpense": 0,
    "depreciationAndAmortization": 23688000,
    "ebitda": 248227000,
    "ebitdaratio": 0.0944809991,
    "operatingIncome": 224539000,
    "operatingIncomeRatio": 0.0854647925,
    "totalOtherIncomeExpensesNet": -21107000,
    "incomeBeforeTax": 203432000,
    "incomeBeforeTaxRatio": 0.0774309749,
    "incomeTaxExpense": 77347000,
    "netIncome": 126085000,
    "netIncomeRatio": 0.0479908985,
    "eps": 0.76,
    "epsdiluted": 0.76,
    "weightedAverageShsOut": 164977000,
    "weightedAverageShsOutDil": 164977000,
    "link": "https://www.sec.gov/Archives/edgar/data/40987/000095014408001503/0000950144-08-001503-index.htm",
    "finalLink": "https://www.sec.gov/Archives/edgar/data/40987/000095014408001503/g11900e10vk.htm"
  },
  {
    "date": "2007-09-30",
    "symbol": "GPC",
    "reportedCurrency": "USD",
    "cik": "0000040987",
    "fillingDate": "2007-11-05",
    "acceptedDate": "2007-11-05 09:31:05",
    "calendarYear": "2007",
    "period": "Q3",
    "revenue": 2797556000,
    "costOfRevenue": 1927068000,
    "grossProfit": 870488000,
    "grossProfitRatio": 0.3111601698,
    "researchAndDevelopmentExpenses": 0,
    "generalAndAdministrativeExpenses": 641107000,
    "sellingAndMarketingExpenses": 0,
    "sellingGeneralAndAdministrativeExpenses": 641107000,
    "otherExpenses": 21994000,
    "operatingExpenses": 663101000,
    "costAndExpenses": 2590169000,
    "interestIncome": 0,
    "interestExpense": 4706000,
    "depreciationAndAmortization": 21994000,
    "ebitda": 229381000,
    "ebitdaratio": 0.0819933542,
    "operatingIncome": 207387000,
    "operatingIncomeRatio": 0.0741314919,
    "totalOtherIncomeExpensesNet": 0,
    "incomeBeforeTax": 207387000,
    "incomeBeforeTaxRatio": 0.0741314919,
    "incomeTaxExpense": 78807000,
    "netIncome": 128580000,
    "netIncomeRatio": 0.0459615464,
    "eps": 0.76,
    "epsdiluted": 0.76,
    "weightedAverageShsOut": 168819000,
    "weightedAverageShsOutDil": 169825000,
    "link": "https://www.sec.gov/Archives/edgar/data/40987/000136231007002688/0001362310-07-002688-index.htm",
    "finalLink": "https://www.sec.gov/Archives/edgar/data/40987/000136231007002688/c71407e10vq.htm"
  },
  {
    "date": "2007-06-30",
    "symbol": "GPC",
    "reportedCurrency": "USD",
    "cik": "0000040987",
    "fillingDate": "2007-08-07",
    "acceptedDate": "2007-08-07 10:11:54",
    "calendarYear": "2007",
    "period": "Q2",
    "revenue": 2769527000,
    "costOfRevenue": 1899942000,
    "grossProfit": 869585000,
    "grossProfitRatio": 0.3139832181,
    "researchAndDevelopmentExpenses": 0,
    "generalAndAdministrativeExpenses": 638451000,
    "sellingAndMarketingExpenses": 0,
    "sellingGeneralAndAdministrativeExpenses": 638451000,
    "otherExpenses": 21318000,
    "operatingExpenses": 659769000,
    "costAndExpenses": 2559711000,
    "interestIncome": 0,
    "interestExpense": 5173000,
    "depreciationAndAmortization": 21318000,
    "ebitda": 231134000,
    "ebitdaratio": 0.0834561281,
    "operatingIncome": 209816000,
    "operatingIncomeRatio": 0.0757587848,
    "totalOtherIncomeExpensesNet": 0,
    "incomeBeforeTax": 209816000,
    "incomeBeforeTaxRatio": 0.0757587848,
    "incomeTaxExpense": 79695000,
    "netIncome": 130121000,
    "netIncomeRatio": 0.046983113,
    "eps": 0.76,
    "epsdiluted": 0.76,
    "weightedAverageShsOut": 170318000,
    "weightedAverageShsOutDil": 171380000,
    "link": "https://www.sec.gov/Archives/edgar/data/40987/000136231007001610/0001362310-07-001610-index.htm",
    "finalLink": "https://www.sec.gov/Archives/edgar/data/40987/000136231007001610/c70915e10vq.htm"
  },
  {
    "date": "2007-03-31",
    "symbol": "GPC",
    "reportedCurrency": "USD",
    "cik": "0000040987",
    "fillingDate": "2007-05-07",
    "acceptedDate": "2007-05-07 11:35:02",
    "calendarYear": "2007",
    "period": "Q1",
    "revenue": 2648843000,
    "costOfRevenue": 1816899000,
    "grossProfit": 831944000,
    "grossProfitRatio": 0.3140782598,
    "researchAndDevelopmentExpenses": 0,
    "generalAndAdministrativeExpenses": 615132000,
    "sellingAndMarketingExpenses": 0,
    "sellingGeneralAndAdministrativeExpenses": 615132000,
    "otherExpenses": 20702000,
    "operatingExpenses": 635834000,
    "costAndExpenses": 2452733000,
    "interestIncome": 0,
    "interestExpense": 6671000,
    "depreciationAndAmortization": 20702000,
    "ebitda": 216812000,
    "ebitdaratio": 0.0818515858,
    "operatingIncome": 196110000,
    "operatingIncomeRatio": 0.074036098,
    "totalOtherIncomeExpensesNet": 0,
    "incomeBeforeTax": 196110000,
    "incomeBeforeTaxRatio": 0.074036098,
    "incomeTaxExpense": 74557000,
    "netIncome": 121553000,
    "netIncomeRatio": 0.045889092,
    "eps": 0.71,
    "epsdiluted": 0.71,
    "weightedAverageShsOut": 170466000,
    "weightedAverageShsOutDil": 171501000,
    "link": "https://www.sec.gov/Archives/edgar/data/40987/000136231007000672/0001362310-07-000672-index.htm",
    "finalLink": "https://www.sec.gov/Archives/edgar/data/40987/000136231007000672/c70460e10vq.htm"
  },
  {
    "date": "2006-12-31",
    "symbol": "GPC",
    "reportedCurrency": "USD",
    "cik": "0000040987",
    "fillingDate": "2007-02-28",
    "acceptedDate": "2007-02-28 12:33:46",
    "calendarYear": "2006",
    "period": "Q4",
    "revenue": 2542944000,
    "costOfRevenue": 1727403000,
    "grossProfit": 815541000,
    "grossProfitRatio": 0.3207074163,
    "researchAndDevelopmentExpenses": 0,
    "generalAndAdministrativeExpenses": 577730000,
    "sellingAndMarketingExpenses": 0,
    "sellingGeneralAndAdministrativeExpenses": 577730000,
    "otherExpenses": 17932000,
    "operatingExpenses": 595662000,
    "costAndExpenses": 2323065000,
    "interestIncome": 0,
    "interestExpense": 0,
    "depreciationAndAmortization": 17932000,
    "ebitda": 237811000,
    "ebitdaratio": 0.0935179855,
    "operatingIncome": 219879000,
    "operatingIncomeRatio": 0.0864663162,
    "totalOtherIncomeExpensesNet": -25802000,
    "incomeBeforeTax": 194077000,
    "incomeBeforeTaxRatio": 0.0763198089,
    "incomeTaxExpense": 74610000,
    "netIncome": 119467000,
    "netIncomeRatio": 0.0469797998,
    "eps": 0.7,
    "epsdiluted": 0.7,
    "weightedAverageShsOut": 170454000,
    "weightedAverageShsOutDil": 170466000,
    "link": "https://www.sec.gov/Archives/edgar/data/40987/000095014407001699/0000950144-07-001699-index.htm",
    "finalLink": "https://www.sec.gov/Archives/edgar/data/40987/000095014407001699/g05682e10vk.htm"
  },
  {
    "date": "2006-09-30",
    "symbol": "GPC",
    "reportedCurrency": "USD",
    "cik": "0000040987",
    "fillingDate": "2006-11-06",
    "acceptedDate": "2006-11-06 11:42:03",
    "calendarYear": "2006",
    "period": "Q3",
    "revenue": 2699641000,
    "costOfRevenue": 1868346000,
    "grossProfit": 831295000,
    "grossProfitRatio": 0.3079279801,
    "researchAndDevelopmentExpenses": 0,
    "generalAndAdministrativeExpenses": 614209000,
    "sellingAndMarketingExpenses": 0,
    "sellingGeneralAndAdministrativeExpenses": 614209000,
    "otherExpenses": 20236000,
    "operatingExpenses": 634445000,
    "costAndExpenses": 2502791000,
    "interestIncome": 0,
    "interestExpense": 6708000,
    "depreciationAndAmortization": 20236000,
    "ebitda": 217086000,
    "ebitdaratio": 0.0804129142,
    "operatingIncome": 196850000,
    "operatingIncomeRatio": 0.0729171027,
    "totalOtherIncomeExpensesNet": 0,
    "incomeBeforeTax": 196850000,
    "incomeBeforeTaxRatio": 0.0729171027,
    "incomeTaxExpense": 75517000,
    "netIncome": 121333000,
    "netIncomeRatio": 0.0449441241,
    "eps": 0.71,
    "epsdiluted": 0.71,
    "weightedAverageShsOut": 170912000,
    "weightedAverageShsOutDil": 171737000,
    "link": "https://www.sec.gov/Archives/edgar/data/40987/000136231006000289/0001362310-06-000289-index.htm",
    "finalLink": "https://www.sec.gov/Archives/edgar/data/40987/000136231006000289/c70047e10vq.htm"
  },
  {
    "date": "2006-06-30",
    "symbol": "GPC",
    "reportedCurrency": "USD",
    "cik": "0000040987",
    "fillingDate": "2006-08-04",
    "acceptedDate": "2006-08-04 11:30:49",
    "calendarYear": "2006",
    "period": "Q2",
    "revenue": 2661805000,
    "costOfRevenue": 1836623000,
    "grossProfit": 825182000,
    "grossProfitRatio": 0.3100084341,
    "researchAndDevelopmentExpenses": 0,
    "generalAndAdministrativeExpenses": 612056000,
    "sellingAndMarketingExpenses": 0,
    "sellingGeneralAndAdministrativeExpenses": 612056000,
    "otherExpenses": 17632000,
    "operatingExpenses": 629688000,
    "costAndExpenses": 2466311000,
    "interestIncome": 0,
    "interestExpense": 6415000,
    "depreciationAndAmortization": 17632000,
    "ebitda": 213126000,
    "ebitdaratio": 0.0800682244,
    "operatingIncome": 195494000,
    "operatingIncomeRatio": 0.0734441479,
    "totalOtherIncomeExpensesNet": 0,
    "incomeBeforeTax": 195494000,
    "incomeBeforeTaxRatio": 0.0734441479,
    "incomeTaxExpense": 74814000,
    "netIncome": 120680000,
    "netIncomeRatio": 0.0453376562,
    "eps": 0.7,
    "epsdiluted": 0.7,
    "weightedAverageShsOut": 172186000,
    "weightedAverageShsOutDil": 173079000,
    "link": "https://www.sec.gov/Archives/edgar/data/40987/000095014406007347/0000950144-06-007347-index.htm",
    "finalLink": "https://www.sec.gov/Archives/edgar/data/40987/000095014406007347/g02631e10vq.htm"
  },
  {
    "date": "2006-03-31",
    "symbol": "GPC",
    "reportedCurrency": "USD",
    "cik": "0000040987",
    "fillingDate": "2006-05-09",
    "acceptedDate": "2006-05-09 13:38:17",
    "calendarYear": "2006",
    "period": "Q1",
    "revenue": 2553552000,
    "costOfRevenue": 1750075000,
    "grossProfit": 803477000,
    "grossProfitRatio": 0.3146507297,
    "researchAndDevelopmentExpenses": 0,
    "generalAndAdministrativeExpenses": 601359000,
    "sellingAndMarketingExpenses": 0,
    "sellingGeneralAndAdministrativeExpenses": 601359000,
    "otherExpenses": 17623000,
    "operatingExpenses": 618982000,
    "costAndExpenses": 2369057000,
    "interestIncome": 0,
    "interestExpense": 7172000,
    "depreciationAndAmortization": 17623000,
    "ebitda": 202118000,
    "ebitdaratio": 0.0791517071,
    "operatingIncome": 184495000,
    "operatingIncomeRatio": 0.0722503399,
    "totalOtherIncomeExpensesNet": 0,
    "incomeBeforeTax": 184495000,
    "incomeBeforeTaxRatio": 0.0722503399,
    "incomeTaxExpense": 70570000,
    "netIncome": 113925000,
    "netIncomeRatio": 0.0446143255,
    "eps": 0.66,
    "epsdiluted": 0.66,
    "weightedAverageShsOut": 172773000,
    "weightedAverageShsOutDil": 173685000,
    "link": "https://www.sec.gov/Archives/edgar/data/40987/000095014406004651/0000950144-06-004651-index.htm",
    "finalLink": "https://www.sec.gov/Archives/edgar/data/40987/000095014406004651/g01318e10vq.htm"
  },
  {
    "date": "2005-12-31",
    "symbol": "GPC",
    "reportedCurrency": "USD",
    "cik": "0000040987",
    "fillingDate": "2006-03-03",
    "acceptedDate": "2006-03-03 15:17:45",
    "calendarYear": "2005",
    "period": "Q4",
    "revenue": 2409689000,
    "costOfRevenue": 1621842000,
    "grossProfit": 787847000,
    "grossProfitRatio": 0.3269496603,
    "researchAndDevelopmentExpenses": 0,
    "generalAndAdministrativeExpenses": 610930000,
    "sellingAndMarketingExpenses": 0,
    "sellingGeneralAndAdministrativeExpenses": 610930000,
    "otherExpenses": 0,
    "operatingExpenses": 610930000,
    "costAndExpenses": 2232772000,
    "interestIncome": 0,
    "interestExpense": 0,
    "depreciationAndAmortization": 14100000,
    "ebitda": 191017000,
    "ebitdaratio": 0.0792703955,
    "operatingIncome": 176917000,
    "operatingIncomeRatio": 0.073419018,
    "totalOtherIncomeExpensesNet": 0,
    "incomeBeforeTax": 176917000,
    "incomeBeforeTaxRatio": 0.073419018,
    "incomeTaxExpense": 67924000,
    "netIncome": 108993000,
    "netIncomeRatio": 0.0452311481,
    "eps": 0.63,
    "epsdiluted": 0.63,
    "weightedAverageShsOut": 172773000,
    "weightedAverageShsOutDil": 172773000,
    "link": "https://www.sec.gov/Archives/edgar/data/40987/000095014406001772/0000950144-06-001772-index.htm",
    "finalLink": "https://www.sec.gov/Archives/edgar/data/40987/000095014406001772/g99860e10vk.htm"
  },
  {
    "date": "2005-09-30",
    "symbol": "GPC",
    "reportedCurrency": "USD",
    "cik": "0000040987",
    "fillingDate": "2005-10-28",
    "acceptedDate": "2005-10-28 14:20:17",
    "calendarYear": "2005",
    "period": "Q3",
    "revenue": 2555503000,
    "costOfRevenue": 1777001000,
    "grossProfit": 778502000,
    "grossProfitRatio": 0.3046374823,
    "researchAndDevelopmentExpenses": 0,
    "generalAndAdministrativeExpenses": 598403000,
    "sellingAndMarketingExpenses": 0,
    "sellingGeneralAndAdministrativeExpenses": 598403000,
    "otherExpenses": 0,
    "operatingExpenses": 598403000,
    "costAndExpenses": 2375404000,
    "interestIncome": 0,
    "interestExpense": 8159000,
    "depreciationAndAmortization": 17169000,
    "ebitda": 197268000,
    "ebitdaratio": 0.0771934136,
    "operatingIncome": 180099000,
    "operatingIncomeRatio": 0.0704749711,
    "totalOtherIncomeExpensesNet": 0,
    "incomeBeforeTax": 180099000,
    "incomeBeforeTaxRatio": 0.0704749711,
    "incomeTaxExpense": 69223000,
    "netIncome": 110876000,
    "netIncomeRatio": 0.0433871531,
    "eps": 0.64,
    "epsdiluted": 0.63,
    "weightedAverageShsOut": 173929000,
    "weightedAverageShsOutDil": 174885000,
    "link": "https://www.sec.gov/Archives/edgar/data/40987/000095014405010835/0000950144-05-010835-index.htm",
    "finalLink": "https://www.sec.gov/Archives/edgar/data/40987/000095014405010835/g97923e10vq.htm"
  },
  {
    "date": "2005-06-30",
    "symbol": "GPC",
    "reportedCurrency": "USD",
    "cik": "0000040987",
    "fillingDate": "2005-07-28",
    "acceptedDate": "2005-07-28 15:31:01",
    "calendarYear": "2005",
    "period": "Q2",
    "revenue": 2475657000,
    "costOfRevenue": 1714400000,
    "grossProfit": 761257000,
    "grossProfitRatio": 0.3074969594,
    "researchAndDevelopmentExpenses": 0,
    "generalAndAdministrativeExpenses": 581419000,
    "sellingAndMarketingExpenses": 0,
    "sellingGeneralAndAdministrativeExpenses": 581419000,
    "otherExpenses": 0,
    "operatingExpenses": 581419000,
    "costAndExpenses": 2295819000,
    "interestIncome": 0,
    "interestExpense": 7263000,
    "depreciationAndAmortization": 17189000,
    "ebitda": 197027000,
    "ebitdaratio": 0.0795857423,
    "operatingIncome": 179838000,
    "operatingIncomeRatio": 0.0726425349,
    "totalOtherIncomeExpensesNet": 0,
    "incomeBeforeTax": 179838000,
    "incomeBeforeTaxRatio": 0.0726425349,
    "incomeTaxExpense": 68871000,
    "netIncome": 110967000,
    "netIncomeRatio": 0.044823253,
    "eps": 0.64,
    "epsdiluted": 0.63,
    "weightedAverageShsOut": 174270000,
    "weightedAverageShsOutDil": 175232000,
    "link": "https://www.sec.gov/Archives/edgar/data/40987/000095014405007859/0000950144-05-007859-index.htm",
    "finalLink": "https://www.sec.gov/Archives/edgar/data/40987/000095014405007859/g96489e10vq.htm"
  },
  {
    "date": "2005-03-31",
    "symbol": "GPC",
    "reportedCurrency": "USD",
    "cik": "0000040987",
    "fillingDate": "2005-04-27",
    "acceptedDate": "2005-04-27 09:22:54",
    "calendarYear": "2005",
    "period": "Q1",
    "revenue": 2342201000,
    "costOfRevenue": 1605721000,
    "grossProfit": 736480000,
    "grossProfitRatio": 0.3144392817,
    "researchAndDevelopmentExpenses": 0,
    "generalAndAdministrativeExpenses": 564270000,
    "sellingAndMarketingExpenses": 0,
    "sellingGeneralAndAdministrativeExpenses": 564270000,
    "otherExpenses": 0,
    "operatingExpenses": 564270000,
    "costAndExpenses": 2169991000,
    "interestIncome": 0,
    "interestExpense": 7947000,
    "depreciationAndAmortization": 17071000,
    "ebitda": 189281000,
    "ebitdaratio": 0.0808133034,
    "operatingIncome": 172210000,
    "operatingIncomeRatio": 0.0735248597,
    "totalOtherIncomeExpensesNet": 0,
    "incomeBeforeTax": 172210000,
    "incomeBeforeTaxRatio": 0.0735248597,
    "incomeTaxExpense": 65612000,
    "netIncome": 106598000,
    "netIncomeRatio": 0.0455118924,
    "eps": 0.61,
    "epsdiluted": 0.61,
    "weightedAverageShsOut": 174772000,
    "weightedAverageShsOutDil": 176036000,
    "link": "https://www.sec.gov/Archives/edgar/data/40987/000095014405004390/0000950144-05-004390-index.htm",
    "finalLink": "https://www.sec.gov/Archives/edgar/data/40987/000095014405004390/g94796e10vq.htm"
  },
  {
    "date": "2004-12-31",
    "symbol": "GPC",
    "reportedCurrency": "USD",
    "cik": "0000040987",
    "fillingDate": "2005-03-07",
    "acceptedDate": "2005-03-07 15:25:09",
    "calendarYear": "2004",
    "period": "Q4",
    "revenue": 2253307000,
    "costOfRevenue": 1502953000,
    "grossProfit": 750354000,
    "grossProfitRatio": 0.3330012289,
    "researchAndDevelopmentExpenses": 0,
    "generalAndAdministrativeExpenses": 598483000,
    "sellingAndMarketingExpenses": 0,
    "sellingGeneralAndAdministrativeExpenses": 598483000,
    "otherExpenses": 0,
    "operatingExpenses": 598483000,
    "costAndExpenses": 2101436000,
    "interestIncome": 0,
    "interestExpense": 0,
    "depreciationAndAmortization": 12432000,
    "ebitda": 164303000,
    "ebitdaratio": 0.0729163847,
    "operatingIncome": 151871000,
    "operatingIncomeRatio": 0.0673991604,
    "totalOtherIncomeExpensesNet": 0,
    "incomeBeforeTax": 151871000,
    "incomeBeforeTaxRatio": 0.0673991604,
    "incomeTaxExpense": 55557000,
    "netIncome": 96314000,
    "netIncomeRatio": 0.0427433989,
    "eps": 0.55,
    "epsdiluted": 0.55,
    "weightedAverageShsOut": 174772000,
    "weightedAverageShsOutDil": 174772000,
    "link": "https://www.sec.gov/Archives/edgar/data/40987/000095014405002175/0000950144-05-002175-index.htm",
    "finalLink": "https://www.sec.gov/Archives/edgar/data/40987/000095014405002175/g93577e10vk.htm"
  },
  {
    "date": "2004-09-30",
    "symbol": "GPC",
    "reportedCurrency": "USD",
    "cik": "0000040987",
    "fillingDate": "2004-11-01",
    "acceptedDate": "2004-11-01 10:19:24",
    "calendarYear": "2004",
    "period": "Q3",
    "revenue": 2349283000,
    "costOfRevenue": 1649890000,
    "grossProfit": 699393000,
    "grossProfitRatio": 0.2977048742,
    "researchAndDevelopmentExpenses": 0,
    "generalAndAdministrativeExpenses": 541675000,
    "sellingAndMarketingExpenses": 0,
    "sellingGeneralAndAdministrativeExpenses": 541675000,
    "otherExpenses": 0,
    "operatingExpenses": 541675000,
    "costAndExpenses": 2191565000,
    "interestIncome": 0,
    "interestExpense": 0,
    "depreciationAndAmortization": 16584000,
    "ebitda": 174302000,
    "ebitdaratio": 0.0741937008,
    "operatingIncome": 157718000,
    "operatingIncomeRatio": 0.0671345257,
    "totalOtherIncomeExpensesNet": 0,
    "incomeBeforeTax": 157718000,
    "incomeBeforeTaxRatio": 0.0671345257,
    "incomeTaxExpense": 59825000,
    "netIncome": 97893000,
    "netIncomeRatio": 0.0416693093,
    "eps": 0.56,
    "epsdiluted": 0.56,
    "weightedAverageShsOut": 174792000,
    "weightedAverageShsOutDil": 175813000,
    "link": "https://www.sec.gov/Archives/edgar/data/40987/000095014404010233/0000950144-04-010233-index.htm",
    "finalLink": "https://www.sec.gov/Archives/edgar/data/40987/000095014404010233/g91524e10vq.htm"
  },
  {
    "date": "2004-06-30",
    "symbol": "GPC",
    "reportedCurrency": "USD",
    "cik": "0000040987",
    "fillingDate": "2004-08-05",
    "acceptedDate": "2004-08-05 15:33:10",
    "calendarYear": "2004",
    "period": "Q2",
    "revenue": 2297686000,
    "costOfRevenue": 1604621000,
    "grossProfit": 693065000,
    "grossProfitRatio": 0.3016360808,
    "researchAndDevelopmentExpenses": 0,
    "generalAndAdministrativeExpenses": 529132000,
    "sellingAndMarketingExpenses": 0,
    "sellingGeneralAndAdministrativeExpenses": 529132000,
    "otherExpenses": 0,
    "operatingExpenses": 529132000,
    "costAndExpenses": 2133753000,
    "interestIncome": 0,
    "interestExpense": 0,
    "depreciationAndAmortization": 16998000,
    "ebitda": 180931000,
    "ebitdaratio": 0.0787448764,
    "operatingIncome": 163933000,
    "operatingIncomeRatio": 0.0713469987,
    "totalOtherIncomeExpensesNet": 0,
    "incomeBeforeTax": 163933000,
    "incomeBeforeTaxRatio": 0.0713469987,
    "incomeTaxExpense": 62787000,
    "netIncome": 101146000,
    "netIncomeRatio": 0.0440208105,
    "eps": 0.58,
    "epsdiluted": 0.58,
    "weightedAverageShsOut": 174829000,
    "weightedAverageShsOutDil": 175644000,
    "link": "https://www.sec.gov/Archives/edgar/data/40987/000095014404007782/0000950144-04-007782-index.htm",
    "finalLink": "https://www.sec.gov/Archives/edgar/data/40987/000095014404007782/g90287e10vq.htm"
  },
  {
    "date": "2004-03-31",
    "symbol": "GPC",
    "reportedCurrency": "USD",
    "cik": "0000040987",
    "fillingDate": "2004-05-05",
    "acceptedDate": "2004-05-05 14:56:13",
    "calendarYear": "2004",
    "period": "Q1",
    "revenue": 2196991000,
    "costOfRevenue": 1510080000,
    "grossProfit": 686911000,
    "grossProfitRatio": 0.3126599062,
    "researchAndDevelopmentExpenses": 0,
    "generalAndAdministrativeExpenses": 524514000,
    "sellingAndMarketingExpenses": 0,
    "sellingGeneralAndAdministrativeExpenses": 524514000,
    "otherExpenses": 0,
    "operatingExpenses": 524514000,
    "costAndExpenses": 2034594000,
    "interestIncome": 0,
    "interestExpense": 0,
    "depreciationAndAmortization": 16193000,
    "ebitda": 178590000,
    "ebitdaratio": 0.0812884532,
    "operatingIncome": 162397000,
    "operatingIncomeRatio": 0.0739179177,
    "totalOtherIncomeExpensesNet": 0,
    "incomeBeforeTax": 162397000,
    "incomeBeforeTaxRatio": 0.0739179177,
    "incomeTaxExpense": 62198000,
    "netIncome": 100199000,
    "netIncomeRatio": 0.0456073785,
    "eps": 0.57,
    "epsdiluted": 0.57,
    "weightedAverageShsOut": 174320000,
    "weightedAverageShsOutDil": 174900000,
    "link": "https://www.sec.gov/Archives/edgar/data/40987/000095014404004864/0000950144-04-004864-index.htm",
    "finalLink": "https://www.sec.gov/Archives/edgar/data/40987/000095014404004864/g88897e10vq.htm"
  },
  {
    "date": "2003-12-31",
    "symbol": "GPC",
    "reportedCurrency": "USD",
    "cik": "0000040987",
    "fillingDate": "2004-03-08",
    "acceptedDate": "2004-03-08 11:46:47",
    "calendarYear": "2003",
    "period": "Q4",
    "revenue": 2085260000,
    "costOfRevenue": 1404316000,
    "grossProfit": 680944000,
    "grossProfitRatio": 0.3265511255,
    "researchAndDevelopmentExpenses": 0,
    "generalAndAdministrativeExpenses": 547469000,
    "sellingAndMarketingExpenses": 0,
    "sellingGeneralAndAdministrativeExpenses": 547469000,
    "otherExpenses": 0,
    "operatingExpenses": 547469000,
    "costAndExpenses": 1951785000,
    "interestIncome": 0,
    "interestExpense": 0,
    "depreciationAndAmortization": 16907000,
    "ebitda": 150382000,
    "ebitdaratio": 0.0721166665,
    "operatingIncome": 133475000,
    "operatingIncomeRatio": 0.0640088047,
    "totalOtherIncomeExpensesNet": 0,
    "incomeBeforeTax": 133475000,
    "incomeBeforeTaxRatio": 0.0640088047,
    "incomeTaxExpense": 46738000,
    "netIncome": 86737000,
    "netIncomeRatio": 0.0415952927,
    "eps": 0.5,
    "epsdiluted": 0.5,
    "weightedAverageShsOut": 173995000,
    "weightedAverageShsOutDil": 174320000,
    "link": "https://www.sec.gov/Archives/edgar/data/40987/000095014404002091/0000950144-04-002091-index.htm",
    "finalLink": "https://www.sec.gov/Archives/edgar/data/40987/000095014404002091/g87625e10vk.htm"
  },
  {
    "date": "2003-09-30",
    "symbol": "GPC",
    "reportedCurrency": "USD",
    "cik": "0000040987",
    "fillingDate": "2003-11-07",
    "acceptedDate": "2003-11-07 08:54:03",
    "calendarYear": "2003",
    "period": "Q3",
    "revenue": 2189388000,
    "costOfRevenue": 1537439000,
    "grossProfit": 651949000,
    "grossProfitRatio": 0.2977768217,
    "researchAndDevelopmentExpenses": 0,
    "generalAndAdministrativeExpenses": 506903000,
    "sellingAndMarketingExpenses": 0,
    "sellingGeneralAndAdministrativeExpenses": 506903000,
    "otherExpenses": 0,
    "operatingExpenses": 506903000,
    "costAndExpenses": 2044342000,
    "interestIncome": 0,
    "interestExpense": 0,
    "depreciationAndAmortization": 16335000,
    "ebitda": 161381000,
    "ebitdaratio": 0.0737105529,
    "operatingIncome": 145046000,
    "operatingIncomeRatio": 0.0662495638,
    "totalOtherIncomeExpensesNet": 0,
    "incomeBeforeTax": 145046000,
    "incomeBeforeTaxRatio": 0.0662495638,
    "incomeTaxExpense": 56713000,
    "netIncome": 88333000,
    "netIncomeRatio": 0.040345978,
    "eps": 0.51,
    "epsdiluted": 0.51,
    "weightedAverageShsOut": 173948000,
    "weightedAverageShsOutDil": 174429000,
    "link": "https://www.sec.gov/Archives/edgar/data/40987/000095014403012401/0000950144-03-012401-index.htm",
    "finalLink": "https://www.sec.gov/Archives/edgar/data/40987/000095014403012401/g85598e10vq.htm"
  },
  {
    "date": "2003-06-30",
    "symbol": "GPC",
    "reportedCurrency": "USD",
    "cik": "0000040987",
    "fillingDate": "2003-08-08",
    "acceptedDate": "2003-08-08 10:02:20",
    "calendarYear": "2003",
    "period": "Q2",
    "revenue": 2152794000,
    "costOfRevenue": 1501411000,
    "grossProfit": 651383000,
    "grossProfitRatio": 0.3025756296,
    "researchAndDevelopmentExpenses": 0,
    "generalAndAdministrativeExpenses": 503356000,
    "sellingAndMarketingExpenses": 0,
    "sellingGeneralAndAdministrativeExpenses": 503356000,
    "otherExpenses": 0,
    "operatingExpenses": 503356000,
    "costAndExpenses": 2004767000,
    "interestIncome": 0,
    "interestExpense": 0,
    "depreciationAndAmortization": 18740000,
    "ebitda": 166767000,
    "ebitdaratio": 0.0774653776,
    "operatingIncome": 148027000,
    "operatingIncomeRatio": 0.0687604109,
    "totalOtherIncomeExpensesNet": 0,
    "incomeBeforeTax": 148027000,
    "incomeBeforeTaxRatio": 0.0687604109,
    "incomeTaxExpense": 57879000,
    "netIncome": 90148000,
    "netIncomeRatio": 0.0418748845,
    "eps": 0.52,
    "epsdiluted": 0.52,
    "weightedAverageShsOut": 173895000,
    "weightedAverageShsOutDil": 174460000,
    "link": "https://www.sec.gov/Archives/edgar/data/40987/000095014403009528/0000950144-03-009528-index.htm",
    "finalLink": "https://www.sec.gov/Archives/edgar/data/40987/000095014403009528/g84250e10vq.htm"
  },
  {
    "date": "2003-03-31",
    "symbol": "GPC",
    "reportedCurrency": "USD",
    "cik": "0000040987",
    "fillingDate": "2003-05-06",
    "acceptedDate": "2003-05-06 15:01:51",
    "calendarYear": "2003",
    "period": "Q1",
    "revenue": 2021858000,
    "costOfRevenue": 1383518000,
    "grossProfit": 638340000,
    "grossProfitRatio": 0.3157195016,
    "researchAndDevelopmentExpenses": 0,
    "generalAndAdministrativeExpenses": 493145000,
    "sellingAndMarketingExpenses": 0,
    "sellingGeneralAndAdministrativeExpenses": 493145000,
    "otherExpenses": 0,
    "operatingExpenses": 493145000,
    "costAndExpenses": 1876663000,
    "interestIncome": 0,
    "interestExpense": 0,
    "depreciationAndAmortization": 17031000,
    "ebitda": 162226000,
    "ebitdaratio": 0.0802360997,
    "operatingIncome": 145195000,
    "operatingIncomeRatio": 0.0718126594,
    "totalOtherIncomeExpensesNet": 0,
    "incomeBeforeTax": 145195000,
    "incomeBeforeTaxRatio": 0.0718126594,
    "incomeTaxExpense": 56771000,
    "netIncome": 68883000,
    "netIncomeRatio": 0.0340691582,
    "eps": 0.4,
    "epsdiluted": 0.39,
    "weightedAverageShsOut": 174146000,
    "weightedAverageShsOutDil": 174602000,
    "link": "https://www.sec.gov/Archives/edgar/data/40987/000095014403006202/0000950144-03-006202-index.htm",
    "finalLink": "https://www.sec.gov/Archives/edgar/data/40987/000095014403006202/g82552e10vq.htm"
  },
  {
    "date": "2002-12-31",
    "symbol": "GPC",
    "reportedCurrency": "USD",
    "cik": "0000040987",
    "fillingDate": "2003-03-21",
    "acceptedDate": "2003-03-21 14:12:34",
    "calendarYear": "2002",
    "period": "Q4",
    "revenue": 1993501000,
    "costOfRevenue": 1337317000,
    "grossProfit": 656184000,
    "grossProfitRatio": 0.3291616107,
    "researchAndDevelopmentExpenses": 0,
    "generalAndAdministrativeExpenses": 506222000,
    "sellingAndMarketingExpenses": 0,
    "sellingGeneralAndAdministrativeExpenses": 506222000,
    "otherExpenses": 0,
    "operatingExpenses": 506222000,
    "costAndExpenses": 1843539000,
    "interestIncome": 0,
    "interestExpense": 0,
    "depreciationAndAmortization": 17154000,
    "ebitda": 167116000,
    "ebitdaratio": 0.0838304069,
    "operatingIncome": 149962000,
    "operatingIncomeRatio": 0.0752254451,
    "totalOtherIncomeExpensesNet": 0,
    "incomeBeforeTax": 149962000,
    "incomeBeforeTaxRatio": 0.0752254451,
    "incomeTaxExpense": 59563000,
    "netIncome": 90399000,
    "netIncomeRatio": 0.0453468546,
    "eps": 0.52,
    "epsdiluted": 0.52,
    "weightedAverageShsOut": 174146000,
    "weightedAverageShsOutDil": 174146000,
    "link": "https://www.sec.gov/Archives/edgar/data/40987/000095014403003508/0000950144-03-003508-index.htm",
    "finalLink": "https://www.sec.gov/Archives/edgar/data/40987/000095014403003508/g80985e10vk.htm"
  },
  {
    "date": "2002-09-30",
    "symbol": "GPC",
    "reportedCurrency": "USD",
    "cik": "0000040987",
    "fillingDate": "2002-11-08",
    "acceptedDate": "2002-11-08 13:46:09",
    "calendarYear": "2002",
    "period": "Q3",
    "revenue": 2156759000,
    "costOfRevenue": 1506966000,
    "grossProfit": 649793000,
    "grossProfitRatio": 0.3012821553,
    "researchAndDevelopmentExpenses": 0,
    "generalAndAdministrativeExpenses": 494633000,
    "sellingAndMarketingExpenses": 0,
    "sellingGeneralAndAdministrativeExpenses": 494633000,
    "otherExpenses": 0,
    "operatingExpenses": 494633000,
    "costAndExpenses": 2001599000,
    "interestIncome": 0,
    "interestExpense": 0,
    "depreciationAndAmortization": 16698000,
    "ebitda": 171858000,
    "ebitdaratio": 0.079683451,
    "operatingIncome": 155160000,
    "operatingIncomeRatio": 0.0719412786,
    "totalOtherIncomeExpensesNet": 0,
    "incomeBeforeTax": 155160000,
    "incomeBeforeTaxRatio": 0.0719412786,
    "incomeTaxExpense": 61133000,
    "netIncome": 94027000,
    "netIncomeRatio": 0.0435964334,
    "eps": 0.54,
    "epsdiluted": 0.54,
    "weightedAverageShsOut": 174709000,
    "weightedAverageShsOutDil": 175251000,
    "link": "https://www.sec.gov/Archives/edgar/data/40987/000095014402011307/0000950144-02-011307-index.htm",
    "finalLink": "https://www.sec.gov/Archives/edgar/data/40987/000095014402011307/g79017e10vq.htm"
  },
  {
    "date": "2002-06-30",
    "symbol": "GPC",
    "reportedCurrency": "USD",
    "cik": "0000040987",
    "fillingDate": "2002-08-09",
    "acceptedDate": "2002-08-09 14:51:33",
    "calendarYear": "2002",
    "period": "Q2",
    "revenue": 2130924000,
    "costOfRevenue": 1486692000,
    "grossProfit": 644232000,
    "grossProfitRatio": 0.3023251885,
    "researchAndDevelopmentExpenses": 0,
    "generalAndAdministrativeExpenses": 486520000,
    "sellingAndMarketingExpenses": 0,
    "sellingGeneralAndAdministrativeExpenses": 486520000,
    "otherExpenses": 0,
    "operatingExpenses": 486520000,
    "costAndExpenses": 1973212000,
    "interestIncome": 0,
    "interestExpense": 0,
    "depreciationAndAmortization": 17882000,
    "ebitda": 175594000,
    "ebitdaratio": 0.0824027511,
    "operatingIncome": 157712000,
    "operatingIncomeRatio": 0.0740110863,
    "totalOtherIncomeExpensesNet": 0,
    "incomeBeforeTax": 157712000,
    "incomeBeforeTaxRatio": 0.0740110863,
    "incomeTaxExpense": 61665000,
    "netIncome": 96047000,
    "netIncomeRatio": 0.0450729355,
    "eps": 0.55,
    "epsdiluted": 0.55,
    "weightedAverageShsOut": 174445000,
    "weightedAverageShsOutDil": 175348000,
    "link": "https://www.sec.gov/Archives/edgar/data/40987/000095014402008126/0000950144-02-008126-index.htm",
    "finalLink": "https://www.sec.gov/Archives/edgar/data/40987/000095014402008126/g77511e10vq.htm"
  },
  {
    "date": "2002-03-31",
    "symbol": "GPC",
    "reportedCurrency": "USD",
    "cik": "0000040987",
    "fillingDate": "2002-04-29",
    "acceptedDate": "2002-04-29 13:39:31",
    "calendarYear": "2002",
    "period": "Q1",
    "revenue": 1977743000,
    "costOfRevenue": 1373774000,
    "grossProfit": 603969000,
    "grossProfitRatio": 0.3053829542,
    "researchAndDevelopmentExpenses": 0,
    "generalAndAdministrativeExpenses": 461067000,
    "sellingAndMarketingExpenses": 0,
    "sellingGeneralAndAdministrativeExpenses": 461067000,
    "otherExpenses": 0,
    "operatingExpenses": 461067000,
    "costAndExpenses": 1834841000,
    "interestIncome": 0,
    "interestExpense": 0,
    "depreciationAndAmortization": 18417000,
    "ebitda": 161319000,
    "ebitdaratio": 0.0815672208,
    "operatingIncome": 142902000,
    "operatingIncomeRatio": 0.0722550908,
    "totalOtherIncomeExpensesNet": 0,
    "incomeBeforeTax": 142902000,
    "incomeBeforeTaxRatio": 0.0722550908,
    "incomeTaxExpense": 55875000,
    "netIncome": -308063000,
    "netIncomeRatio": -0.15576493,
    "eps": -1.77,
    "epsdiluted": -1.76,
    "weightedAverageShsOut": 173877000,
    "weightedAverageShsOutDil": 174882000,
    "link": "https://www.sec.gov/Archives/edgar/data/40987/000095014402004443/0000950144-02-004443-index.htm",
    "finalLink": "https://www.sec.gov/Archives/edgar/data/40987/000095014402004443/g75820e10-q.htm"
  },
  {
    "date": "2001-12-31",
    "symbol": "GPC",
    "reportedCurrency": "USD",
    "cik": "0000040987",
    "fillingDate": "2002-03-07",
    "acceptedDate": "2002-03-07 00:00:00",
    "calendarYear": "2001",
    "period": "Q4",
    "revenue": 1947529000,
    "costOfRevenue": 1322483000,
    "grossProfit": 625046000,
    "grossProfitRatio": 0.3209431028,
    "researchAndDevelopmentExpenses": 0,
    "generalAndAdministrativeExpenses": 508739000,
    "sellingAndMarketingExpenses": 0,
    "sellingGeneralAndAdministrativeExpenses": 508739000,
    "otherExpenses": 0,
    "operatingExpenses": 508739000,
    "costAndExpenses": 1831222000,
    "interestIncome": 0,
    "interestExpense": 0,
    "depreciationAndAmortization": 16875000,
    "ebitda": 133182000,
    "ebitdaratio": 0.0683851178,
    "operatingIncome": 116307000,
    "operatingIncomeRatio": 0.0597202917,
    "totalOtherIncomeExpensesNet": -73922000,
    "incomeBeforeTax": 42385000,
    "incomeBeforeTaxRatio": 0.0217634757,
    "incomeTaxExpense": 17415000,
    "netIncome": 24970000,
    "netIncomeRatio": 0.0128213752,
    "eps": 0.14,
    "epsdiluted": 0.14,
    "weightedAverageShsOut": 173398000,
    "weightedAverageShsOutDil": 173877000,
    "link": "https://www.sec.gov/Archives/edgar/data/40987/000095014402002108/0000950144-02-002108-index.htm",
    "finalLink": "https://www.sec.gov/Archives/edgar/data/40987/000095014402002108/g74408e10-k.htm"
  },
  {
    "date": "2001-09-30",
    "symbol": "GPC",
    "reportedCurrency": "USD",
    "cik": "0000040987",
    "fillingDate": "2001-10-26",
    "acceptedDate": "2001-10-26 00:00:00",
    "calendarYear": "2001",
    "period": "Q3",
    "revenue": 2099191000,
    "costOfRevenue": 1468879000,
    "grossProfit": 630312000,
    "grossProfitRatio": 0.3002642447,
    "researchAndDevelopmentExpenses": 0,
    "generalAndAdministrativeExpenses": 483286000,
    "sellingAndMarketingExpenses": 0,
    "sellingGeneralAndAdministrativeExpenses": 483286000,
    "otherExpenses": 0,
    "operatingExpenses": 483286000,
    "costAndExpenses": 1952165000,
    "interestIncome": 0,
    "interestExpense": 0,
    "depreciationAndAmortization": 21776000,
    "ebitda": 168802000,
    "ebitdaratio": 0.0804128829,
    "operatingIncome": 147026000,
    "operatingIncomeRatio": 0.0700393628,
    "totalOtherIncomeExpensesNet": 0,
    "incomeBeforeTax": 147026000,
    "incomeBeforeTaxRatio": 0.0700393628,
    "incomeTaxExpense": 58810000,
    "netIncome": 88216000,
    "netIncomeRatio": 0.0420238082,
    "eps": 0.51,
    "epsdiluted": 0.51,
    "weightedAverageShsOut": 173081000,
    "weightedAverageShsOutDil": 173982000,
    "link": "https://www.sec.gov/Archives/edgar/data/40987/000095014401508123/0000950144-01-508123-index.htm",
    "finalLink": "https://www.sec.gov/Archives/edgar/data/40987/000095014401508123/g72226e10-q.htm"
  },
  {
    "date": "2001-06-30",
    "symbol": "GPC",
    "reportedCurrency": "USD",
    "cik": "0000040987",
    "fillingDate": "2001-07-31",
    "acceptedDate": "2001-07-31 00:00:00",
    "calendarYear": "2001",
    "period": "Q2",
    "revenue": 2118976000,
    "costOfRevenue": 1451895000,
    "grossProfit": 667081000,
    "grossProfitRatio": 0.3148129096,
    "researchAndDevelopmentExpenses": 0,
    "generalAndAdministrativeExpenses": 485164000,
    "sellingAndMarketingExpenses": 0,
    "sellingGeneralAndAdministrativeExpenses": 485164000,
    "otherExpenses": 24104000,
    "operatingExpenses": 509268000,
    "costAndExpenses": 1961163000,
    "interestIncome": 0,
    "interestExpense": 0,
    "depreciationAndAmortization": 24104000,
    "ebitda": 181917000,
    "ebitdaratio": 0.0858513735,
    "operatingIncome": 157813000,
    "operatingIncomeRatio": 0.0744760677,
    "totalOtherIncomeExpensesNet": 0,
    "incomeBeforeTax": 157813000,
    "incomeBeforeTaxRatio": 0.0744760677,
    "incomeTaxExpense": 63125000,
    "netIncome": 94688000,
    "netIncomeRatio": 0.044685735,
    "eps": 0.55,
    "epsdiluted": 0.55,
    "weightedAverageShsOut": 172483000,
    "weightedAverageShsOutDil": 173361000,
    "link": "https://www.sec.gov/Archives/edgar/data/40987/000095014401504987/0000950144-01-504987-index.htm",
    "finalLink": "https://www.sec.gov/Archives/edgar/data/40987/000095014401504987/g70649e10-q.txt"
  },
  {
    "date": "2001-03-31",
    "symbol": "GPC",
    "reportedCurrency": "USD",
    "cik": "0000040987",
    "fillingDate": "2001-04-30",
    "acceptedDate": "2001-04-30 00:00:00",
    "calendarYear": "2001",
    "period": "Q1",
    "revenue": 2054972000,
    "costOfRevenue": 1408775000,
    "grossProfit": 646197000,
    "grossProfitRatio": 0.3144553794,
    "researchAndDevelopmentExpenses": 0,
    "generalAndAdministrativeExpenses": 474370000,
    "sellingAndMarketingExpenses": 0,
    "sellingGeneralAndAdministrativeExpenses": 474370000,
    "otherExpenses": 23038000,
    "operatingExpenses": 497408000,
    "costAndExpenses": 1906183000,
    "interestIncome": 0,
    "interestExpense": 0,
    "depreciationAndAmortization": 23038000,
    "ebitda": 171827000,
    "ebitdaratio": 0.0836152512,
    "operatingIncome": 148789000,
    "operatingIncomeRatio": 0.0724043929,
    "totalOtherIncomeExpensesNet": 0,
    "incomeBeforeTax": 148789000,
    "incomeBeforeTaxRatio": 0.0724043929,
    "incomeTaxExpense": 59516000,
    "netIncome": 89273000,
    "netIncomeRatio": 0.0434424411,
    "eps": 0.52,
    "epsdiluted": 0.52,
    "weightedAverageShsOut": 172087000,
    "weightedAverageShsOutDil": 172826000,
    "link": "https://www.sec.gov/Archives/edgar/data/40987/000095014401501284/0000950144-01-501284-index.htm",
    "finalLink": "https://www.sec.gov/Archives/edgar/data/40987/000095014401501284/g68805e10-q.txt"
  },
  {
    "date": "2000-12-31",
    "symbol": "GPC",
    "reportedCurrency": "USD",
    "cik": "0000040987",
    "fillingDate": "2001-03-12",
    "acceptedDate": "2001-03-12 00:00:00",
    "calendarYear": "2000",
    "period": "Q4",
    "revenue": 1996411000,
    "costOfRevenue": 1197369000,
    "grossProfit": 799042000,
    "grossProfitRatio": 0.4002392293,
    "researchAndDevelopmentExpenses": 0,
    "generalAndAdministrativeExpenses": 596699000,
    "sellingAndMarketingExpenses": 0,
    "sellingGeneralAndAdministrativeExpenses": 596699000,
    "otherExpenses": 22543000,
    "operatingExpenses": 619242000,
    "costAndExpenses": 1816611000,
    "interestIncome": 0,
    "interestExpense": 0,
    "depreciationAndAmortization": 22543000,
    "ebitda": 202343000,
    "ebitdaratio": 0.1013533786,
    "operatingIncome": 179800000,
    "operatingIncomeRatio": 0.0900616156,
    "totalOtherIncomeExpensesNet": 0,
    "incomeBeforeTax": 179800000,
    "incomeBeforeTaxRatio": 0.0900616156,
    "incomeTaxExpense": 74528000,
    "netIncome": 105272000,
    "netIncomeRatio": 0.0527306251,
    "eps": 0.61,
    "epsdiluted": 0.61,
    "weightedAverageShsOut": 172087000,
    "weightedAverageShsOutDil": 172087000,
    "link": "https://www.sec.gov/Archives/edgar/data/40987/000095014401003447/0000950144-01-003447-index.htm",
    "finalLink": "https://www.sec.gov/Archives/edgar/data/40987/000095014401003447/g67483e10-k.txt"
  },
  {
    "date": "2000-09-30",
    "symbol": "GPC",
    "reportedCurrency": "USD",
    "cik": "0000040987",
    "fillingDate": "2000-10-30",
    "acceptedDate": "2000-10-30 00:00:00",
    "calendarYear": "2000",
    "period": "Q3",
    "revenue": 2159940000,
    "costOfRevenue": 1513413000,
    "grossProfit": 646527000,
    "grossProfitRatio": 0.2993263702,
    "researchAndDevelopmentExpenses": 0,
    "generalAndAdministrativeExpenses": 470747000,
    "sellingAndMarketingExpenses": 0,
    "sellingGeneralAndAdministrativeExpenses": 470747000,
    "otherExpenses": 22386000,
    "operatingExpenses": 493133000,
    "costAndExpenses": 2006546000,
    "interestIncome": 0,
    "interestExpense": 0,
    "depreciationAndAmortization": 22386000,
    "ebitda": 175780000,
    "ebitdaratio": 0.0813818902,
    "operatingIncome": 153394000,
    "operatingIncomeRatio": 0.0710177135,
    "totalOtherIncomeExpensesNet": 0,
    "incomeBeforeTax": 153394000,
    "incomeBeforeTaxRatio": 0.0710177135,
    "incomeTaxExpense": 61665000,
    "netIncome": 91729000,
    "netIncomeRatio": 0.0424683093,
    "eps": 0.53,
    "epsdiluted": 0.53,
    "weightedAverageShsOut": 174192000,
    "weightedAverageShsOutDil": 174459000,
    "link": "https://www.sec.gov/Archives/edgar/data/40987/000095014400012700/0000950144-00-012700-index.htm",
    "finalLink": "https://www.sec.gov/Archives/edgar/data/40987/000095014400012700/g64739e10-q.txt"
  },
  {
    "date": "2000-06-30",
    "symbol": "GPC",
    "reportedCurrency": "USD",
    "cik": "0000040987",
    "fillingDate": "2000-07-31",
    "acceptedDate": "2000-07-31 00:00:00",
    "calendarYear": "2000",
    "period": "Q2",
    "revenue": 2135502000,
    "costOfRevenue": 1495049000,
    "grossProfit": 640453000,
    "grossProfitRatio": 0.2999074691,
    "researchAndDevelopmentExpenses": 0,
    "generalAndAdministrativeExpenses": 456076000,
    "sellingAndMarketingExpenses": 0,
    "sellingGeneralAndAdministrativeExpenses": 456076000,
    "otherExpenses": 23550000,
    "operatingExpenses": 479626000,
    "costAndExpenses": 1974675000,
    "interestIncome": 0,
    "interestExpense": 0,
    "depreciationAndAmortization": 23550000,
    "ebitda": 184377000,
    "ebitdaratio": 0.0863389498,
    "operatingIncome": 160827000,
    "operatingIncomeRatio": 0.0753110978,
    "totalOtherIncomeExpensesNet": 0,
    "incomeBeforeTax": 160827000,
    "incomeBeforeTaxRatio": 0.0753110978,
    "incomeTaxExpense": 64234000,
    "netIncome": 96593000,
    "netIncomeRatio": 0.0452319876,
    "eps": 0.55,
    "epsdiluted": 0.55,
    "weightedAverageShsOut": 176340000,
    "weightedAverageShsOutDil": 176709000,
    "link": "https://www.sec.gov/Archives/edgar/data/40987/000095014400009189/0000950144-00-009189-index.htm",
    "finalLink": "https://www.sec.gov/Archives/edgar/data/40987/000095014400009189/e10-q.txt"
  },
  {
    "date": "2000-03-31",
    "symbol": "GPC",
    "reportedCurrency": "USD",
    "cik": "0000040987",
    "fillingDate": "2000-04-28",
    "acceptedDate": "2000-04-28 00:00:00",
    "calendarYear": "2000",
    "period": "Q1",
    "revenue": 2078004000,
    "costOfRevenue": 1466226000,
    "grossProfit": 611778000,
    "grossProfitRatio": 0.2944065555,
    "researchAndDevelopmentExpenses": 0,
    "generalAndAdministrativeExpenses": 435225000,
    "sellingAndMarketingExpenses": 0,
    "sellingGeneralAndAdministrativeExpenses": 435225000,
    "otherExpenses": 23824000,
    "operatingExpenses": 459049000,
    "costAndExpenses": 1925275000,
    "interestIncome": 0,
    "interestExpense": 0,
    "depreciationAndAmortization": 23824000,
    "ebitda": 176553000,
    "ebitdaratio": 0.0849627816,
    "operatingIncome": 152729000,
    "operatingIncomeRatio": 0.0734979336,
    "totalOtherIncomeExpensesNet": 0,
    "incomeBeforeTax": 152729000,
    "incomeBeforeTaxRatio": 0.0734979336,
    "incomeTaxExpense": 61000000,
    "netIncome": 91729000,
    "netIncomeRatio": 0.0441428409,
    "eps": 0.52,
    "epsdiluted": 0.52,
    "weightedAverageShsOut": 176774000,
    "weightedAverageShsOutDil": 177074000,
    "link": "https://www.sec.gov/Archives/edgar/data/40987/000095014400005589/0000950144-00-005589-index.html",
    "finalLink": "https://www.sec.gov/Archives/edgar/data/40987/000095014400005589/"
  },
  {
    "date": "1999-12-31",
    "symbol": "GPC",
    "reportedCurrency": "USD",
    "cik": "0000040987",
    "fillingDate": "2000-03-10",
    "acceptedDate": "2000-03-10 00:00:00",
    "calendarYear": "1999",
    "period": "Q4",
    "revenue": 1975200000,
    "costOfRevenue": 1302800000,
    "grossProfit": 672400000,
    "grossProfitRatio": 0.3404212232,
    "researchAndDevelopmentExpenses": 0,
    "generalAndAdministrativeExpenses": 467800000,
    "sellingAndMarketingExpenses": 0,
    "sellingGeneralAndAdministrativeExpenses": 467800000,
    "otherExpenses": 22400000,
    "operatingExpenses": 490200000,
    "costAndExpenses": 1793000000,
    "interestIncome": 0,
    "interestExpense": 0,
    "depreciationAndAmortization": 22400000,
    "ebitda": 204600000,
    "ebitdaratio": 0.1035844471,
    "operatingIncome": 182200000,
    "operatingIncomeRatio": 0.0922438234,
    "totalOtherIncomeExpensesNet": 0,
    "incomeBeforeTax": 182200000,
    "incomeBeforeTaxRatio": 0.0922438234,
    "incomeTaxExpense": 73900000,
    "netIncome": 108300000,
    "netIncomeRatio": 0.0548298906,
    "eps": 0.61,
    "epsdiluted": 0.61,
    "weightedAverageShsOut": 176384000,
    "weightedAverageShsOutDil": 176774000,
    "link": "https://www.sec.gov/Archives/edgar/data/40987/000095014400003057/0000950144-00-003057-index.html",
    "finalLink": "https://www.sec.gov/Archives/edgar/data/40987/000095014400003057/"
  },
  {
    "date": "1999-09-30",
    "symbol": "GPC",
    "reportedCurrency": "USD",
    "cik": "0000040987",
    "fillingDate": "1999-11-01",
    "acceptedDate": "1999-11-01 00:00:00",
    "calendarYear": "1999",
    "period": "Q3",
    "revenue": 2082200000,
    "costOfRevenue": 1454300000,
    "grossProfit": 627900000,
    "grossProfitRatio": 0.3015560465,
    "researchAndDevelopmentExpenses": 0,
    "generalAndAdministrativeExpenses": 453100000,
    "sellingAndMarketingExpenses": 0,
    "sellingGeneralAndAdministrativeExpenses": 453100000,
    "otherExpenses": 24800000,
    "operatingExpenses": 477900000,
    "costAndExpenses": 1932200000,
    "interestIncome": 0,
    "interestExpense": 0,
    "depreciationAndAmortization": 24800000,
    "ebitda": 174800000,
    "ebitdaratio": 0.0839496686,
    "operatingIncome": 150000000,
    "operatingIncomeRatio": 0.0720391893,
    "totalOtherIncomeExpensesNet": 0,
    "incomeBeforeTax": 150000000,
    "incomeBeforeTaxRatio": 0.0720391893,
    "incomeTaxExpense": 59400000,
    "netIncome": 90600000,
    "netIncomeRatio": 0.0435116703,
    "eps": 0.51,
    "epsdiluted": 0.51,
    "weightedAverageShsOut": 177647059,
    "weightedAverageShsOutDil": 177647059,
    "link": "https://www.sec.gov/Archives/edgar/data/40987/000095014499012248/0000950144-99-012248-index.html",
    "finalLink": "https://www.sec.gov/Archives/edgar/data/40987/000095014499012248/"
  },
  {
    "date": "1999-06-30",
    "symbol": "GPC",
    "reportedCurrency": "USD",
    "cik": "0000040987",
    "fillingDate": "1999-07-30",
    "acceptedDate": "1999-07-30 00:00:00",
    "calendarYear": "1999",
    "period": "Q2",
    "revenue": 2022900000,
    "costOfRevenue": 1412700000,
    "grossProfit": 610200000,
    "grossProfitRatio": 0.3016461516,
    "researchAndDevelopmentExpenses": 0,
    "generalAndAdministrativeExpenses": 436800000,
    "sellingAndMarketingExpenses": 0,
    "sellingGeneralAndAdministrativeExpenses": 436800000,
    "otherExpenses": 20100000,
    "operatingExpenses": 456900000,
    "costAndExpenses": 1869600000,
    "interestIncome": 0,
    "interestExpense": 0,
    "depreciationAndAmortization": 20100000,
    "ebitda": 173400000,
    "ebitdaratio": 0.0857185229,
    "operatingIncome": 153300000,
    "operatingIncomeRatio": 0.0757822927,
    "totalOtherIncomeExpensesNet": 0,
    "incomeBeforeTax": 153300000,
    "incomeBeforeTaxRatio": 0.0757822927,
    "incomeTaxExpense": 60700000,
    "netIncome": 92600000,
    "netIncomeRatio": 0.0457758663,
    "eps": 0.52,
    "epsdiluted": 0.52,
    "weightedAverageShsOut": 178076923,
    "weightedAverageShsOutDil": 178076923,
    "link": "https://www.sec.gov/Archives/edgar/data/40987/000095014499009362/0000950144-99-009362-index.html",
    "finalLink": "https://www.sec.gov/Archives/edgar/data/40987/000095014499009362/"
  },
  {
    "date": "1999-03-31",
    "symbol": "GPC",
    "reportedCurrency": "USD",
    "cik": "0000040987",
    "fillingDate": "1999-05-03",
    "acceptedDate": "1999-05-03 00:00:00",
    "calendarYear": "1999",
    "period": "Q1",
    "revenue": 1901400000,
    "costOfRevenue": 1327800000,
    "grossProfit": 573600000,
    "grossProfitRatio": 0.3016724519,
    "researchAndDevelopmentExpenses": 0,
    "generalAndAdministrativeExpenses": 408400000,
    "sellingAndMarketingExpenses": 0,
    "sellingGeneralAndAdministrativeExpenses": 408400000,
    "otherExpenses": 22700000,
    "operatingExpenses": 431100000,
    "costAndExpenses": 1758900000,
    "interestIncome": 0,
    "interestExpense": 0,
    "depreciationAndAmortization": 22700000,
    "ebitda": 165200000,
    "ebitdaratio": 0.0868833491,
    "operatingIncome": 142500000,
    "operatingIncomeRatio": 0.0749447775,
    "totalOtherIncomeExpensesNet": 0,
    "incomeBeforeTax": 142500000,
    "incomeBeforeTaxRatio": 0.0749447775,
    "incomeTaxExpense": 56400000,
    "netIncome": 86100000,
    "netIncomeRatio": 0.0452824235,
    "eps": 0.48,
    "epsdiluted": 0.48,
    "weightedAverageShsOut": 179375000,
    "weightedAverageShsOutDil": 179375000,
    "link": "https://www.sec.gov/Archives/edgar/data/40987/000095014499005231/0000950144-99-005231-index.html",
    "finalLink": "https://www.sec.gov/Archives/edgar/data/40987/"
  },
  {
    "date": "1998-12-31",
    "symbol": "GPC",
    "reportedCurrency": "USD",
    "cik": "0000040987",
    "fillingDate": "1999-03-10",
    "acceptedDate": "1999-03-10 00:00:00",
    "calendarYear": "1998",
    "period": "Q4",
    "revenue": 1701400000,
    "costOfRevenue": 1115800000,
    "grossProfit": 585600000,
    "grossProfitRatio": 0.34418714,
    "researchAndDevelopmentExpenses": 0,
    "generalAndAdministrativeExpenses": 391500000,
    "sellingAndMarketingExpenses": 0,
    "sellingGeneralAndAdministrativeExpenses": 391500000,
    "otherExpenses": 21600000,
    "operatingExpenses": 413100000,
    "costAndExpenses": 1528900000,
    "interestIncome": 0,
    "interestExpense": 0,
    "depreciationAndAmortization": 21600000,
    "ebitda": 194100000,
    "ebitdaratio": 0.1140825203,
    "operatingIncome": 172500000,
    "operatingIncomeRatio": 0.101387093,
    "totalOtherIncomeExpensesNet": -100000,
    "incomeBeforeTax": 172400000,
    "incomeBeforeTaxRatio": 0.1013283179,
    "incomeTaxExpense": 68600000,
    "netIncome": 103800000,
    "netIncomeRatio": 0.0610085812,
    "eps": 0.58,
    "epsdiluted": 0.58,
    "weightedAverageShsOut": 179375000,
    "weightedAverageShsOutDil": 179375000,
    "link": "https://www.sec.gov/Archives/edgar/data/40987/000095014499002489/0000950144-99-002489-index.html",
    "finalLink": "https://www.sec.gov/Archives/edgar/data/40987/"
  },
  {
    "date": "1998-09-30",
    "symbol": "GPC",
    "reportedCurrency": "USD",
    "cik": "0000040987",
    "fillingDate": "1998-11-10",
    "acceptedDate": "1998-11-10 00:00:00",
    "calendarYear": "1998",
    "period": "Q3",
    "revenue": 1760100000,
    "costOfRevenue": 1229600000,
    "grossProfit": 530500000,
    "grossProfitRatio": 0.3014033294,
    "researchAndDevelopmentExpenses": 0,
    "generalAndAdministrativeExpenses": 371900000,
    "sellingAndMarketingExpenses": 0,
    "sellingGeneralAndAdministrativeExpenses": 371900000,
    "otherExpenses": 16100000,
    "operatingExpenses": 388000000,
    "costAndExpenses": 1617600000,
    "interestIncome": 0,
    "interestExpense": 0,
    "depreciationAndAmortization": 16100000,
    "ebitda": 158600000,
    "ebitdaratio": 0.0901085166,
    "operatingIncome": 142500000,
    "operatingIncomeRatio": 0.080961309,
    "totalOtherIncomeExpensesNet": 0,
    "incomeBeforeTax": 142500000,
    "incomeBeforeTaxRatio": 0.080961309,
    "incomeTaxExpense": 56400000,
    "netIncome": 86100000,
    "netIncomeRatio": 0.0489176751,
    "eps": 0.48,
    "epsdiluted": 0.48,
    "weightedAverageShsOut": 179375000,
    "weightedAverageShsOutDil": 179375000,
    "link": "https://www.sec.gov/Archives/edgar/data/40987/000095014498012190/0000950144-98-012190-index.html",
    "finalLink": "https://www.sec.gov/Archives/edgar/data/40987/"
  },
  {
    "date": "1998-06-30",
    "symbol": "GPC",
    "reportedCurrency": "USD",
    "cik": "0000040987",
    "fillingDate": "1998-07-30",
    "acceptedDate": "1998-07-30 00:00:00",
    "calendarYear": "1998",
    "period": "Q2",
    "revenue": 1619400000,
    "costOfRevenue": 1126400000,
    "grossProfit": 493000000,
    "grossProfitRatio": 0.3044337409,
    "researchAndDevelopmentExpenses": 0,
    "generalAndAdministrativeExpenses": 335400000,
    "sellingAndMarketingExpenses": 0,
    "sellingGeneralAndAdministrativeExpenses": 335400000,
    "otherExpenses": 15600000,
    "operatingExpenses": 351000000,
    "costAndExpenses": 1477400000,
    "interestIncome": 0,
    "interestExpense": 0,
    "depreciationAndAmortization": 15600000,
    "ebitda": 157600000,
    "ebitdaratio": 0.0973199951,
    "operatingIncome": 142000000,
    "operatingIncomeRatio": 0.0876867976,
    "totalOtherIncomeExpensesNet": 0,
    "incomeBeforeTax": 142000000,
    "incomeBeforeTaxRatio": 0.0876867976,
    "incomeTaxExpense": 56100000,
    "netIncome": 85900000,
    "netIncomeRatio": 0.0530443374,
    "eps": 0.48,
    "epsdiluted": 0.48,
    "weightedAverageShsOut": 178958333,
    "weightedAverageShsOutDil": 178958333,
    "link": "https://www.sec.gov/Archives/edgar/data/40987/000095014498008921/0000950144-98-008921-index.html",
    "finalLink": "https://www.sec.gov/Archives/edgar/data/40987/"
  },
  {
    "date": "1998-03-31",
    "symbol": "GPC",
    "reportedCurrency": "USD",
    "cik": "0000040987",
    "fillingDate": "1998-04-30",
    "acceptedDate": "1998-04-30 00:00:00",
    "calendarYear": "1998",
    "period": "Q1",
    "revenue": 1533100000,
    "costOfRevenue": 1070400000,
    "grossProfit": 462700000,
    "grossProfitRatio": 0.3018067967,
    "researchAndDevelopmentExpenses": 0,
    "generalAndAdministrativeExpenses": 314500000,
    "sellingAndMarketingExpenses": 0,
    "sellingGeneralAndAdministrativeExpenses": 314500000,
    "otherExpenses": 16000000,
    "operatingExpenses": 330500000,
    "costAndExpenses": 1400900000,
    "interestIncome": 0,
    "interestExpense": 0,
    "depreciationAndAmortization": 16000000,
    "ebitda": 148200000,
    "ebitdaratio": 0.0966668841,
    "operatingIncome": 132200000,
    "operatingIncomeRatio": 0.0862305133,
    "totalOtherIncomeExpensesNet": 0,
    "incomeBeforeTax": 132200000,
    "incomeBeforeTaxRatio": 0.0862305133,
    "incomeTaxExpense": 52200000,
    "netIncome": 80000000,
    "netIncomeRatio": 0.0521818538,
    "eps": 0.45,
    "epsdiluted": 0.45,
    "weightedAverageShsOut": 177777778,
    "weightedAverageShsOutDil": 177777778,
    "link": "https://www.sec.gov/Archives/edgar/data/40987/000095014498005433/0000950144-98-005433-index.html",
    "finalLink": "https://www.sec.gov/Archives/edgar/data/40987/"
  },
  {
    "date": "1997-12-31",
    "symbol": "GPC",
    "reportedCurrency": "USD",
    "cik": "0000040987",
    "fillingDate": "1998-03-10",
    "acceptedDate": "1998-03-10 00:00:00",
    "calendarYear": "1997",
    "period": "Q4",
    "revenue": 1481300000,
    "costOfRevenue": 978200000,
    "grossProfit": 503100000,
    "grossProfitRatio": 0.3396341052,
    "researchAndDevelopmentExpenses": 0,
    "generalAndAdministrativeExpenses": 326000000,
    "sellingAndMarketingExpenses": 0,
    "sellingGeneralAndAdministrativeExpenses": 326000000,
    "otherExpenses": 15000000,
    "operatingExpenses": 341000000,
    "costAndExpenses": 1319200000,
    "interestIncome": 0,
    "interestExpense": 0,
    "depreciationAndAmortization": 15000000,
    "ebitda": 177100000,
    "ebitdaratio": 0.1195571458,
    "operatingIncome": 162100000,
    "operatingIncomeRatio": 0.1094309053,
    "totalOtherIncomeExpensesNet": 200000,
    "incomeBeforeTax": 162300000,
    "incomeBeforeTaxRatio": 0.1095659218,
    "incomeTaxExpense": 63900000,
    "netIncome": 98400000,
    "netIncomeRatio": 0.0664281374,
    "eps": 0.55,
    "epsdiluted": 0.55,
    "weightedAverageShsOut": 177777778,
    "weightedAverageShsOutDil": 177777778,
    "link": "https://www.sec.gov/Archives/edgar/data/40987/000095014498002466/0000950144-98-002466-index.html",
    "finalLink": "https://www.sec.gov/Archives/edgar/data/40987/"
  },
  {
    "date": "1997-09-30",
    "symbol": "GPC",
    "reportedCurrency": "USD",
    "cik": "0000040987",
    "fillingDate": "1997-10-30",
    "acceptedDate": "1997-10-30 00:00:00",
    "calendarYear": "1997",
    "period": "Q3",
    "revenue": 1555800000,
    "costOfRevenue": 1076900000,
    "grossProfit": 478900000,
    "grossProfitRatio": 0.3078159146,
    "researchAndDevelopmentExpenses": 0,
    "generalAndAdministrativeExpenses": 325600000,
    "sellingAndMarketingExpenses": 0,
    "sellingGeneralAndAdministrativeExpenses": 325600000,
    "otherExpenses": 14900000,
    "operatingExpenses": 340500000,
    "costAndExpenses": 1417400000,
    "interestIncome": 0,
    "interestExpense": 0,
    "depreciationAndAmortization": 14900000,
    "ebitda": 153300000,
    "ebitdaratio": 0.098534516,
    "operatingIncome": 138400000,
    "operatingIncomeRatio": 0.0889574495,
    "totalOtherIncomeExpensesNet": 0,
    "incomeBeforeTax": 138400000,
    "incomeBeforeTaxRatio": 0.0889574495,
    "incomeTaxExpense": 54700000,
    "netIncome": 83700000,
    "netIncomeRatio": 0.0537986888,
    "eps": 0.47,
    "epsdiluted": 0.47,
    "weightedAverageShsOut": 178085106,
    "weightedAverageShsOutDil": 178085106,
    "link": "https://www.sec.gov/Archives/edgar/data/40987/000095014497011376/0000950144-97-011376-index.html",
    "finalLink": "https://www.sec.gov/Archives/edgar/data/40987/"
  },
  {
    "date": "1997-06-30",
    "symbol": "GPC",
    "reportedCurrency": "USD",
    "cik": "0000040987",
    "fillingDate": "1997-07-30",
    "acceptedDate": "1997-07-30 00:00:00",
    "calendarYear": "1997",
    "period": "Q2",
    "revenue": 1510500000,
    "costOfRevenue": 1051300000,
    "grossProfit": 459200000,
    "grossProfitRatio": 0.3040052963,
    "researchAndDevelopmentExpenses": 0,
    "generalAndAdministrativeExpenses": 306700000,
    "sellingAndMarketingExpenses": 0,
    "sellingGeneralAndAdministrativeExpenses": 306700000,
    "otherExpenses": 14000000,
    "operatingExpenses": 320700000,
    "costAndExpenses": 1372000000,
    "interestIncome": 0,
    "interestExpense": 0,
    "depreciationAndAmortization": 14000000,
    "ebitda": 152500000,
    "ebitdaratio": 0.100959947,
    "operatingIncome": 138500000,
    "operatingIncomeRatio": 0.0916914929,
    "totalOtherIncomeExpensesNet": -100000,
    "incomeBeforeTax": 138400000,
    "incomeBeforeTaxRatio": 0.0916252896,
    "incomeTaxExpense": 54700000,
    "netIncome": 83700000,
    "netIncomeRatio": 0.0554121152,
    "eps": 0.47,
    "epsdiluted": 0.46,
    "weightedAverageShsOut": 178085106,
    "weightedAverageShsOutDil": 181956522,
    "link": "https://www.sec.gov/Archives/edgar/data/40987/000095014497008363/0000950144-97-008363-index.html",
    "finalLink": "https://www.sec.gov/Archives/edgar/data/40987/"
  },
  {
    "date": "1997-03-31",
    "symbol": "GPC",
    "reportedCurrency": "USD",
    "cik": "0000040987",
    "fillingDate": "1997-04-29",
    "acceptedDate": "1997-04-29 00:00:00",
    "calendarYear": "1997",
    "period": "Q1",
    "revenue": 1457600000,
    "costOfRevenue": 1013400000,
    "grossProfit": 444200000,
    "grossProfitRatio": 0.3047475302,
    "researchAndDevelopmentExpenses": 0,
    "generalAndAdministrativeExpenses": 302700000,
    "sellingAndMarketingExpenses": 0,
    "sellingGeneralAndAdministrativeExpenses": 302700000,
    "otherExpenses": 15000000,
    "operatingExpenses": 317700000,
    "costAndExpenses": 1331100000,
    "interestIncome": 0,
    "interestExpense": 0,
    "depreciationAndAmortization": 15000000,
    "ebitda": 141500000,
    "ebitdaratio": 0.0970773875,
    "operatingIncome": 126500000,
    "operatingIncomeRatio": 0.0867864984,
    "totalOtherIncomeExpensesNet": 100000,
    "incomeBeforeTax": 126600000,
    "incomeBeforeTaxRatio": 0.0868551043,
    "incomeTaxExpense": 50000000,
    "netIncome": 76600000,
    "netIncomeRatio": 0.0525521405,
    "eps": 0.43,
    "epsdiluted": 0.42,
    "weightedAverageShsOut": 178139535,
    "weightedAverageShsOutDil": 182380952,
    "link": "https://www.sec.gov/Archives/edgar/data/40987/000095014497004776/0000950144-97-004776-index.html",
    "finalLink": "https://www.sec.gov/Archives/edgar/data/40987/"
  },
  {
    "date": "1996-12-31",
    "symbol": "GPC",
    "reportedCurrency": "USD",
    "cik": "0000040987",
    "fillingDate": "1997-03-10",
    "acceptedDate": "1997-03-10 00:00:00",
    "calendarYear": "1996",
    "period": "Q4",
    "revenue": 1400900000,
    "costOfRevenue": 940900000,
    "grossProfit": 460000000,
    "grossProfitRatio": 0.3283603398,
    "researchAndDevelopmentExpenses": 0,
    "generalAndAdministrativeExpenses": 293900000,
    "sellingAndMarketingExpenses": 0,
    "sellingGeneralAndAdministrativeExpenses": 293900000,
    "otherExpenses": 11200000,
    "operatingExpenses": 305100000,
    "costAndExpenses": 1246000000,
    "interestIncome": 0,
    "interestExpense": 0,
    "depreciationAndAmortization": 11200000,
    "ebitda": 166100000,
    "ebitdaratio": 0.1185666357,
    "operatingIncome": 154900000,
    "operatingIncomeRatio": 0.1105717753,
    "totalOtherIncomeExpensesNet": 0,
    "incomeBeforeTax": 154900000,
    "incomeBeforeTaxRatio": 0.1105717753,
    "incomeTaxExpense": 61000000,
    "netIncome": 93900000,
    "netIncomeRatio": 0.0670283389,
    "eps": 0.53,
    "epsdiluted": 0.53,
    "weightedAverageShsOut": 176192180,
    "weightedAverageShsOutDil": 178139535,
    "link": "https://www.sec.gov/Archives/edgar/data/40987/000095014497002226/0000950144-97-002226-index.html",
    "finalLink": "https://www.sec.gov/Archives/edgar/data/40987/"
  },
  {
    "date": "1996-09-30",
    "symbol": "GPC",
    "reportedCurrency": "USD",
    "cik": "0000040987",
    "fillingDate": "1996-10-30",
    "acceptedDate": "1996-10-30 00:00:00",
    "calendarYear": "1996",
    "period": "Q3",
    "revenue": 1474800000,
    "costOfRevenue": 1024000000,
    "grossProfit": 450800000,
    "grossProfitRatio": 0.3056685652,
    "researchAndDevelopmentExpenses": 0,
    "generalAndAdministrativeExpenses": 300500000,
    "sellingAndMarketingExpenses": 0,
    "sellingGeneralAndAdministrativeExpenses": 300500000,
    "otherExpenses": 15600000,
    "operatingExpenses": 316100000,
    "costAndExpenses": 1340100000,
    "interestIncome": 0,
    "interestExpense": 0,
    "depreciationAndAmortization": 15600000,
    "ebitda": 150300000,
    "ebitdaratio": 0.1019121237,
    "operatingIncome": 134700000,
    "operatingIncomeRatio": 0.0913344182,
    "totalOtherIncomeExpensesNet": 100000,
    "incomeBeforeTax": 134800000,
    "incomeBeforeTaxRatio": 0.091402224,
    "incomeTaxExpense": 53200000,
    "netIncome": 81600000,
    "netIncomeRatio": 0.0553295362,
    "eps": 0.45,
    "epsdiluted": 0.45,
    "weightedAverageShsOut": 181333333,
    "weightedAverageShsOutDil": 181333333,
    "link": "https://www.sec.gov/Archives/edgar/data/40987/000095014496007419/0000950144-96-007419-index.html",
    "finalLink": "https://www.sec.gov/Archives/edgar/data/40987/"
  },
  {
    "date": "1996-06-30",
    "symbol": "GPC",
    "reportedCurrency": "USD",
    "cik": "0000040987",
    "fillingDate": "1996-07-30",
    "acceptedDate": "1996-07-30 00:00:00",
    "calendarYear": "1996",
    "period": "Q2",
    "revenue": 1444900000,
    "costOfRevenue": 1009000000,
    "grossProfit": 435900000,
    "grossProfitRatio": 0.3016817773,
    "researchAndDevelopmentExpenses": 0,
    "generalAndAdministrativeExpenses": 290400000,
    "sellingAndMarketingExpenses": 0,
    "sellingGeneralAndAdministrativeExpenses": 290400000,
    "otherExpenses": 11900000,
    "operatingExpenses": 302300000,
    "costAndExpenses": 1311300000,
    "interestIncome": 0,
    "interestExpense": 0,
    "depreciationAndAmortization": 11900000,
    "ebitda": 145500000,
    "ebitdaratio": 0.1006990103,
    "operatingIncome": 133600000,
    "operatingIncomeRatio": 0.0924631462,
    "totalOtherIncomeExpensesNet": 0,
    "incomeBeforeTax": 133600000,
    "incomeBeforeTaxRatio": 0.0924631462,
    "incomeTaxExpense": 52800000,
    "netIncome": 80800000,
    "netIncomeRatio": 0.055920825,
    "eps": 0.44,
    "epsdiluted": 0.44,
    "weightedAverageShsOut": 183636364,
    "weightedAverageShsOutDil": 183636364,
    "link": "https://www.sec.gov/Archives/edgar/data/40987/000095014496004693/0000950144-96-004693-index.html",
    "finalLink": "https://www.sec.gov/Archives/edgar/data/40987/"
  },
  {
    "date": "1996-03-31",
    "symbol": "GPC",
    "reportedCurrency": "USD",
    "cik": "0000040987",
    "fillingDate": "1996-04-30",
    "acceptedDate": "1996-04-30 00:00:00",
    "calendarYear": "1996",
    "period": "Q1",
    "revenue": 1399900000,
    "costOfRevenue": 978600000,
    "grossProfit": 421300000,
    "grossProfitRatio": 0.3009500679,
    "researchAndDevelopmentExpenses": 0,
    "generalAndAdministrativeExpenses": 287500000,
    "sellingAndMarketingExpenses": 0,
    "sellingGeneralAndAdministrativeExpenses": 287500000,
    "otherExpenses": 11700000,
    "operatingExpenses": 299200000,
    "costAndExpenses": 1277800000,
    "interestIncome": 0,
    "interestExpense": 0,
    "depreciationAndAmortization": 11700000,
    "ebitda": 133800000,
    "ebitdaratio": 0.0955782556,
    "operatingIncome": 122100000,
    "operatingIncomeRatio": 0.0872205158,
    "totalOtherIncomeExpensesNet": 0,
    "incomeBeforeTax": 122100000,
    "incomeBeforeTaxRatio": 0.0872205158,
    "incomeTaxExpense": 48200000,
    "netIncome": 73900000,
    "netIncomeRatio": 0.052789485,
    "eps": 0.4,
    "epsdiluted": 0.4,
    "weightedAverageShsOut": 184750000,
    "weightedAverageShsOutDil": 184750000,
    "link": "https://www.sec.gov/Archives/edgar/data/40987/000095014496001845/0000950144-96-001845-index.html",
    "finalLink": "https://www.sec.gov/Archives/edgar/data/40987/"
  },
  {
    "date": "1995-12-31",
    "symbol": "GPC",
    "reportedCurrency": "USD",
    "cik": "0000040987",
    "fillingDate": "1996-03-19",
    "acceptedDate": "1996-03-19 00:00:00",
    "calendarYear": "1995",
    "period": "Q4",
    "revenue": 1309500000,
    "costOfRevenue": 872700000,
    "grossProfit": 436800000,
    "grossProfitRatio": 0.3335624284,
    "researchAndDevelopmentExpenses": 0,
    "generalAndAdministrativeExpenses": 278800000,
    "sellingAndMarketingExpenses": 0,
    "sellingGeneralAndAdministrativeExpenses": 278800000,
    "otherExpenses": 11600000,
    "operatingExpenses": 290400000,
    "costAndExpenses": 1163100000,
    "interestIncome": 0,
    "interestExpense": 0,
    "depreciationAndAmortization": 11600000,
    "ebitda": 158000000,
    "ebitdaratio": 0.1206567392,
    "operatingIncome": 146400000,
    "operatingIncomeRatio": 0.1117983963,
    "totalOtherIncomeExpensesNet": 0,
    "incomeBeforeTax": 146400000,
    "incomeBeforeTaxRatio": 0.1117983963,
    "incomeTaxExpense": 58100000,
    "netIncome": 88300000,
    "netIncomeRatio": 0.0674303169,
    "eps": 0.48,
    "epsdiluted": 0.48,
    "weightedAverageShsOut": 183440000,
    "weightedAverageShsOutDil": 184750000,
    "link": "https://www.sec.gov/Archives/edgar/data/40987/000095014496001008/0000950144-96-001008-index.html",
    "finalLink": "https://www.sec.gov/Archives/edgar/data/40987/"
  },
  {
    "date": "1995-09-30",
    "symbol": "GPC",
    "reportedCurrency": "USD",
    "cik": "0000040987",
    "fillingDate": "1995-10-31",
    "acceptedDate": "1995-10-31 00:00:00",
    "calendarYear": "1995",
    "period": "Q3",
    "revenue": 1362500000,
    "costOfRevenue": 943000000,
    "grossProfit": 419500000,
    "grossProfitRatio": 0.3078899083,
    "researchAndDevelopmentExpenses": 0,
    "generalAndAdministrativeExpenses": 281300000,
    "sellingAndMarketingExpenses": 0,
    "sellingGeneralAndAdministrativeExpenses": 281300000,
    "otherExpenses": 11000000,
    "operatingExpenses": 292300000,
    "costAndExpenses": 1235300000,
    "interestIncome": 0,
    "interestExpense": 0,
    "depreciationAndAmortization": 11000000,
    "ebitda": 138200000,
    "ebitdaratio": 0.1014311927,
    "operatingIncome": 127200000,
    "operatingIncomeRatio": 0.0933577982,
    "totalOtherIncomeExpensesNet": 0,
    "incomeBeforeTax": 127200000,
    "incomeBeforeTaxRatio": 0.0933577982,
    "incomeTaxExpense": 50200000,
    "netIncome": 77000000,
    "netIncomeRatio": 0.0565137615,
    "eps": 0.42,
    "epsdiluted": 0.42,
    "weightedAverageShsOut": 183333333,
    "weightedAverageShsOutDil": 183333333,
    "link": "https://www.sec.gov/Archives/edgar/data/40987/000095014495002927/0000950144-95-002927-index.html",
    "finalLink": "https://www.sec.gov/Archives/edgar/data/40987/"
  }
]