[
  {
    "date": "2025-06-28",
    "symbol": "GRMN",
    "reportedCurrency": "USD",
    "cik": "0001121788",
    "fillingDate": "2025-07-30",
    "acceptedDate": "2025-07-30 07:00:57",
    "calendarYear": "2025",
    "period": "Q2",
    "revenue": 1814564000,
    "costOfRevenue": 747552000,
    "grossProfit": 1067012000,
    "grossProfitRatio": 0.5880266554,
    "researchAndDevelopmentExpenses": 276663000,
    "generalAndAdministrativeExpenses": 0,
    "sellingAndMarketingExpenses": 0,
    "sellingGeneralAndAdministrativeExpenses": 318054000,
    "otherExpenses": 0,
    "operatingExpenses": 594717000,
    "costAndExpenses": 1342269000,
    "interestIncome": 31724000,
    "interestExpense": 0,
    "depreciationAndAmortization": 47105000,
    "ebitda": 519400000,
    "ebitdaratio": 0.2862395595,
    "operatingIncome": 472295000,
    "operatingIncomeRatio": 0.2602801555,
    "totalOtherIncomeExpensesNet": 7956000,
    "incomeBeforeTax": 480251000,
    "incomeBeforeTaxRatio": 0.2646646798,
    "incomeTaxExpense": 79429000,
    "netIncome": 400822000,
    "netIncomeRatio": 0.2208916302,
    "eps": 2.08,
    "epsdiluted": 2.07,
    "weightedAverageShsOut": 192523000,
    "weightedAverageShsOutDil": 193416000,
    "link": "https://www.sec.gov/Archives/edgar/data/1121788/000095017025099877/0000950170-25-099877-index.htm",
    "finalLink": "https://www.sec.gov/Archives/edgar/data/1121788/000095017025099877/grmn-20250628.htm"
  },
  {
    "date": "2025-03-29",
    "symbol": "GRMN",
    "reportedCurrency": "USD",
    "cik": "0001121788",
    "fillingDate": "2025-04-30",
    "acceptedDate": "2025-04-30 07:00:21",
    "calendarYear": "2025",
    "period": "Q1",
    "revenue": 1535099000,
    "costOfRevenue": 650554000,
    "grossProfit": 884545000,
    "grossProfitRatio": 0.5762136514,
    "researchAndDevelopmentExpenses": 268120000,
    "generalAndAdministrativeExpenses": 0,
    "sellingAndMarketingExpenses": 0,
    "sellingGeneralAndAdministrativeExpenses": 283601000,
    "otherExpenses": 0,
    "operatingExpenses": 551721000,
    "costAndExpenses": 1202275000,
    "interestIncome": 30507000,
    "interestExpense": 0,
    "depreciationAndAmortization": 46298000,
    "ebitda": 379122000,
    "ebitdaratio": 0.246969088,
    "operatingIncome": 332824000,
    "operatingIncomeRatio": 0.2168094696,
    "totalOtherIncomeExpensesNet": 56254000,
    "incomeBeforeTax": 389078000,
    "incomeBeforeTaxRatio": 0.2534546632,
    "incomeTaxExpense": 56309000,
    "netIncome": 332769000,
    "netIncomeRatio": 0.2167736413,
    "eps": 1.73,
    "epsdiluted": 1.72,
    "weightedAverageShsOut": 192544000,
    "weightedAverageShsOutDil": 193717000,
    "link": "https://www.sec.gov/Archives/edgar/data/1121788/000095017025060555/0000950170-25-060555-index.htm",
    "finalLink": "https://www.sec.gov/Archives/edgar/data/1121788/000095017025060555/grmn-20250329.htm"
  },
  {
    "date": "2024-12-28",
    "symbol": "GRMN",
    "reportedCurrency": "USD",
    "cik": "0001121788",
    "fillingDate": "2025-02-19",
    "acceptedDate": "2025-02-19 07:00:25",
    "calendarYear": "2024",
    "period": "Q4",
    "revenue": 1822561000,
    "costOfRevenue": 742636000,
    "grossProfit": 1079925000,
    "grossProfitRatio": 0.592531608,
    "researchAndDevelopmentExpenses": 258753000,
    "generalAndAdministrativeExpenses": 0,
    "sellingAndMarketingExpenses": 0,
    "sellingGeneralAndAdministrativeExpenses": 305091000,
    "otherExpenses": 0,
    "operatingExpenses": 563844000,
    "costAndExpenses": 1306480000,
    "interestIncome": 30377000,
    "interestExpense": 0,
    "depreciationAndAmortization": 46543000,
    "ebitda": 562624000,
    "ebitdaratio": 0.3086996814,
    "operatingIncome": 516081000,
    "operatingIncomeRatio": 0.2831625389,
    "totalOtherIncomeExpensesNet": 57000,
    "incomeBeforeTax": 516138000,
    "incomeBeforeTaxRatio": 0.2831938135,
    "incomeTaxExpense": 80405000,
    "netIncome": 435733000,
    "netIncomeRatio": 0.2390773203,
    "eps": 2.27,
    "epsdiluted": 2.25,
    "weightedAverageShsOut": 192075000,
    "weightedAverageShsOutDil": 193759000,
    "link": "https://www.sec.gov/Archives/edgar/data/1121788/000095017025022760/0000950170-25-022760-index.htm",
    "finalLink": "https://www.sec.gov/Archives/edgar/data/1121788/000095017025022760/grmn-20241228.htm"
  },
  {
    "date": "2024-09-28",
    "symbol": "GRMN",
    "reportedCurrency": "USD",
    "cik": "0001121788",
    "fillingDate": "2024-10-30",
    "acceptedDate": "2024-10-30 07:00:23",
    "calendarYear": "2024",
    "period": "Q3",
    "revenue": 1586022000,
    "costOfRevenue": 634423000,
    "grossProfit": 951599000,
    "grossProfitRatio": 0.5999910468,
    "researchAndDevelopmentExpenses": 249162000,
    "generalAndAdministrativeExpenses": 0,
    "sellingAndMarketingExpenses": 0,
    "sellingGeneralAndAdministrativeExpenses": 264962000,
    "otherExpenses": 0,
    "operatingExpenses": 514124000,
    "costAndExpenses": 1148547000,
    "interestIncome": 28830000,
    "interestExpense": 0,
    "depreciationAndAmortization": 44255000,
    "ebitda": 481730000,
    "ebitdaratio": 0.3037347527,
    "operatingIncome": 437475000,
    "operatingIncomeRatio": 0.2758316089,
    "totalOtherIncomeExpensesNet": 48775000,
    "incomeBeforeTax": 486250000,
    "incomeBeforeTaxRatio": 0.3065846501,
    "incomeTaxExpense": 87139000,
    "netIncome": 399111000,
    "netIncomeRatio": 0.2516427893,
    "eps": 2.08,
    "epsdiluted": 2.07,
    "weightedAverageShsOut": 192201000,
    "weightedAverageShsOutDil": 193171000,
    "link": "https://www.sec.gov/Archives/edgar/data/1121788/000095017024118582/0000950170-24-118582-index.htm",
    "finalLink": "https://www.sec.gov/Archives/edgar/data/1121788/000095017024118582/grmn-20240928.htm"
  },
  {
    "date": "2024-06-29",
    "symbol": "GRMN",
    "reportedCurrency": "USD",
    "cik": "0001121788",
    "fillingDate": "2024-07-31",
    "acceptedDate": "2024-07-31 07:00:25",
    "calendarYear": "2024",
    "period": "Q2",
    "revenue": 1506671000,
    "costOfRevenue": 643780000,
    "grossProfit": 862891000,
    "grossProfitRatio": 0.5727136183,
    "researchAndDevelopmentExpenses": 243151000,
    "generalAndAdministrativeExpenses": 0,
    "sellingAndMarketingExpenses": 0,
    "sellingGeneralAndAdministrativeExpenses": 277713000,
    "otherExpenses": -513000,
    "operatingExpenses": 520864000,
    "costAndExpenses": 1164644000,
    "interestIncome": 29286000,
    "interestExpense": 0,
    "depreciationAndAmortization": 44112000,
    "ebitda": 386139000,
    "ebitdaratio": 0.2562862098,
    "operatingIncome": 342027000,
    "operatingIncomeRatio": 0.2270084179,
    "totalOtherIncomeExpensesNet": 23945000,
    "incomeBeforeTax": 365972000,
    "incomeBeforeTaxRatio": 0.2429010713,
    "incomeTaxExpense": 65342000,
    "netIncome": 300630000,
    "netIncomeRatio": 0.199532612,
    "eps": 1.57,
    "epsdiluted": 1.56,
    "weightedAverageShsOut": 192074000,
    "weightedAverageShsOutDil": 192899000,
    "link": "https://www.sec.gov/Archives/edgar/data/1121788/000095017024088230/0000950170-24-088230-index.htm",
    "finalLink": "https://www.sec.gov/Archives/edgar/data/1121788/000095017024088230/grmn-20240629.htm"
  },
  {
    "date": "2024-03-30",
    "symbol": "GRMN",
    "reportedCurrency": "USD",
    "cik": "0001121788",
    "fillingDate": "2024-05-01",
    "acceptedDate": "2024-05-01 07:00:29",
    "calendarYear": "2024",
    "period": "Q1",
    "revenue": 1381649000,
    "costOfRevenue": 579510000,
    "grossProfit": 802139000,
    "grossProfitRatio": 0.5805664101,
    "researchAndDevelopmentExpenses": 242535000,
    "generalAndAdministrativeExpenses": 0,
    "sellingAndMarketingExpenses": 0,
    "sellingGeneralAndAdministrativeExpenses": 261194000,
    "otherExpenses": 1321000,
    "operatingExpenses": 503729000,
    "costAndExpenses": 1083239000,
    "interestIncome": 25027000,
    "interestExpense": 0,
    "depreciationAndAmortization": 44825000,
    "ebitda": 343235000,
    "ebitdaratio": 0.2484241656,
    "operatingIncome": 298410000,
    "operatingIncomeRatio": 0.2159810487,
    "totalOtherIncomeExpensesNet": 28630000,
    "incomeBeforeTax": 327040000,
    "incomeBeforeTaxRatio": 0.2367026647,
    "incomeTaxExpense": 51079000,
    "netIncome": 275961000,
    "netIncomeRatio": 0.1997330726,
    "eps": 1.44,
    "epsdiluted": 1.43,
    "weightedAverageShsOut": 191890000,
    "weightedAverageShsOutDil": 192698000,
    "link": "https://www.sec.gov/Archives/edgar/data/1121788/000095017024050879/0000950170-24-050879-index.htm",
    "finalLink": "https://www.sec.gov/Archives/edgar/data/1121788/000095017024050879/grmn-20240330.htm"
  },
  {
    "date": "2023-12-30",
    "symbol": "GRMN",
    "reportedCurrency": "USD",
    "cik": "0001121788",
    "fillingDate": "2024-02-21",
    "acceptedDate": "2024-02-21 07:00:41",
    "calendarYear": "2023",
    "period": "Q4",
    "revenue": 1482501000,
    "costOfRevenue": 618352000,
    "grossProfit": 864149000,
    "grossProfitRatio": 0.5828994382,
    "researchAndDevelopmentExpenses": 237245000,
    "generalAndAdministrativeExpenses": 225190000,
    "sellingAndMarketingExpenses": 61260000,
    "sellingGeneralAndAdministrativeExpenses": 286450000,
    "otherExpenses": 254000,
    "operatingExpenses": 523695000,
    "costAndExpenses": 1142047000,
    "interestIncome": 22841000,
    "interestExpense": 0,
    "depreciationAndAmortization": 45338000,
    "ebitda": 385792000,
    "ebitdaratio": 0.2602305159,
    "operatingIncome": 340454000,
    "operatingIncomeRatio": 0.2296484117,
    "totalOtherIncomeExpensesNet": 42583000,
    "incomeBeforeTax": 383037000,
    "incomeBeforeTaxRatio": 0.2583721697,
    "incomeTaxExpense": -159090000,
    "netIncome": 542127000,
    "netIncomeRatio": 0.3656840704,
    "eps": 2.83,
    "epsdiluted": 2.82,
    "weightedAverageShsOut": 191363000,
    "weightedAverageShsOutDil": 192557000,
    "link": "https://www.sec.gov/Archives/edgar/data/1121788/000095017024017559/0000950170-24-017559-index.htm",
    "finalLink": "https://www.sec.gov/Archives/edgar/data/1121788/000095017024017559/grmn-20231230.htm"
  },
  {
    "date": "2023-09-30",
    "symbol": "GRMN",
    "reportedCurrency": "USD",
    "cik": "0001121788",
    "fillingDate": "2023-11-01",
    "acceptedDate": "2023-11-01 07:00:57",
    "calendarYear": "2023",
    "period": "Q3",
    "revenue": 1277531000,
    "costOfRevenue": 548962000,
    "grossProfit": 728569000,
    "grossProfitRatio": 0.570294576,
    "researchAndDevelopmentExpenses": 221572000,
    "generalAndAdministrativeExpenses": 201470000,
    "sellingAndMarketingExpenses": 35158000,
    "sellingGeneralAndAdministrativeExpenses": 236628000,
    "otherExpenses": 938000,
    "operatingExpenses": 458200000,
    "costAndExpenses": 1007162000,
    "interestIncome": 19803000,
    "interestExpense": 0,
    "depreciationAndAmortization": 44630000,
    "ebitda": 314999000,
    "ebitdaratio": 0.2465685764,
    "operatingIncome": 270369000,
    "operatingIncomeRatio": 0.2116340034,
    "totalOtherIncomeExpensesNet": 9202000,
    "incomeBeforeTax": 279571000,
    "incomeBeforeTaxRatio": 0.2188369597,
    "incomeTaxExpense": 22328000,
    "netIncome": 257243000,
    "netIncomeRatio": 0.2013594973,
    "eps": 1.34,
    "epsdiluted": 1.34,
    "weightedAverageShsOut": 191435000,
    "weightedAverageShsOutDil": 191868000,
    "link": "https://www.sec.gov/Archives/edgar/data/1121788/000095017023057115/0000950170-23-057115-index.htm",
    "finalLink": "https://www.sec.gov/Archives/edgar/data/1121788/000095017023057115/grmn-20230930.htm"
  },
  {
    "date": "2023-07-01",
    "symbol": "GRMN",
    "reportedCurrency": "USD",
    "cik": "0001121788",
    "fillingDate": "2023-08-02",
    "acceptedDate": "2023-08-02 07:01:19",
    "calendarYear": "2023",
    "period": "Q2",
    "revenue": 1320795000,
    "costOfRevenue": 561353000,
    "grossProfit": 759442000,
    "grossProfitRatio": 0.5749885486,
    "researchAndDevelopmentExpenses": 224394000,
    "generalAndAdministrativeExpenses": 204349000,
    "sellingAndMarketingExpenses": 46344000,
    "sellingGeneralAndAdministrativeExpenses": 250693000,
    "otherExpenses": 2064000,
    "operatingExpenses": 475087000,
    "costAndExpenses": 1036440000,
    "interestIncome": 18760000,
    "interestExpense": 0,
    "depreciationAndAmortization": 44189000,
    "ebitda": 328544000,
    "ebitdaratio": 0.2487471561,
    "operatingIncome": 284355000,
    "operatingIncomeRatio": 0.2152907908,
    "totalOtherIncomeExpensesNet": 31621000,
    "incomeBeforeTax": 315976000,
    "incomeBeforeTaxRatio": 0.2392316749,
    "incomeTaxExpense": 28037000,
    "netIncome": 287939000,
    "netIncomeRatio": 0.218004308,
    "eps": 1.51,
    "epsdiluted": 1.5,
    "weightedAverageShsOut": 191293000,
    "weightedAverageShsOutDil": 191597000,
    "link": "https://www.sec.gov/Archives/edgar/data/1121788/000095017023036762/0000950170-23-036762-index.htm",
    "finalLink": "https://www.sec.gov/Archives/edgar/data/1121788/000095017023036762/grmn-20230701.htm"
  },
  {
    "date": "2023-04-01",
    "symbol": "GRMN",
    "reportedCurrency": "USD",
    "cik": "0001121788",
    "fillingDate": "2023-05-03",
    "acceptedDate": "2023-05-03 07:00:48",
    "calendarYear": "2023",
    "period": "Q1",
    "revenue": 1147424000,
    "costOfRevenue": 494630000,
    "grossProfit": 652794000,
    "grossProfitRatio": 0.5689213403,
    "researchAndDevelopmentExpenses": 221485000,
    "generalAndAdministrativeExpenses": 203980000,
    "sellingAndMarketingExpenses": 30347000,
    "sellingGeneralAndAdministrativeExpenses": 234327000,
    "otherExpenses": 1203000,
    "operatingExpenses": 455812000,
    "costAndExpenses": 950442000,
    "interestIncome": 15899000,
    "interestExpense": 0,
    "depreciationAndAmortization": 43415000,
    "ebitda": 240397000,
    "ebitdaratio": 0.2095101724,
    "operatingIncome": 196982000,
    "operatingIncomeRatio": 0.1716732437,
    "totalOtherIncomeExpensesNet": 24790000,
    "incomeBeforeTax": 221772000,
    "incomeBeforeTaxRatio": 0.1932781605,
    "incomeTaxExpense": 19445000,
    "netIncome": 202327000,
    "netIncomeRatio": 0.1763315043,
    "eps": 1.06,
    "epsdiluted": 1.05,
    "weightedAverageShsOut": 191498000,
    "weightedAverageShsOutDil": 191886000,
    "link": "https://www.sec.gov/Archives/edgar/data/1121788/000095017023016873/0000950170-23-016873-index.htm",
    "finalLink": "https://www.sec.gov/Archives/edgar/data/1121788/000095017023016873/grmn-20230401.htm"
  },
  {
    "date": "2022-12-31",
    "symbol": "GRMN",
    "reportedCurrency": "USD",
    "cik": "0001121788",
    "fillingDate": "2023-02-22",
    "acceptedDate": "2023-02-22 07:02:02",
    "calendarYear": "2022",
    "period": "Q4",
    "revenue": 1306356000,
    "costOfRevenue": 561386000,
    "grossProfit": 744970000,
    "grossProfitRatio": 0.5702656856,
    "researchAndDevelopmentExpenses": 215712000,
    "generalAndAdministrativeExpenses": 204421000,
    "sellingAndMarketingExpenses": 57662000,
    "sellingGeneralAndAdministrativeExpenses": 262083000,
    "otherExpenses": 0,
    "operatingExpenses": 477795000,
    "costAndExpenses": 1039181000,
    "interestIncome": 14306000,
    "interestExpense": 0,
    "depreciationAndAmortization": 41499000,
    "ebitda": 308673000,
    "ebitdaratio": 0.2362855148,
    "operatingIncome": 267174000,
    "operatingIncomeRatio": 0.2045185233,
    "totalOtherIncomeExpensesNet": 62702000,
    "incomeBeforeTax": 329876000,
    "incomeBeforeTaxRatio": 0.2525161595,
    "incomeTaxExpense": 36604000,
    "netIncome": 293272000,
    "netIncomeRatio": 0.2244962323,
    "eps": 1.53,
    "epsdiluted": 1.53,
    "weightedAverageShsOut": 191613000,
    "weightedAverageShsOutDil": 192104000,
    "link": "https://www.sec.gov/Archives/edgar/data/1121788/000095017023003566/0000950170-23-003566-index.htm",
    "finalLink": "https://www.sec.gov/Archives/edgar/data/1121788/000095017023003566/grmn-20221231.htm"
  },
  {
    "date": "2022-09-24",
    "symbol": "GRMN",
    "reportedCurrency": "USD",
    "cik": "0001121788",
    "fillingDate": "2022-10-26",
    "acceptedDate": "2022-10-26 07:01:09",
    "calendarYear": "2022",
    "period": "Q3",
    "revenue": 1140434000,
    "costOfRevenue": 469935000,
    "grossProfit": 670499000,
    "grossProfitRatio": 0.5879331903,
    "researchAndDevelopmentExpenses": 208692000,
    "generalAndAdministrativeExpenses": 189546000,
    "sellingAndMarketingExpenses": 32888000,
    "sellingGeneralAndAdministrativeExpenses": 222434000,
    "otherExpenses": 285000,
    "operatingExpenses": 431126000,
    "costAndExpenses": 901061000,
    "interestIncome": 10472000,
    "interestExpense": 0,
    "depreciationAndAmortization": 39498000,
    "ebitda": 278871000,
    "ebitdaratio": 0.244530591,
    "operatingIncome": 239373000,
    "operatingIncomeRatio": 0.2098964079,
    "totalOtherIncomeExpensesNet": -19106000,
    "incomeBeforeTax": 220267000,
    "incomeBeforeTaxRatio": 0.1931431367,
    "incomeTaxExpense": 9419000,
    "netIncome": 210848000,
    "netIncomeRatio": 0.1848840003,
    "eps": 1.09,
    "epsdiluted": 1.09,
    "weightedAverageShsOut": 192672000,
    "weightedAverageShsOutDil": 193105000,
    "link": "https://www.sec.gov/Archives/edgar/data/1121788/000095017022020097/0000950170-22-020097-index.htm",
    "finalLink": "https://www.sec.gov/Archives/edgar/data/1121788/000095017022020097/grmn-20220924.htm"
  },
  {
    "date": "2022-06-25",
    "symbol": "GRMN",
    "reportedCurrency": "USD",
    "cik": "0001121788",
    "fillingDate": "2022-07-27",
    "acceptedDate": "2022-07-27 07:01:36",
    "calendarYear": "2022",
    "period": "Q2",
    "revenue": 1240833000,
    "costOfRevenue": 512007000,
    "grossProfit": 728826000,
    "grossProfitRatio": 0.5873683243,
    "researchAndDevelopmentExpenses": 201518000,
    "generalAndAdministrativeExpenses": 191211000,
    "sellingAndMarketingExpenses": 43357000,
    "sellingGeneralAndAdministrativeExpenses": 234568000,
    "otherExpenses": 170000,
    "operatingExpenses": 436086000,
    "costAndExpenses": 948093000,
    "interestIncome": 8495000,
    "interestExpense": 0,
    "depreciationAndAmortization": 41644000,
    "ebitda": 334384000,
    "ebitdaratio": 0.2694834841,
    "operatingIncome": 292740000,
    "operatingIncomeRatio": 0.2359221587,
    "totalOtherIncomeExpensesNet": -13774000,
    "incomeBeforeTax": 278966000,
    "incomeBeforeTaxRatio": 0.2248215513,
    "incomeTaxExpense": 21093000,
    "netIncome": 257873000,
    "netIncomeRatio": 0.207822487,
    "eps": 1.34,
    "epsdiluted": 1.33,
    "weightedAverageShsOut": 193074000,
    "weightedAverageShsOutDil": 193450000,
    "link": "https://www.sec.gov/Archives/edgar/data/1121788/000095017022013146/0000950170-22-013146-index.htm",
    "finalLink": "https://www.sec.gov/Archives/edgar/data/1121788/000095017022013146/grmn-20220625.htm"
  },
  {
    "date": "2022-03-26",
    "symbol": "GRMN",
    "reportedCurrency": "USD",
    "cik": "0001121788",
    "fillingDate": "2022-04-27",
    "acceptedDate": "2022-04-27 07:00:48",
    "calendarYear": "2022",
    "period": "Q1",
    "revenue": 1172662000,
    "costOfRevenue": 510183000,
    "grossProfit": 662479000,
    "grossProfitRatio": 0.5649360174,
    "researchAndDevelopmentExpenses": 209006000,
    "generalAndAdministrativeExpenses": 190784000,
    "sellingAndMarketingExpenses": 34133000,
    "sellingGeneralAndAdministrativeExpenses": 224917000,
    "otherExpenses": 0,
    "operatingExpenses": 433923000,
    "costAndExpenses": 944106000,
    "interestIncome": 7553000,
    "interestExpense": 0,
    "depreciationAndAmortization": 41212000,
    "ebitda": 269768000,
    "ebitdaratio": 0.2300475329,
    "operatingIncome": 228556000,
    "operatingIncomeRatio": 0.1949035613,
    "totalOtherIncomeExpensesNet": 7308000,
    "incomeBeforeTax": 235864000,
    "incomeBeforeTaxRatio": 0.2011355361,
    "incomeTaxExpense": 24272000,
    "netIncome": 211592000,
    "netIncomeRatio": 0.1804373298,
    "eps": 1.1,
    "epsdiluted": 1.09,
    "weightedAverageShsOut": 192887000,
    "weightedAverageShsOutDil": 193579000,
    "link": "https://www.sec.gov/Archives/edgar/data/1121788/000095017022006271/0000950170-22-006271-index.htm",
    "finalLink": "https://www.sec.gov/Archives/edgar/data/1121788/000095017022006271/grmn-20220326.htm"
  },
  {
    "date": "2021-12-25",
    "symbol": "GRMN",
    "reportedCurrency": "USD",
    "cik": "0001121788",
    "fillingDate": "2022-02-16",
    "acceptedDate": "2022-02-16 07:00:56",
    "calendarYear": "2021",
    "period": "Q4",
    "revenue": 1391589000,
    "costOfRevenue": 619484000,
    "grossProfit": 772105000,
    "grossProfitRatio": 0.5548369526,
    "researchAndDevelopmentExpenses": 221772000,
    "generalAndAdministrativeExpenses": 174090000,
    "sellingAndMarketingExpenses": 61124000,
    "sellingGeneralAndAdministrativeExpenses": 235214000,
    "otherExpenses": 1355000,
    "operatingExpenses": 456986000,
    "costAndExpenses": 1076470000,
    "interestIncome": 7005000,
    "interestExpense": 0,
    "depreciationAndAmortization": 41061000,
    "ebitda": 356181000,
    "ebitdaratio": 0.2559527274,
    "operatingIncome": 315119000,
    "operatingIncomeRatio": 0.2264454519,
    "totalOtherIncomeExpensesNet": -6282000,
    "incomeBeforeTax": 308837000,
    "incomeBeforeTaxRatio": 0.221931188,
    "incomeTaxExpense": 22702000,
    "netIncome": 286136000,
    "netIncomeRatio": 0.2056181818,
    "eps": 1.49,
    "epsdiluted": 1.48,
    "weightedAverageShsOut": 192353000,
    "weightedAverageShsOutDil": 193306000,
    "link": "https://www.sec.gov/Archives/edgar/data/1121788/000095017022001303/0000950170-22-001303-index.htm",
    "finalLink": "https://www.sec.gov/Archives/edgar/data/1121788/000095017022001303/grmn-20211225.htm"
  },
  {
    "date": "2021-09-25",
    "symbol": "GRMN",
    "reportedCurrency": "USD",
    "cik": "0001121788",
    "fillingDate": "2021-10-27",
    "acceptedDate": "2021-10-27 07:01:51",
    "calendarYear": "2021",
    "period": "Q3",
    "revenue": 1191973000,
    "costOfRevenue": 496026000,
    "grossProfit": 695947000,
    "grossProfitRatio": 0.5838613794,
    "researchAndDevelopmentExpenses": 214057000,
    "generalAndAdministrativeExpenses": 162515000,
    "sellingAndMarketingExpenses": 36705000,
    "sellingGeneralAndAdministrativeExpenses": 199220000,
    "otherExpenses": 833000,
    "operatingExpenses": 413277000,
    "costAndExpenses": 909303000,
    "interestIncome": 6897000,
    "interestExpense": 0,
    "depreciationAndAmortization": 39078000,
    "ebitda": 321748000,
    "ebitdaratio": 0.269928933,
    "operatingIncome": 282670000,
    "operatingIncomeRatio": 0.2371446333,
    "totalOtherIncomeExpensesNet": -7284000,
    "incomeBeforeTax": 275386000,
    "incomeBeforeTaxRatio": 0.2310337566,
    "incomeTaxExpense": 16347000,
    "netIncome": 259039000,
    "netIncomeRatio": 0.2173195198,
    "eps": 1.35,
    "epsdiluted": 1.34,
    "weightedAverageShsOut": 192322000,
    "weightedAverageShsOutDil": 193185000,
    "link": "https://www.sec.gov/Archives/edgar/data/1121788/000095017021002333/0000950170-21-002333-index.htm",
    "finalLink": "https://www.sec.gov/Archives/edgar/data/1121788/000095017021002333/grmn-20210925.htm"
  },
  {
    "date": "2021-06-26",
    "symbol": "GRMN",
    "reportedCurrency": "USD",
    "cik": "0001121788",
    "fillingDate": "2021-07-28",
    "acceptedDate": "2021-07-28 07:00:59",
    "calendarYear": "2021",
    "period": "Q2",
    "revenue": 1326905000,
    "costOfRevenue": 546054000,
    "grossProfit": 780851000,
    "grossProfitRatio": 0.5884754372,
    "researchAndDevelopmentExpenses": 200981000,
    "generalAndAdministrativeExpenses": 165759000,
    "sellingAndMarketingExpenses": 42939000,
    "sellingGeneralAndAdministrativeExpenses": 208698000,
    "otherExpenses": 1195000,
    "operatingExpenses": 409679000,
    "costAndExpenses": 955733000,
    "interestIncome": 7018000,
    "interestExpense": 0,
    "depreciationAndAmortization": 37789000,
    "ebitda": 408961000,
    "ebitdaratio": 0.3082066915,
    "operatingIncome": 371172000,
    "operatingIncomeRatio": 0.2797276369,
    "totalOtherIncomeExpensesNet": 887000,
    "incomeBeforeTax": 372059000,
    "incomeBeforeTaxRatio": 0.2803961097,
    "incomeTaxExpense": 55062000,
    "netIncome": 316997000,
    "netIncomeRatio": 0.2388995444,
    "eps": 1.65,
    "epsdiluted": 1.64,
    "weightedAverageShsOut": 192150000,
    "weightedAverageShsOutDil": 192871000,
    "link": "https://www.sec.gov/Archives/edgar/data/1121788/000095017021000551/0000950170-21-000551-index.htm",
    "finalLink": "https://www.sec.gov/Archives/edgar/data/1121788/000095017021000551/grmn-20210626.htm"
  },
  {
    "date": "2021-03-27",
    "symbol": "GRMN",
    "reportedCurrency": "USD",
    "cik": "0001121788",
    "fillingDate": "2021-04-28",
    "acceptedDate": "2021-04-28 07:01:22",
    "calendarYear": "2021",
    "period": "Q1",
    "revenue": 1072327000,
    "costOfRevenue": 430771000,
    "grossProfit": 641556000,
    "grossProfitRatio": 0.598283919,
    "researchAndDevelopmentExpenses": 203214000,
    "generalAndAdministrativeExpenses": 157622000,
    "sellingAndMarketingExpenses": 31061000,
    "sellingGeneralAndAdministrativeExpenses": 188683000,
    "otherExpenses": 1484000,
    "operatingExpenses": 391897000,
    "costAndExpenses": 822668000,
    "interestIncome": 7652000,
    "interestExpense": 0,
    "depreciationAndAmortization": 36890000,
    "ebitda": 286549000,
    "ebitdaratio": 0.2672216591,
    "operatingIncome": 249659000,
    "operatingIncomeRatio": 0.2328198395,
    "totalOtherIncomeExpensesNet": 855000,
    "incomeBeforeTax": 250514000,
    "incomeBeforeTaxRatio": 0.2336171709,
    "incomeTaxExpense": 30485000,
    "netIncome": 220029000,
    "netIncomeRatio": 0.2051883427,
    "eps": 1.15,
    "epsdiluted": 1.14,
    "weightedAverageShsOut": 191896000,
    "weightedAverageShsOutDil": 192810000,
    "link": "https://www.sec.gov/Archives/edgar/data/1121788/000095017021000047/0000950170-21-000047-index.htm",
    "finalLink": "https://www.sec.gov/Archives/edgar/data/1121788/000095017021000047/grmn-20210327.htm"
  },
  {
    "date": "2020-12-26",
    "symbol": "GRMN",
    "reportedCurrency": "USD",
    "cik": "0001121788",
    "fillingDate": "2021-02-17",
    "acceptedDate": "2021-02-17 07:00:53",
    "calendarYear": "2020",
    "period": "Q4",
    "revenue": 1351405000,
    "costOfRevenue": 560422000,
    "grossProfit": 790983000,
    "grossProfitRatio": 0.5853041834,
    "researchAndDevelopmentExpenses": 199672000,
    "generalAndAdministrativeExpenses": 158910000,
    "sellingAndMarketingExpenses": 61135000,
    "sellingGeneralAndAdministrativeExpenses": 220045000,
    "otherExpenses": 828000,
    "operatingExpenses": 419717000,
    "costAndExpenses": 980139000,
    "interestIncome": 6744000,
    "interestExpense": 0,
    "depreciationAndAmortization": 36605000,
    "ebitda": 407872000,
    "ebitdaratio": 0.301813298,
    "operatingIncome": 371266000,
    "operatingIncomeRatio": 0.2747259334,
    "totalOtherIncomeExpensesNet": 20199000,
    "incomeBeforeTax": 391465000,
    "incomeBeforeTaxRatio": 0.2896726,
    "incomeTaxExpense": 57918000,
    "netIncome": 333548000,
    "netIncomeRatio": 0.2468157214,
    "eps": 1.74,
    "epsdiluted": 1.73,
    "weightedAverageShsOut": 191278000,
    "weightedAverageShsOutDil": 192303000,
    "link": "https://www.sec.gov/Archives/edgar/data/1121788/000156459021006192/0001564590-21-006192-index.htm",
    "finalLink": "https://www.sec.gov/Archives/edgar/data/1121788/000156459021006192/grmn-10k_20201226.htm"
  },
  {
    "date": "2020-09-26",
    "symbol": "GRMN",
    "reportedCurrency": "USD",
    "cik": "0001121788",
    "fillingDate": "2020-10-28",
    "acceptedDate": "2020-10-28 07:00:47",
    "calendarYear": "2020",
    "period": "Q3",
    "revenue": 1109194000,
    "costOfRevenue": 441211000,
    "grossProfit": 667983000,
    "grossProfitRatio": 0.6022237769,
    "researchAndDevelopmentExpenses": 174882000,
    "generalAndAdministrativeExpenses": 142134000,
    "sellingAndMarketingExpenses": 33866000,
    "sellingGeneralAndAdministrativeExpenses": 176000000,
    "otherExpenses": 1726000,
    "operatingExpenses": 350882000,
    "costAndExpenses": 792093000,
    "interestIncome": 7777000,
    "interestExpense": 0,
    "depreciationAndAmortization": 32578000,
    "ebitda": 349679000,
    "ebitdaratio": 0.315255041,
    "operatingIncome": 317101000,
    "operatingIncomeRatio": 0.2858841645,
    "totalOtherIncomeExpensesNet": 19616000,
    "incomeBeforeTax": 336717000,
    "incomeBeforeTaxRatio": 0.3035690781,
    "incomeTaxExpense": 23300000,
    "netIncome": 313417000,
    "netIncomeRatio": 0.2825628339,
    "eps": 1.64,
    "epsdiluted": 1.63,
    "weightedAverageShsOut": 191234000,
    "weightedAverageShsOutDil": 191998000,
    "link": "https://www.sec.gov/Archives/edgar/data/1121788/000156459020048151/0001564590-20-048151-index.htm",
    "finalLink": "https://www.sec.gov/Archives/edgar/data/1121788/000156459020048151/grmn-10q_20200926.htm"
  },
  {
    "date": "2020-06-27",
    "symbol": "GRMN",
    "reportedCurrency": "USD",
    "cik": "0001121788",
    "fillingDate": "2020-07-29",
    "acceptedDate": "2020-07-29 07:01:19",
    "calendarYear": "2020",
    "period": "Q2",
    "revenue": 869867000,
    "costOfRevenue": 354437000,
    "grossProfit": 515430000,
    "grossProfitRatio": 0.5925388594,
    "researchAndDevelopmentExpenses": 165740000,
    "generalAndAdministrativeExpenses": 132016000,
    "sellingAndMarketingExpenses": 29285000,
    "sellingGeneralAndAdministrativeExpenses": 161301000,
    "otherExpenses": 0,
    "operatingExpenses": 327041000,
    "costAndExpenses": 681478000,
    "interestIncome": 10455000,
    "interestExpense": 0,
    "depreciationAndAmortization": 29328000,
    "ebitda": 217717000,
    "ebitdaratio": 0.2502876877,
    "operatingIncome": 188389000,
    "operatingIncomeRatio": 0.2165721886,
    "totalOtherIncomeExpensesNet": 9203000,
    "incomeBeforeTax": 197592000,
    "incomeBeforeTaxRatio": 0.2271519669,
    "incomeTaxExpense": 13412000,
    "netIncome": 184180000,
    "netIncomeRatio": 0.2117335179,
    "eps": 0.96,
    "epsdiluted": 0.96,
    "weightedAverageShsOut": 191024000,
    "weightedAverageShsOutDil": 191597000,
    "link": "https://www.sec.gov/Archives/edgar/data/1121788/000156459020034060/0001564590-20-034060-index.htm",
    "finalLink": "https://www.sec.gov/Archives/edgar/data/1121788/000156459020034060/grmn-10q_20200627.htm"
  },
  {
    "date": "2020-03-28",
    "symbol": "GRMN",
    "reportedCurrency": "USD",
    "cik": "0001121788",
    "fillingDate": "2020-04-29",
    "acceptedDate": "2020-04-29 07:01:31",
    "calendarYear": "2020",
    "period": "Q1",
    "revenue": 856108000,
    "costOfRevenue": 349168000,
    "grossProfit": 506940000,
    "grossProfitRatio": 0.5921449163,
    "researchAndDevelopmentExpenses": 165392000,
    "generalAndAdministrativeExpenses": 137186000,
    "sellingAndMarketingExpenses": 26880000,
    "sellingGeneralAndAdministrativeExpenses": 164066000,
    "otherExpenses": 0,
    "operatingExpenses": 329458000,
    "costAndExpenses": 678626000,
    "interestIncome": 12026000,
    "interestExpense": 0,
    "depreciationAndAmortization": 28204000,
    "ebitda": 205686000,
    "ebitdaratio": 0.2402570704,
    "operatingIncome": 177482000,
    "operatingIncomeRatio": 0.2073126288,
    "totalOtherIncomeExpensesNet": 153000,
    "incomeBeforeTax": 177635000,
    "incomeBeforeTaxRatio": 0.2074913445,
    "incomeTaxExpense": 16455000,
    "netIncome": 161180000,
    "netIncomeRatio": 0.1882706388,
    "eps": 0.84,
    "epsdiluted": 0.84,
    "weightedAverageShsOut": 190803000,
    "weightedAverageShsOutDil": 191684000,
    "link": "https://www.sec.gov/Archives/edgar/data/1121788/000156459020019417/0001564590-20-019417-index.htm",
    "finalLink": "https://www.sec.gov/Archives/edgar/data/1121788/000156459020019417/grmn-10q_20200328.htm"
  },
  {
    "date": "2019-12-28",
    "symbol": "GRMN",
    "reportedCurrency": "USD",
    "cik": "0001121788",
    "fillingDate": "2020-02-19",
    "acceptedDate": "2020-02-19 07:02:35",
    "calendarYear": "2019",
    "period": "Q4",
    "revenue": 1102233000,
    "costOfRevenue": 462777000,
    "grossProfit": 639456000,
    "grossProfitRatio": 0.5801459401,
    "researchAndDevelopmentExpenses": 162005000,
    "generalAndAdministrativeExpenses": 138280000,
    "sellingAndMarketingExpenses": 62648000,
    "sellingGeneralAndAdministrativeExpenses": 200928000,
    "otherExpenses": 0,
    "operatingExpenses": 362933000,
    "costAndExpenses": 825710000,
    "interestIncome": 13069000,
    "interestExpense": 0,
    "depreciationAndAmortization": 28560000,
    "ebitda": 305083000,
    "ebitdaratio": 0.2767863056,
    "operatingIncome": 276523000,
    "operatingIncomeRatio": 0.2508752687,
    "totalOtherIncomeExpensesNet": 10889000,
    "incomeBeforeTax": 287413000,
    "incomeBeforeTaxRatio": 0.2607552124,
    "incomeTaxExpense": -73379000,
    "netIncome": 360791000,
    "netIncomeRatio": 0.3273273437,
    "eps": 1.9,
    "epsdiluted": 1.89,
    "weightedAverageShsOut": 190165000,
    "weightedAverageShsOutDil": 191225000,
    "link": "https://www.sec.gov/Archives/edgar/data/1121788/000156459020005133/0001564590-20-005133-index.htm",
    "finalLink": "https://www.sec.gov/Archives/edgar/data/1121788/000156459020005133/grmn-10k_20191228.htm"
  },
  {
    "date": "2019-09-28",
    "symbol": "GRMN",
    "reportedCurrency": "USD",
    "cik": "0001121788",
    "fillingDate": "2019-10-30",
    "acceptedDate": "2019-10-30 07:02:02",
    "calendarYear": "2019",
    "period": "Q3",
    "revenue": 934383000,
    "costOfRevenue": 366925000,
    "grossProfit": 567458000,
    "grossProfitRatio": 0.60730771,
    "researchAndDevelopmentExpenses": 148561000,
    "generalAndAdministrativeExpenses": 124769000,
    "sellingAndMarketingExpenses": 32668000,
    "sellingGeneralAndAdministrativeExpenses": 157437000,
    "otherExpenses": 294000,
    "operatingExpenses": 305998000,
    "costAndExpenses": 672923000,
    "interestIncome": 12309000,
    "interestExpense": 0,
    "depreciationAndAmortization": 26881000,
    "ebitda": 288341000,
    "ebitdaratio": 0.3085897325,
    "operatingIncome": 261460000,
    "operatingIncomeRatio": 0.2798210156,
    "totalOtherIncomeExpensesNet": -3693000,
    "incomeBeforeTax": 257767000,
    "incomeBeforeTaxRatio": 0.2758686748,
    "incomeTaxExpense": 29901000,
    "netIncome": 227866000,
    "netIncomeRatio": 0.2438678786,
    "eps": 1.2,
    "epsdiluted": 1.19,
    "weightedAverageShsOut": 190102000,
    "weightedAverageShsOutDil": 190962000,
    "link": "https://www.sec.gov/Archives/edgar/data/1121788/000121390019021444/0001213900-19-021444-index.htm",
    "finalLink": "https://www.sec.gov/Archives/edgar/data/1121788/000121390019021444/f10q0919_garminltd.htm"
  },
  {
    "date": "2019-06-29",
    "symbol": "GRMN",
    "reportedCurrency": "USD",
    "cik": "0001121788",
    "fillingDate": "2019-07-31",
    "acceptedDate": "2019-07-31 07:01:57",
    "calendarYear": "2019",
    "period": "Q2",
    "revenue": 954840000,
    "costOfRevenue": 379475000,
    "grossProfit": 575365000,
    "grossProfitRatio": 0.6025773952,
    "researchAndDevelopmentExpenses": 148883000,
    "generalAndAdministrativeExpenses": 128738000,
    "sellingAndMarketingExpenses": 41523000,
    "sellingGeneralAndAdministrativeExpenses": 170261000,
    "otherExpenses": 0,
    "operatingExpenses": 319144000,
    "costAndExpenses": 698619000,
    "interestIncome": 13735000,
    "interestExpense": 0,
    "depreciationAndAmortization": 26723000,
    "ebitda": 282944000,
    "ebitdaratio": 0.296326086,
    "operatingIncome": 256221000,
    "operatingIncomeRatio": 0.2683391982,
    "totalOtherIncomeExpensesNet": 19557000,
    "incomeBeforeTax": 275778000,
    "incomeBeforeTaxRatio": 0.2888211638,
    "incomeTaxExpense": 52122000,
    "netIncome": 223656000,
    "netIncomeRatio": 0.2342340078,
    "eps": 1.18,
    "epsdiluted": 1.17,
    "weightedAverageShsOut": 189855000,
    "weightedAverageShsOutDil": 190714000,
    "link": "https://www.sec.gov/Archives/edgar/data/1121788/000121390019014087/0001213900-19-014087-index.htm",
    "finalLink": "https://www.sec.gov/Archives/edgar/data/1121788/000121390019014087/grmn-20190629.htm"
  },
  {
    "date": "2019-03-30",
    "symbol": "GRMN",
    "reportedCurrency": "USD",
    "cik": "0001121788",
    "fillingDate": "2019-05-01",
    "acceptedDate": "2019-05-01 08:07:33",
    "calendarYear": "2019",
    "period": "Q1",
    "revenue": 766050000,
    "costOfRevenue": 314352000,
    "grossProfit": 451698000,
    "grossProfitRatio": 0.5896455845,
    "researchAndDevelopmentExpenses": 145919000,
    "generalAndAdministrativeExpenses": 126781000,
    "sellingAndMarketingExpenses": 27615000,
    "sellingGeneralAndAdministrativeExpenses": 154396000,
    "otherExpenses": 864000,
    "operatingExpenses": 300315000,
    "costAndExpenses": 614667000,
    "interestIncome": 13704000,
    "interestExpense": 0,
    "depreciationAndAmortization": 24011000,
    "ebitda": 175394000,
    "ebitdaratio": 0.2289589452,
    "operatingIncome": 151383000,
    "operatingIncomeRatio": 0.1976150382,
    "totalOtherIncomeExpensesNet": 14882000,
    "incomeBeforeTax": 166265000,
    "incomeBeforeTaxRatio": 0.2170419685,
    "incomeTaxExpense": 26092000,
    "netIncome": 140173000,
    "netIncomeRatio": 0.1829815286,
    "eps": 0.74,
    "epsdiluted": 0.74,
    "weightedAverageShsOut": 189601000,
    "weightedAverageShsOutDil": 190599000,
    "link": "https://www.sec.gov/Archives/edgar/data/1121788/000161577419006777/0001615774-19-006777-index.htm",
    "finalLink": "https://www.sec.gov/Archives/edgar/data/1121788/000161577419006777/s117621_10q.htm"
  },
  {
    "date": "2018-12-29",
    "symbol": "GRMN",
    "reportedCurrency": "USD",
    "cik": "0001121788",
    "fillingDate": "2019-02-20",
    "acceptedDate": "2019-02-20 07:03:53",
    "calendarYear": "2018",
    "period": "Q4",
    "revenue": 932108000,
    "costOfRevenue": 382942000,
    "grossProfit": 549166000,
    "grossProfitRatio": 0.5891656332,
    "researchAndDevelopmentExpenses": 145157000,
    "generalAndAdministrativeExpenses": 125942000,
    "sellingAndMarketingExpenses": 55394000,
    "sellingGeneralAndAdministrativeExpenses": 181336000,
    "otherExpenses": -1426000,
    "operatingExpenses": 326493000,
    "costAndExpenses": 709435000,
    "interestIncome": 14837000,
    "interestExpense": 0,
    "depreciationAndAmortization": 24718000,
    "ebitda": 247391000,
    "ebitdaratio": 0.2654102314,
    "operatingIncome": 222673000,
    "operatingIncomeRatio": 0.2388918452,
    "totalOtherIncomeExpensesNet": 9199000,
    "incomeBeforeTax": 231873000,
    "incomeBeforeTaxRatio": 0.248761946,
    "incomeTaxExpense": 41723000,
    "netIncome": 190150000,
    "netIncomeRatio": 0.2039999657,
    "eps": 1.01,
    "epsdiluted": 1,
    "weightedAverageShsOut": 188878000,
    "weightedAverageShsOutDil": 190177000,
    "link": "https://www.sec.gov/Archives/edgar/data/1121788/000161577419002739/0001615774-19-002739-index.htm",
    "finalLink": "https://www.sec.gov/Archives/edgar/data/1121788/000161577419002739/s116041_10k.htm"
  },
  {
    "date": "2018-09-29",
    "symbol": "GRMN",
    "reportedCurrency": "USD",
    "cik": "0001121788",
    "fillingDate": "2018-10-31",
    "acceptedDate": "2018-10-31 07:17:45",
    "calendarYear": "2018",
    "period": "Q3",
    "revenue": 810011000,
    "costOfRevenue": 329264000,
    "grossProfit": 480747000,
    "grossProfitRatio": 0.5935067548,
    "researchAndDevelopmentExpenses": 138979000,
    "generalAndAdministrativeExpenses": 114669000,
    "sellingAndMarketingExpenses": 31140000,
    "sellingGeneralAndAdministrativeExpenses": 145809000,
    "otherExpenses": 1147000,
    "operatingExpenses": 284788000,
    "costAndExpenses": 614052000,
    "interestIncome": 11089000,
    "interestExpense": 0,
    "depreciationAndAmortization": 23256000,
    "ebitda": 219215000,
    "ebitdaratio": 0.2706321272,
    "operatingIncome": 195959000,
    "operatingIncomeRatio": 0.241921406,
    "totalOtherIncomeExpensesNet": 5368000,
    "incomeBeforeTax": 201327000,
    "incomeBeforeTaxRatio": 0.2485484765,
    "incomeTaxExpense": 17113000,
    "netIncome": 184214000,
    "netIncomeRatio": 0.2274216029,
    "eps": 0.98,
    "epsdiluted": 0.97,
    "weightedAverageShsOut": 188799000,
    "weightedAverageShsOutDil": 190005000,
    "link": "https://www.sec.gov/Archives/edgar/data/1121788/000161577418011588/0001615774-18-011588-index.htm",
    "finalLink": "https://www.sec.gov/Archives/edgar/data/1121788/000161577418011588/s113478_10q.htm"
  },
  {
    "date": "2018-06-30",
    "symbol": "GRMN",
    "reportedCurrency": "USD",
    "cik": "0001121788",
    "fillingDate": "2018-08-01",
    "acceptedDate": "2018-08-01 07:02:01",
    "calendarYear": "2018",
    "period": "Q2",
    "revenue": 894452000,
    "costOfRevenue": 371182000,
    "grossProfit": 523270000,
    "grossProfitRatio": 0.5850174185,
    "researchAndDevelopmentExpenses": 141713000,
    "generalAndAdministrativeExpenses": 120500000,
    "sellingAndMarketingExpenses": 43549000,
    "sellingGeneralAndAdministrativeExpenses": 164049000,
    "otherExpenses": 0,
    "operatingExpenses": 305762000,
    "costAndExpenses": 676944000,
    "interestIncome": 10995000,
    "interestExpense": 0,
    "depreciationAndAmortization": 25074000,
    "ebitda": 242582000,
    "ebitdaratio": 0.2712073985,
    "operatingIncome": 217508000,
    "operatingIncomeRatio": 0.2431745918,
    "totalOtherIncomeExpensesNet": 18560000,
    "incomeBeforeTax": 236068000,
    "incomeBeforeTaxRatio": 0.2639247271,
    "incomeTaxExpense": 45726000,
    "netIncome": 190342000,
    "netIncomeRatio": 0.2128029229,
    "eps": 1.01,
    "epsdiluted": 1,
    "weightedAverageShsOut": 188542000,
    "weightedAverageShsOutDil": 189461000,
    "link": "https://www.sec.gov/Archives/edgar/data/1121788/000161577418007281/0001615774-18-007281-index.htm",
    "finalLink": "https://www.sec.gov/Archives/edgar/data/1121788/000161577418007281/s111561_10q.htm"
  },
  {
    "date": "2018-03-31",
    "symbol": "GRMN",
    "reportedCurrency": "USD",
    "cik": "0001121788",
    "fillingDate": "2018-05-02",
    "acceptedDate": "2018-05-02 07:02:13",
    "calendarYear": "2018",
    "period": "Q1",
    "revenue": 710872000,
    "costOfRevenue": 284337000,
    "grossProfit": 426535000,
    "grossProfitRatio": 0.6000165993,
    "researchAndDevelopmentExpenses": 141957000,
    "generalAndAdministrativeExpenses": 117065000,
    "sellingAndMarketingExpenses": 25311000,
    "sellingGeneralAndAdministrativeExpenses": 142376000,
    "otherExpenses": 735000,
    "operatingExpenses": 284333000,
    "costAndExpenses": 568670000,
    "interestIncome": 10227000,
    "interestExpense": 0,
    "depreciationAndAmortization": 23146000,
    "ebitda": 165348000,
    "ebitdaratio": 0.2325988364,
    "operatingIncome": 142202000,
    "operatingIncomeRatio": 0.2000388256,
    "totalOtherIncomeExpensesNet": 11778000,
    "incomeBeforeTax": 153980000,
    "incomeBeforeTaxRatio": 0.2166072092,
    "incomeTaxExpense": 24606000,
    "netIncome": 129374000,
    "netIncomeRatio": 0.1819933828,
    "eps": 0.69,
    "epsdiluted": 0.68,
    "weightedAverageShsOut": 188322000,
    "weightedAverageShsOutDil": 189292000,
    "link": "https://www.sec.gov/Archives/edgar/data/1121788/000161577418003148/0001615774-18-003148-index.htm",
    "finalLink": "https://www.sec.gov/Archives/edgar/data/1121788/000161577418003148/s109796_10q.htm"
  },
  {
    "date": "2017-12-30",
    "symbol": "GRMN",
    "reportedCurrency": "USD",
    "cik": "0001121788",
    "fillingDate": "2018-02-21",
    "acceptedDate": "2018-02-21 07:02:06",
    "calendarYear": "2017",
    "period": "Q4",
    "revenue": 888496000,
    "costOfRevenue": 388978000,
    "grossProfit": 499518000,
    "grossProfitRatio": 0.5622062452,
    "researchAndDevelopmentExpenses": 132552000,
    "generalAndAdministrativeExpenses": 128880000,
    "sellingAndMarketingExpenses": 58710000,
    "sellingGeneralAndAdministrativeExpenses": 187590000,
    "otherExpenses": -107000,
    "operatingExpenses": 320142000,
    "costAndExpenses": 709120000,
    "interestIncome": 9994000,
    "interestExpense": 0,
    "depreciationAndAmortization": 22553000,
    "ebitda": 201928000,
    "ebitdaratio": 0.2272694531,
    "operatingIncome": 179376000,
    "operatingIncomeRatio": 0.2018872342,
    "totalOtherIncomeExpensesNet": 1116000,
    "incomeBeforeTax": 180491000,
    "incomeBeforeTaxRatio": 0.2031421638,
    "incomeTaxExpense": 41711000,
    "netIncome": 138780000,
    "netIncomeRatio": 0.1561965389,
    "eps": 0.74,
    "epsdiluted": 0.73,
    "weightedAverageShsOut": 187607000,
    "weightedAverageShsOutDil": 188915000,
    "link": "https://www.sec.gov/Archives/edgar/data/1121788/000161577418001344/0001615774-18-001344-index.htm",
    "finalLink": "https://www.sec.gov/Archives/edgar/data/1121788/000161577418001344/s109029_10k.htm"
  },
  {
    "date": "2017-09-30",
    "symbol": "GRMN",
    "reportedCurrency": "USD",
    "cik": "0001121788",
    "fillingDate": "2017-11-01",
    "acceptedDate": "2017-11-01 07:02:20",
    "calendarYear": "2017",
    "period": "Q3",
    "revenue": 743077000,
    "costOfRevenue": 309412000,
    "grossProfit": 433665000,
    "grossProfitRatio": 0.5836070824,
    "researchAndDevelopmentExpenses": 129632000,
    "generalAndAdministrativeExpenses": 101794000,
    "sellingAndMarketingExpenses": 32449000,
    "sellingGeneralAndAdministrativeExpenses": 134243000,
    "otherExpenses": -1520000,
    "operatingExpenses": 263875000,
    "costAndExpenses": 573287000,
    "interestIncome": 9207000,
    "interestExpense": 0,
    "depreciationAndAmortization": 20868000,
    "ebitda": 194516000,
    "ebitdaratio": 0.2617709874,
    "operatingIncome": 169790000,
    "operatingIncomeRatio": 0.2284958356,
    "totalOtherIncomeExpensesNet": 16266000,
    "incomeBeforeTax": 186056000,
    "incomeBeforeTaxRatio": 0.2503858954,
    "incomeTaxExpense": 38643000,
    "netIncome": 151074000,
    "netIncomeRatio": 0.2033086746,
    "eps": 0.81,
    "epsdiluted": 0.8,
    "weightedAverageShsOut": 187616000,
    "weightedAverageShsOutDil": 188490000,
    "link": "https://www.sec.gov/Archives/edgar/data/1121788/000161577417006096/0001615774-17-006096-index.htm",
    "finalLink": "https://www.sec.gov/Archives/edgar/data/1121788/000161577417006096/s107880_10q.htm"
  },
  {
    "date": "2017-07-01",
    "symbol": "GRMN",
    "reportedCurrency": "USD",
    "cik": "0001121788",
    "fillingDate": "2017-08-02",
    "acceptedDate": "2017-08-02 16:47:51",
    "calendarYear": "2017",
    "period": "Q2",
    "revenue": 816885000,
    "costOfRevenue": 339027000,
    "grossProfit": 477858000,
    "grossProfitRatio": 0.5849758534,
    "researchAndDevelopmentExpenses": 127248000,
    "generalAndAdministrativeExpenses": 105251000,
    "sellingAndMarketingExpenses": 42009000,
    "sellingGeneralAndAdministrativeExpenses": 147260000,
    "otherExpenses": 314000,
    "operatingExpenses": 274508000,
    "costAndExpenses": 613535000,
    "interestIncome": 9281000,
    "interestExpense": 0,
    "depreciationAndAmortization": 21103000,
    "ebitda": 230725000,
    "ebitdaratio": 0.2824448974,
    "operatingIncome": 203350000,
    "operatingIncomeRatio": 0.2489334484,
    "totalOtherIncomeExpensesNet": 24705000,
    "incomeBeforeTax": 228055000,
    "incomeBeforeTaxRatio": 0.2791763835,
    "incomeTaxExpense": 57105000,
    "netIncome": 176979000,
    "netIncomeRatio": 0.2166510586,
    "eps": 0.94,
    "epsdiluted": 0.94,
    "weightedAverageShsOut": 187757000,
    "weightedAverageShsOutDil": 188492000,
    "link": "https://www.sec.gov/Archives/edgar/data/1121788/000161577417004027/0001615774-17-004027-index.htm",
    "finalLink": "https://www.sec.gov/Archives/edgar/data/1121788/000161577417004027/s106931_10q.htm"
  },
  {
    "date": "2017-04-01",
    "symbol": "GRMN",
    "reportedCurrency": "USD",
    "cik": "0001121788",
    "fillingDate": "2017-05-03",
    "acceptedDate": "2017-05-03 16:51:03",
    "calendarYear": "2017",
    "period": "Q1",
    "revenue": 638546000,
    "costOfRevenue": 266423000,
    "grossProfit": 372123000,
    "grossProfitRatio": 0.5827661594,
    "researchAndDevelopmentExpenses": 122202000,
    "generalAndAdministrativeExpenses": 102051000,
    "sellingAndMarketingExpenses": 31525000,
    "sellingGeneralAndAdministrativeExpenses": 133576000,
    "otherExpenses": 400000,
    "operatingExpenses": 255778000,
    "costAndExpenses": 522201000,
    "interestIncome": 8444000,
    "interestExpense": 0,
    "depreciationAndAmortization": 21728000,
    "ebitda": 138756000,
    "ebitdaratio": 0.2172999283,
    "operatingIncome": 116345000,
    "operatingIncomeRatio": 0.182203005,
    "totalOtherIncomeExpensesNet": -28653000,
    "incomeBeforeTax": 87692000,
    "incomeBeforeTaxRatio": 0.1373307483,
    "incomeTaxExpense": -150120000,
    "netIncome": 238404000,
    "netIncomeRatio": 0.3733544647,
    "eps": 1.27,
    "epsdiluted": 1.26,
    "weightedAverageShsOut": 188333000,
    "weightedAverageShsOutDil": 189031000,
    "link": "https://www.sec.gov/Archives/edgar/data/1121788/000161577417002050/0001615774-17-002050-index.htm",
    "finalLink": "https://www.sec.gov/Archives/edgar/data/1121788/000161577417002050/s105936_10q.htm"
  },
  {
    "date": "2016-12-31",
    "symbol": "GRMN",
    "reportedCurrency": "USD",
    "cik": "0001121788",
    "fillingDate": "2017-02-22",
    "acceptedDate": "2017-02-22 17:04:14",
    "calendarYear": "2016",
    "period": "Q4",
    "revenue": 860767000,
    "costOfRevenue": 389985000,
    "grossProfit": 470782000,
    "grossProfitRatio": 0.5469331422,
    "researchAndDevelopmentExpenses": 128952000,
    "generalAndAdministrativeExpenses": 114312000,
    "sellingAndMarketingExpenses": 67702000,
    "sellingGeneralAndAdministrativeExpenses": 182014000,
    "otherExpenses": 1093000,
    "operatingExpenses": 310966000,
    "costAndExpenses": 700951000,
    "interestIncome": 9297000,
    "interestExpense": 0,
    "depreciationAndAmortization": 23798000,
    "ebitda": 183614000,
    "ebitdaratio": 0.2133144045,
    "operatingIncome": 159816000,
    "operatingIncomeRatio": 0.1856669691,
    "totalOtherIncomeExpensesNet": 8741000,
    "incomeBeforeTax": 168557000,
    "incomeBeforeTaxRatio": 0.1958218658,
    "incomeTaxExpense": 31952000,
    "netIncome": 136605000,
    "netIncomeRatio": 0.1587014837,
    "eps": 0.73,
    "epsdiluted": 0.72,
    "weightedAverageShsOut": 188233000,
    "weightedAverageShsOutDil": 189171000,
    "link": "https://www.sec.gov/Archives/edgar/data/1121788/000161577417000765/0001615774-17-000765-index.htm",
    "finalLink": "https://www.sec.gov/Archives/edgar/data/1121788/000161577417000765/s105240_10k.htm"
  },
  {
    "date": "2016-09-24",
    "symbol": "GRMN",
    "reportedCurrency": "USD",
    "cik": "0001121788",
    "fillingDate": "2016-10-26",
    "acceptedDate": "2016-10-26 17:06:27",
    "calendarYear": "2016",
    "period": "Q3",
    "revenue": 722250000,
    "costOfRevenue": 316270000,
    "grossProfit": 405980000,
    "grossProfitRatio": 0.5621045344,
    "researchAndDevelopmentExpenses": 116449000,
    "generalAndAdministrativeExpenses": 96959000,
    "sellingAndMarketingExpenses": 32956000,
    "sellingGeneralAndAdministrativeExpenses": 129915000,
    "otherExpenses": 1344000,
    "operatingExpenses": 246364000,
    "costAndExpenses": 562634000,
    "interestIncome": 8226000,
    "interestExpense": 0,
    "depreciationAndAmortization": 21033000,
    "ebitda": 180649000,
    "ebitdaratio": 0.2501197646,
    "operatingIncome": 159616000,
    "operatingIncomeRatio": 0.2209982693,
    "totalOtherIncomeExpensesNet": -9851000,
    "incomeBeforeTax": 149765000,
    "incomeBeforeTaxRatio": 0.2073589477,
    "incomeTaxExpense": 24711000,
    "netIncome": 125054000,
    "netIncomeRatio": 0.1731450329,
    "eps": 0.66,
    "epsdiluted": 0.66,
    "weightedAverageShsOut": 188692000,
    "weightedAverageShsOutDil": 189238000,
    "link": "https://www.sec.gov/Archives/edgar/data/1121788/000161577416007773/0001615774-16-007773-index.htm",
    "finalLink": "https://www.sec.gov/Archives/edgar/data/1121788/000161577416007773/s104335_10q.htm"
  },
  {
    "date": "2016-06-25",
    "symbol": "GRMN",
    "reportedCurrency": "USD",
    "cik": "0001121788",
    "fillingDate": "2016-07-27",
    "acceptedDate": "2016-07-27 16:40:10",
    "calendarYear": "2016",
    "period": "Q2",
    "revenue": 811609000,
    "costOfRevenue": 348651000,
    "grossProfit": 462958000,
    "grossProfitRatio": 0.5704199929,
    "researchAndDevelopmentExpenses": 114355000,
    "generalAndAdministrativeExpenses": 103677000,
    "sellingAndMarketingExpenses": 44252000,
    "sellingGeneralAndAdministrativeExpenses": 147929000,
    "otherExpenses": 415000,
    "operatingExpenses": 262284000,
    "costAndExpenses": 610935000,
    "interestIncome": 8455000,
    "interestExpense": 8455000,
    "depreciationAndAmortization": 21316000,
    "ebitda": 221990000,
    "ebitdaratio": 0.273518406,
    "operatingIncome": 200674000,
    "operatingIncomeRatio": 0.2472545277,
    "totalOtherIncomeExpensesNet": 3127000,
    "incomeBeforeTax": 203801000,
    "incomeBeforeTaxRatio": 0.2511073682,
    "incomeTaxExpense": 42737000,
    "netIncome": 161064000,
    "netIncomeRatio": 0.198450239,
    "eps": 0.85,
    "epsdiluted": 0.85,
    "weightedAverageShsOut": 188892000,
    "weightedAverageShsOutDil": 189356000,
    "link": "https://www.sec.gov/Archives/edgar/data/1121788/000161577416006457/0001615774-16-006457-index.htm",
    "finalLink": "https://www.sec.gov/Archives/edgar/data/1121788/000161577416006457/s103713_10q.htm"
  },
  {
    "date": "2016-03-26",
    "symbol": "GRMN",
    "reportedCurrency": "USD",
    "cik": "0001121788",
    "fillingDate": "2016-04-27",
    "acceptedDate": "2016-04-27 16:44:00",
    "calendarYear": "2016",
    "period": "Q1",
    "revenue": 624040000,
    "costOfRevenue": 284190000,
    "grossProfit": 339850000,
    "grossProfitRatio": 0.5445965002,
    "researchAndDevelopmentExpenses": 108204000,
    "generalAndAdministrativeExpenses": 95610000,
    "sellingAndMarketingExpenses": 32233000,
    "sellingGeneralAndAdministrativeExpenses": 127843000,
    "otherExpenses": 1155000,
    "operatingExpenses": 236047000,
    "costAndExpenses": 520237000,
    "interestIncome": 7428000,
    "interestExpense": 7428000,
    "depreciationAndAmortization": 20193000,
    "ebitda": 123996000,
    "ebitdaratio": 0.1986988014,
    "operatingIncome": 103803000,
    "operatingIncomeRatio": 0.1663402987,
    "totalOtherIncomeExpensesNet": 3744000,
    "incomeBeforeTax": 107547000,
    "incomeBeforeTaxRatio": 0.1723399141,
    "incomeTaxExpense": 19455000,
    "netIncome": 88092000,
    "netIncomeRatio": 0.1411640279,
    "eps": 0.46,
    "epsdiluted": 0.46,
    "weightedAverageShsOut": 189497000,
    "weightedAverageShsOutDil": 189651000,
    "link": "https://www.sec.gov/Archives/edgar/data/1121788/000161577416005099/0001615774-16-005099-index.htm",
    "finalLink": "https://www.sec.gov/Archives/edgar/data/1121788/000161577416005099/s103035_10q.htm"
  },
  {
    "date": "2015-12-26",
    "symbol": "GRMN",
    "reportedCurrency": "USD",
    "cik": "0001121788",
    "fillingDate": "2016-02-17",
    "acceptedDate": "2016-02-17 17:24:49",
    "calendarYear": "2015",
    "period": "Q4",
    "revenue": 781357000,
    "costOfRevenue": 368214000,
    "grossProfit": 413143000,
    "grossProfitRatio": 0.5287506223,
    "researchAndDevelopmentExpenses": 106012000,
    "generalAndAdministrativeExpenses": 104555000,
    "sellingAndMarketingExpenses": 56814000,
    "sellingGeneralAndAdministrativeExpenses": 161369000,
    "otherExpenses": 0,
    "operatingExpenses": 267381000,
    "costAndExpenses": 635595000,
    "interestIncome": 7358000,
    "interestExpense": 7358000,
    "depreciationAndAmortization": 19977000,
    "ebitda": 165739000,
    "ebitdaratio": 0.2121168685,
    "operatingIncome": 145762000,
    "operatingIncomeRatio": 0.1865498101,
    "totalOtherIncomeExpensesNet": 6781000,
    "incomeBeforeTax": 152543000,
    "incomeBeforeTaxRatio": 0.1952283015,
    "incomeTaxExpense": 20160000,
    "netIncome": 132383000,
    "netIncomeRatio": 0.1694270353,
    "eps": 0.7,
    "epsdiluted": 0.7,
    "weightedAverageShsOut": 189320000,
    "weightedAverageShsOutDil": 189900000,
    "link": "https://www.sec.gov/Archives/edgar/data/1121788/000161577416004243/0001615774-16-004243-index.htm",
    "finalLink": "https://www.sec.gov/Archives/edgar/data/1121788/000161577416004243/s102606_10k.htm"
  },
  {
    "date": "2015-09-26",
    "symbol": "GRMN",
    "reportedCurrency": "USD",
    "cik": "0001121788",
    "fillingDate": "2015-10-28",
    "acceptedDate": "2015-10-28 17:02:30",
    "calendarYear": "2015",
    "period": "Q3",
    "revenue": 679690000,
    "costOfRevenue": 317500000,
    "grossProfit": 362190000,
    "grossProfitRatio": 0.5328752814,
    "researchAndDevelopmentExpenses": 105789000,
    "generalAndAdministrativeExpenses": 94057000,
    "sellingAndMarketingExpenses": 36887000,
    "sellingGeneralAndAdministrativeExpenses": 130944000,
    "otherExpenses": 2010000,
    "operatingExpenses": 236733000,
    "costAndExpenses": 554233000,
    "interestIncome": 6851000,
    "interestExpense": 6851000,
    "depreciationAndAmortization": 20253000,
    "ebitda": 145710000,
    "ebitdaratio": 0.2143771425,
    "operatingIncome": 125457000,
    "operatingIncomeRatio": 0.1845797349,
    "totalOtherIncomeExpensesNet": 39434000,
    "incomeBeforeTax": 164891000,
    "incomeBeforeTaxRatio": 0.2425973606,
    "incomeTaxExpense": 45592000,
    "netIncome": 119299000,
    "netIncomeRatio": 0.1755197222,
    "eps": 0.63,
    "epsdiluted": 0.63,
    "weightedAverageShsOut": 190342000,
    "weightedAverageShsOutDil": 190822000,
    "link": "https://www.sec.gov/Archives/edgar/data/1121788/000161577415003047/0001615774-15-003047-index.htm",
    "finalLink": "https://www.sec.gov/Archives/edgar/data/1121788/000161577415003047/s102025_10q.htm"
  },
  {
    "date": "2015-06-27",
    "symbol": "GRMN",
    "reportedCurrency": "USD",
    "cik": "0001121788",
    "fillingDate": "2015-07-29",
    "acceptedDate": "2015-07-29 15:42:22",
    "calendarYear": "2015",
    "period": "Q2",
    "revenue": 773830000,
    "costOfRevenue": 354580000,
    "grossProfit": 419250000,
    "grossProfitRatio": 0.5417856635,
    "researchAndDevelopmentExpenses": 109240000,
    "generalAndAdministrativeExpenses": 97552000,
    "sellingAndMarketingExpenses": 45794000,
    "sellingGeneralAndAdministrativeExpenses": 143346000,
    "otherExpenses": -39000,
    "operatingExpenses": 252586000,
    "costAndExpenses": 607166000,
    "interestIncome": 7420000,
    "interestExpense": 7420000,
    "depreciationAndAmortization": 19266000,
    "ebitda": 185930000,
    "ebitdaratio": 0.2402724113,
    "operatingIncome": 166664000,
    "operatingIncomeRatio": 0.2153754701,
    "totalOtherIncomeExpensesNet": 6894000,
    "incomeBeforeTax": 173558000,
    "incomeBeforeTaxRatio": 0.2242844036,
    "incomeTaxExpense": 35805000,
    "netIncome": 137753000,
    "netIncomeRatio": 0.178014551,
    "eps": 0.72,
    "epsdiluted": 0.72,
    "weightedAverageShsOut": 191101000,
    "weightedAverageShsOutDil": 191600000,
    "link": "https://www.sec.gov/Archives/edgar/data/1121788/000161577415001958/0001615774-15-001958-index.htm",
    "finalLink": "https://www.sec.gov/Archives/edgar/data/1121788/000161577415001958/s101486_10q.htm"
  },
  {
    "date": "2015-03-28",
    "symbol": "GRMN",
    "reportedCurrency": "USD",
    "cik": "0001121788",
    "fillingDate": "2015-04-29",
    "acceptedDate": "2015-04-29 16:03:19",
    "calendarYear": "2015",
    "period": "Q1",
    "revenue": 585394000,
    "costOfRevenue": 241272000,
    "grossProfit": 344122000,
    "grossProfitRatio": 0.5878468177,
    "researchAndDevelopmentExpenses": 106002000,
    "generalAndAdministrativeExpenses": 98750000,
    "sellingAndMarketingExpenses": 27672000,
    "sellingGeneralAndAdministrativeExpenses": 126422000,
    "otherExpenses": 738000,
    "operatingExpenses": 232424000,
    "costAndExpenses": 473696000,
    "interestIncome": 8024000,
    "interestExpense": 8024000,
    "depreciationAndAmortization": 18864000,
    "ebitda": 130562000,
    "ebitdaratio": 0.2230326925,
    "operatingIncome": 111698000,
    "operatingIncomeRatio": 0.190808242,
    "totalOtherIncomeExpensesNet": -35502000,
    "incomeBeforeTax": 76196000,
    "incomeBeforeTaxRatio": 0.130161908,
    "incomeTaxExpense": 9403000,
    "netIncome": 66793000,
    "netIncomeRatio": 0.1140992221,
    "eps": 0.35,
    "epsdiluted": 0.35,
    "weightedAverageShsOut": 191762000,
    "weightedAverageShsOutDil": 192341000,
    "link": "https://www.sec.gov/Archives/edgar/data/1121788/000114420415025921/0001144204-15-025921-index.htm",
    "finalLink": "https://www.sec.gov/Archives/edgar/data/1121788/000114420415025921/v407614_10q.htm"
  },
  {
    "date": "2014-12-27",
    "symbol": "GRMN",
    "reportedCurrency": "USD",
    "cik": "0001121788",
    "fillingDate": "2015-02-18",
    "acceptedDate": "2015-02-18 14:47:05",
    "calendarYear": "2014",
    "period": "Q4",
    "revenue": 803306000,
    "costOfRevenue": 372458000,
    "grossProfit": 430848000,
    "grossProfitRatio": 0.5363435602,
    "researchAndDevelopmentExpenses": 101554000,
    "generalAndAdministrativeExpenses": 99119000,
    "sellingAndMarketingExpenses": 54175000,
    "sellingGeneralAndAdministrativeExpenses": 153294000,
    "otherExpenses": 1126000,
    "operatingExpenses": 254848000,
    "costAndExpenses": 627306000,
    "interestIncome": 6803000,
    "interestExpense": 6803000,
    "depreciationAndAmortization": 21450000,
    "ebitda": 197450000,
    "ebitdaratio": 0.245796745,
    "operatingIncome": 176000000,
    "operatingIncomeRatio": 0.2190945916,
    "totalOtherIncomeExpensesNet": 23897000,
    "incomeBeforeTax": 199896000,
    "incomeBeforeTaxRatio": 0.2488416618,
    "incomeTaxExpense": -10349000,
    "netIncome": 210245000,
    "netIncomeRatio": 0.2617246728,
    "eps": 1.1,
    "epsdiluted": 1.09,
    "weightedAverageShsOut": 191322000,
    "weightedAverageShsOutDil": 192356000,
    "link": "https://www.sec.gov/Archives/edgar/data/1121788/000114420415010586/0001144204-15-010586-index.htm",
    "finalLink": "https://www.sec.gov/Archives/edgar/data/1121788/000114420415010586/v400231_10k.htm"
  },
  {
    "date": "2014-09-27",
    "symbol": "GRMN",
    "reportedCurrency": "USD",
    "cik": "0001121788",
    "fillingDate": "2014-10-29",
    "acceptedDate": "2014-10-29 15:44:12",
    "calendarYear": "2014",
    "period": "Q3",
    "revenue": 706283000,
    "costOfRevenue": 308037000,
    "grossProfit": 398246000,
    "grossProfitRatio": 0.5638617948,
    "researchAndDevelopmentExpenses": 98998000,
    "generalAndAdministrativeExpenses": 90632000,
    "sellingAndMarketingExpenses": 33112000,
    "sellingGeneralAndAdministrativeExpenses": 123744000,
    "otherExpenses": 517000,
    "operatingExpenses": 222742000,
    "costAndExpenses": 530779000,
    "interestIncome": 9344000,
    "interestExpense": 9344000,
    "depreciationAndAmortization": 18107000,
    "ebitda": 193611000,
    "ebitdaratio": 0.2741266603,
    "operatingIncome": 175504000,
    "operatingIncomeRatio": 0.2484896281,
    "totalOtherIncomeExpensesNet": -2842000,
    "incomeBeforeTax": 172662000,
    "incomeBeforeTaxRatio": 0.2444657453,
    "incomeTaxExpense": 319496000,
    "netIncome": -146834000,
    "netIncomeRatio": -0.2078968346,
    "eps": -0.76,
    "epsdiluted": -0.76,
    "weightedAverageShsOut": 192239000,
    "weightedAverageShsOutDil": 192239000,
    "link": "https://www.sec.gov/Archives/edgar/data/1121788/000114420414063606/0001144204-14-063606-index.htm",
    "finalLink": "https://www.sec.gov/Archives/edgar/data/1121788/000114420414063606/v391584_10q.htm"
  },
  {
    "date": "2014-06-28",
    "symbol": "GRMN",
    "reportedCurrency": "USD",
    "cik": "0001121788",
    "fillingDate": "2014-07-30",
    "acceptedDate": "2014-07-30 11:44:10",
    "calendarYear": "2014",
    "period": "Q2",
    "revenue": 777848000,
    "costOfRevenue": 333363000,
    "grossProfit": 444485000,
    "grossProfitRatio": 0.5714291224,
    "researchAndDevelopmentExpenses": 98404000,
    "generalAndAdministrativeExpenses": 92409000,
    "sellingAndMarketingExpenses": 34918000,
    "sellingGeneralAndAdministrativeExpenses": 127327000,
    "otherExpenses": 674000,
    "operatingExpenses": 225731000,
    "costAndExpenses": 559094000,
    "interestIncome": 9670000,
    "interestExpense": 9670000,
    "depreciationAndAmortization": 19046000,
    "ebitda": 237800000,
    "ebitdaratio": 0.3057152554,
    "operatingIncome": 218754000,
    "operatingIncomeRatio": 0.2812297518,
    "totalOtherIncomeExpensesNet": -10034000,
    "incomeBeforeTax": 208720000,
    "incomeBeforeTaxRatio": 0.2683300593,
    "incomeTaxExpense": 26737000,
    "netIncome": 181983000,
    "netIncomeRatio": 0.2339570199,
    "eps": 0.94,
    "epsdiluted": 0.93,
    "weightedAverageShsOut": 193771000,
    "weightedAverageShsOutDil": 194955000,
    "link": "https://www.sec.gov/Archives/edgar/data/1121788/000114420414045660/0001144204-14-045660-index.htm",
    "finalLink": "https://www.sec.gov/Archives/edgar/data/1121788/000114420414045660/v384176_10q.htm"
  },
  {
    "date": "2014-03-29",
    "symbol": "GRMN",
    "reportedCurrency": "USD",
    "cik": "0001121788",
    "fillingDate": "2014-04-30",
    "acceptedDate": "2014-04-30 12:06:33",
    "calendarYear": "2014",
    "period": "Q1",
    "revenue": 583221000,
    "costOfRevenue": 252387000,
    "grossProfit": 330834000,
    "grossProfitRatio": 0.5672532368,
    "researchAndDevelopmentExpenses": 96164000,
    "generalAndAdministrativeExpenses": 89873000,
    "sellingAndMarketingExpenses": 24428000,
    "sellingGeneralAndAdministrativeExpenses": 114301000,
    "otherExpenses": -484000,
    "operatingExpenses": 210465000,
    "costAndExpenses": 462852000,
    "interestIncome": 9768000,
    "interestExpense": 9768000,
    "depreciationAndAmortization": 18412000,
    "ebitda": 138781000,
    "ebitdaratio": 0.2379561093,
    "operatingIncome": 120369000,
    "operatingIncomeRatio": 0.2063866013,
    "totalOtherIncomeExpensesNet": 22098000,
    "incomeBeforeTax": 142467000,
    "incomeBeforeTaxRatio": 0.2442761835,
    "incomeTaxExpense": 23649000,
    "netIncome": 118818000,
    "netIncomeRatio": 0.203727232,
    "eps": 0.61,
    "epsdiluted": 0.61,
    "weightedAverageShsOut": 195090000,
    "weightedAverageShsOutDil": 195860000,
    "link": "https://www.sec.gov/Archives/edgar/data/1121788/000114420414026058/0001144204-14-026058-index.htm",
    "finalLink": "https://www.sec.gov/Archives/edgar/data/1121788/000114420414026058/v375206_10q.htm"
  },
  {
    "date": "2013-12-28",
    "symbol": "GRMN",
    "reportedCurrency": "USD",
    "cik": "0001121788",
    "fillingDate": "2014-02-19",
    "acceptedDate": "2014-02-19 12:02:31",
    "calendarYear": "2013",
    "period": "Q4",
    "revenue": 759694000,
    "costOfRevenue": 365057000,
    "grossProfit": 394637000,
    "grossProfitRatio": 0.5194683649,
    "researchAndDevelopmentExpenses": 92573000,
    "generalAndAdministrativeExpenses": 94671000,
    "sellingAndMarketingExpenses": 34922000,
    "sellingGeneralAndAdministrativeExpenses": 129593000,
    "otherExpenses": 0,
    "operatingExpenses": 222166000,
    "costAndExpenses": 587223000,
    "interestIncome": 9759000,
    "interestExpense": 9759000,
    "depreciationAndAmortization": 18335000,
    "ebitda": 190806000,
    "ebitdaratio": 0.2511616519,
    "operatingIncome": 172471000,
    "operatingIncomeRatio": 0.2270269345,
    "totalOtherIncomeExpensesNet": 32068000,
    "incomeBeforeTax": 204539000,
    "incomeBeforeTaxRatio": 0.2692386671,
    "incomeTaxExpense": 40954000,
    "netIncome": 163585000,
    "netIncomeRatio": 0.2153301198,
    "eps": 0.84,
    "epsdiluted": 0.83,
    "weightedAverageShsOut": 195181000,
    "weightedAverageShsOutDil": 196338000,
    "link": "https://www.sec.gov/Archives/edgar/data/1121788/000114420414010483/0001144204-14-010483-index.htm",
    "finalLink": "https://www.sec.gov/Archives/edgar/data/1121788/000114420414010483/v367065_10k.htm"
  },
  {
    "date": "2013-09-28",
    "symbol": "GRMN",
    "reportedCurrency": "USD",
    "cik": "0001121788",
    "fillingDate": "2013-10-30",
    "acceptedDate": "2013-10-30 11:33:43",
    "calendarYear": "2013",
    "period": "Q3",
    "revenue": 643637000,
    "costOfRevenue": 290748000,
    "grossProfit": 352889000,
    "grossProfitRatio": 0.548273328,
    "researchAndDevelopmentExpenses": 88427000,
    "generalAndAdministrativeExpenses": 86462000,
    "sellingAndMarketingExpenses": 26251000,
    "sellingGeneralAndAdministrativeExpenses": 112713000,
    "otherExpenses": 1438000,
    "operatingExpenses": 201140000,
    "costAndExpenses": 491888000,
    "interestIncome": 8435000,
    "interestExpense": 8435000,
    "depreciationAndAmortization": 18550000,
    "ebitda": 151749000,
    "ebitdaratio": 0.2357679872,
    "operatingIncome": 151749000,
    "operatingIncomeRatio": 0.2357679872,
    "totalOtherIncomeExpensesNet": 9051000,
    "incomeBeforeTax": 160800000,
    "incomeBeforeTaxRatio": 0.2498302615,
    "incomeTaxExpense": -26869000,
    "netIncome": 187669000,
    "netIncomeRatio": 0.2915758417,
    "eps": 0.96,
    "epsdiluted": 0.96,
    "weightedAverageShsOut": 195325000,
    "weightedAverageShsOutDil": 196300000,
    "link": "https://www.sec.gov/Archives/edgar/data/1121788/000114420413057586/0001144204-13-057586-index.htm",
    "finalLink": "https://www.sec.gov/Archives/edgar/data/1121788/000114420413057586/v357694_10q.htm"
  },
  {
    "date": "2013-06-29",
    "symbol": "GRMN",
    "reportedCurrency": "USD",
    "cik": "0001121788",
    "fillingDate": "2013-08-07",
    "acceptedDate": "2013-08-07 10:40:03",
    "calendarYear": "2013",
    "period": "Q2",
    "revenue": 696563000,
    "costOfRevenue": 312923000,
    "grossProfit": 383640000,
    "grossProfitRatio": 0.5507613812,
    "researchAndDevelopmentExpenses": 96232000,
    "generalAndAdministrativeExpenses": 88039000,
    "sellingAndMarketingExpenses": 29483000,
    "sellingGeneralAndAdministrativeExpenses": 117522000,
    "otherExpenses": 1069000,
    "operatingExpenses": 213754000,
    "costAndExpenses": 526677000,
    "interestIncome": 8179000,
    "interestExpense": 8179000,
    "depreciationAndAmortization": 20028000,
    "ebitda": 169886000,
    "ebitdaratio": 0.2438917944,
    "operatingIncome": 169886000,
    "operatingIncomeRatio": 0.2438917944,
    "totalOtherIncomeExpensesNet": 36699000,
    "incomeBeforeTax": 206585000,
    "incomeBeforeTaxRatio": 0.2965776247,
    "incomeTaxExpense": 34094000,
    "netIncome": 172491000,
    "netIncomeRatio": 0.2476315854,
    "eps": 0.88,
    "epsdiluted": 0.88,
    "weightedAverageShsOut": 195570000,
    "weightedAverageShsOutDil": 196300000,
    "link": "https://www.sec.gov/Archives/edgar/data/1121788/000114420413043499/0001144204-13-043499-index.htm",
    "finalLink": "https://www.sec.gov/Archives/edgar/data/1121788/000114420413043499/v351053_10q.htm"
  },
  {
    "date": "2013-03-30",
    "symbol": "GRMN",
    "reportedCurrency": "USD",
    "cik": "0001121788",
    "fillingDate": "2013-05-08",
    "acceptedDate": "2013-05-08 10:32:00",
    "calendarYear": "2013",
    "period": "Q1",
    "revenue": 531957000,
    "costOfRevenue": 255824000,
    "grossProfit": 276133000,
    "grossProfitRatio": 0.5190889489,
    "researchAndDevelopmentExpenses": 87689000,
    "generalAndAdministrativeExpenses": 86269000,
    "sellingAndMarketingExpenses": 22249000,
    "sellingGeneralAndAdministrativeExpenses": 108518000,
    "otherExpenses": 1158000,
    "operatingExpenses": 196207000,
    "costAndExpenses": 452031000,
    "interestIncome": 8898000,
    "interestExpense": 8898000,
    "depreciationAndAmortization": 21891000,
    "ebitda": 79926000,
    "ebitdaratio": 0.1502489863,
    "operatingIncome": 79926000,
    "operatingIncomeRatio": 0.1502489863,
    "totalOtherIncomeExpensesNet": 1708000,
    "incomeBeforeTax": 81634000,
    "incomeBeforeTaxRatio": 0.1534597721,
    "incomeTaxExpense": -7032000,
    "netIncome": 88666000,
    "netIncomeRatio": 0.1666788857,
    "eps": 0.45,
    "epsdiluted": 0.45,
    "weightedAverageShsOut": 195630000,
    "weightedAverageShsOutDil": 196457000,
    "link": "https://www.sec.gov/Archives/edgar/data/1121788/000114420413026963/0001144204-13-026963-index.htm",
    "finalLink": "https://www.sec.gov/Archives/edgar/data/1121788/000114420413026963/v338281_10q.htm"
  },
  {
    "date": "2012-12-29",
    "symbol": "GRMN",
    "reportedCurrency": "USD",
    "cik": "0001121788",
    "fillingDate": "2013-02-27",
    "acceptedDate": "2013-02-27 15:46:09",
    "calendarYear": "2012",
    "period": "Q4",
    "revenue": 768548000,
    "costOfRevenue": 394694000,
    "grossProfit": 373854000,
    "grossProfitRatio": 0.4864419659,
    "researchAndDevelopmentExpenses": 83263000,
    "generalAndAdministrativeExpenses": 94026000,
    "sellingAndMarketingExpenses": 46806000,
    "sellingGeneralAndAdministrativeExpenses": 140832000,
    "otherExpenses": 219000,
    "operatingExpenses": 224095000,
    "costAndExpenses": 618789000,
    "interestIncome": 8830000,
    "interestExpense": 8830000,
    "depreciationAndAmortization": 27537000,
    "ebitda": 197664000,
    "ebitdaratio": 0.2571914832,
    "operatingIncome": 149759000,
    "operatingIncomeRatio": 0.1948596574,
    "totalOtherIncomeExpensesNet": 5150000,
    "incomeBeforeTax": 154910000,
    "incomeBeforeTaxRatio": 0.2015619063,
    "incomeTaxExpense": 25616000,
    "netIncome": 129294000,
    "netIncomeRatio": 0.1682315223,
    "eps": 0.66,
    "epsdiluted": 0.66,
    "weightedAverageShsOut": 195101000,
    "weightedAverageShsOutDil": 196275000,
    "link": "https://www.sec.gov/Archives/edgar/data/1121788/000114420413011527/0001144204-13-011527-index.htm",
    "finalLink": "https://www.sec.gov/Archives/edgar/data/1121788/000114420413011527/v332085_10k.htm"
  },
  {
    "date": "2012-09-29",
    "symbol": "GRMN",
    "reportedCurrency": "USD",
    "cik": "0001121788",
    "fillingDate": "2012-11-07",
    "acceptedDate": "2012-11-07 10:08:45",
    "calendarYear": "2012",
    "period": "Q3",
    "revenue": 672376000,
    "costOfRevenue": 313321000,
    "grossProfit": 359055000,
    "grossProfitRatio": 0.5340092448,
    "researchAndDevelopmentExpenses": 82489000,
    "generalAndAdministrativeExpenses": 86402000,
    "sellingAndMarketingExpenses": 30102000,
    "sellingGeneralAndAdministrativeExpenses": 116504000,
    "otherExpenses": 942000,
    "operatingExpenses": 198993000,
    "costAndExpenses": 512314000,
    "interestIncome": 7987000,
    "interestExpense": 7987000,
    "depreciationAndAmortization": 11870000,
    "ebitda": 170219000,
    "ebitdaratio": 0.253160434,
    "operatingIncome": 160062000,
    "operatingIncomeRatio": 0.2380543029,
    "totalOtherIncomeExpensesNet": 2565000,
    "incomeBeforeTax": 162627000,
    "incomeBeforeTaxRatio": 0.2418691327,
    "incomeTaxExpense": 22279000,
    "netIncome": 140348000,
    "netIncomeRatio": 0.2087343986,
    "eps": 0.72,
    "epsdiluted": 0.72,
    "weightedAverageShsOut": 194912000,
    "weightedAverageShsOutDil": 196161000,
    "link": "https://www.sec.gov/Archives/edgar/data/1121788/000114420412059889/0001144204-12-059889-index.htm",
    "finalLink": "https://www.sec.gov/Archives/edgar/data/1121788/000114420412059889/v324355_10q.htm"
  },
  {
    "date": "2012-06-30",
    "symbol": "GRMN",
    "reportedCurrency": "USD",
    "cik": "0001121788",
    "fillingDate": "2012-08-08",
    "acceptedDate": "2012-08-08 13:13:56",
    "calendarYear": "2012",
    "period": "Q2",
    "revenue": 718154000,
    "costOfRevenue": 296341000,
    "grossProfit": 421813000,
    "grossProfitRatio": 0.5873573078,
    "researchAndDevelopmentExpenses": 80303000,
    "generalAndAdministrativeExpenses": 99246000,
    "sellingAndMarketingExpenses": 38258000,
    "sellingGeneralAndAdministrativeExpenses": 137504000,
    "otherExpenses": 0,
    "operatingExpenses": 217807000,
    "costAndExpenses": 514148000,
    "interestIncome": 8620000,
    "interestExpense": 8620000,
    "depreciationAndAmortization": 25661000,
    "ebitda": 204006000,
    "ebitdaratio": 0.2840699906,
    "operatingIncome": 204006000,
    "operatingIncomeRatio": 0.2840699906,
    "totalOtherIncomeExpensesNet": 3430000,
    "incomeBeforeTax": 207436000,
    "incomeBeforeTaxRatio": 0.2888461249,
    "incomeTaxExpense": 21532000,
    "netIncome": 185904000,
    "netIncomeRatio": 0.2588636978,
    "eps": 0.95,
    "epsdiluted": 0.95,
    "weightedAverageShsOut": 194849000,
    "weightedAverageShsOutDil": 196261000,
    "link": "https://www.sec.gov/Archives/edgar/data/1121788/000114420412043539/0001144204-12-043539-index.htm",
    "finalLink": "https://www.sec.gov/Archives/edgar/data/1121788/000114420412043539/v316100_10q.htm"
  },
  {
    "date": "2012-03-31",
    "symbol": "GRMN",
    "reportedCurrency": "USD",
    "cik": "0001121788",
    "fillingDate": "2012-05-09",
    "acceptedDate": "2012-05-09 16:27:00",
    "calendarYear": "2012",
    "period": "Q1",
    "revenue": 556597000,
    "costOfRevenue": 272838000,
    "grossProfit": 283759000,
    "grossProfitRatio": 0.5098105092,
    "researchAndDevelopmentExpenses": 79719000,
    "generalAndAdministrativeExpenses": 90116000,
    "sellingAndMarketingExpenses": 23591000,
    "sellingGeneralAndAdministrativeExpenses": 113707000,
    "otherExpenses": 1541000,
    "operatingExpenses": 193426000,
    "costAndExpenses": 466264000,
    "interestIncome": 9671000,
    "interestExpense": 9671000,
    "depreciationAndAmortization": 25399000,
    "ebitda": 90333000,
    "ebitdaratio": 0.1622951615,
    "operatingIncome": 90333000,
    "operatingIncomeRatio": 0.1622951615,
    "totalOtherIncomeExpensesNet": 9223000,
    "incomeBeforeTax": 99556000,
    "incomeBeforeTaxRatio": 0.1788654987,
    "incomeTaxExpense": 12698000,
    "netIncome": 86858000,
    "netIncomeRatio": 0.1560518652,
    "eps": 0.45,
    "epsdiluted": 0.44,
    "weightedAverageShsOut": 194742000,
    "weightedAverageShsOutDil": 195673000,
    "link": "https://www.sec.gov/Archives/edgar/data/1121788/000114420412027190/0001144204-12-027190-index.htm",
    "finalLink": "https://www.sec.gov/Archives/edgar/data/1121788/000114420412027190/v308106_10q.htm"
  },
  {
    "date": "2011-12-31",
    "symbol": "GRMN",
    "reportedCurrency": "USD",
    "cik": "0001121788",
    "fillingDate": "2012-02-29",
    "acceptedDate": "2012-02-29 16:14:55",
    "calendarYear": "2011",
    "period": "Q4",
    "revenue": 909644000,
    "costOfRevenue": 475857000,
    "grossProfit": 433787000,
    "grossProfitRatio": 0.4768755689,
    "researchAndDevelopmentExpenses": 84655000,
    "generalAndAdministrativeExpenses": 93383000,
    "sellingAndMarketingExpenses": 55660000,
    "sellingGeneralAndAdministrativeExpenses": 149043000,
    "otherExpenses": 0,
    "operatingExpenses": 233698000,
    "costAndExpenses": 709555000,
    "interestIncome": 9494000,
    "interestExpense": 9494000,
    "depreciationAndAmortization": 34205000,
    "ebitda": 264688000,
    "ebitdaratio": 0.2909797679,
    "operatingIncome": 200089000,
    "operatingIncomeRatio": 0.2199640739,
    "totalOtherIncomeExpensesNet": -14962000,
    "incomeBeforeTax": 185127000,
    "incomeBeforeTaxRatio": 0.2035158809,
    "incomeTaxExpense": 19571000,
    "netIncome": 165556000,
    "netIncomeRatio": 0.1820008707,
    "eps": 0.85,
    "epsdiluted": 0.85,
    "weightedAverageShsOut": 194319000,
    "weightedAverageShsOutDil": 195100000,
    "link": "https://www.sec.gov/Archives/edgar/data/1121788/000114420412012007/0001144204-12-012007-index.htm",
    "finalLink": "https://www.sec.gov/Archives/edgar/data/1121788/000114420412012007/v303209_10k.htm"
  },
  {
    "date": "2011-09-24",
    "symbol": "GRMN",
    "reportedCurrency": "USD",
    "cik": "0001121788",
    "fillingDate": "2011-11-02",
    "acceptedDate": "2011-11-02 11:56:45",
    "calendarYear": "2011",
    "period": "Q3",
    "revenue": 666993000,
    "costOfRevenue": 322662000,
    "grossProfit": 344331000,
    "grossProfitRatio": 0.5162437987,
    "researchAndDevelopmentExpenses": 72936000,
    "generalAndAdministrativeExpenses": 88751000,
    "sellingAndMarketingExpenses": 35310000,
    "sellingGeneralAndAdministrativeExpenses": 124061000,
    "otherExpenses": 0,
    "operatingExpenses": 196997000,
    "costAndExpenses": 519659000,
    "interestIncome": 8464000,
    "interestExpense": 8464000,
    "depreciationAndAmortization": 22076000,
    "ebitda": 147334000,
    "ebitdaratio": 0.2208928729,
    "operatingIncome": 147334000,
    "operatingIncomeRatio": 0.2208928729,
    "totalOtherIncomeExpensesNet": 27702000,
    "incomeBeforeTax": 175036000,
    "incomeBeforeTaxRatio": 0.2624255427,
    "incomeTaxExpense": 24655000,
    "netIncome": 150381000,
    "netIncomeRatio": 0.2254611368,
    "eps": 0.77,
    "epsdiluted": 0.77,
    "weightedAverageShsOut": 194112000,
    "weightedAverageShsOutDil": 194828000,
    "link": "https://www.sec.gov/Archives/edgar/data/1121788/000114420411060744/0001144204-11-060744-index.htm",
    "finalLink": "https://www.sec.gov/Archives/edgar/data/1121788/000114420411060744/v237828_10q.htm"
  },
  {
    "date": "2011-06-25",
    "symbol": "GRMN",
    "reportedCurrency": "USD",
    "cik": "0001121788",
    "fillingDate": "2011-08-03",
    "acceptedDate": "2011-08-03 12:04:52",
    "calendarYear": "2011",
    "period": "Q2",
    "revenue": 674099000,
    "costOfRevenue": 351999000,
    "grossProfit": 322100000,
    "grossProfitRatio": 0.4778229904,
    "researchAndDevelopmentExpenses": 70515000,
    "generalAndAdministrativeExpenses": 85896000,
    "sellingAndMarketingExpenses": 34098000,
    "sellingGeneralAndAdministrativeExpenses": 119994000,
    "otherExpenses": 0,
    "operatingExpenses": 190509000,
    "costAndExpenses": 542508000,
    "interestIncome": 7639000,
    "interestExpense": 7639000,
    "depreciationAndAmortization": 15832000,
    "ebitda": 131591000,
    "ebitdaratio": 0.1952101991,
    "operatingIncome": 131591000,
    "operatingIncomeRatio": 0.1952101991,
    "totalOtherIncomeExpensesNet": -4519000,
    "incomeBeforeTax": 127072000,
    "incomeBeforeTaxRatio": 0.188506436,
    "incomeTaxExpense": 17595000,
    "netIncome": 109477000,
    "netIncomeRatio": 0.1624049287,
    "eps": 0.56,
    "epsdiluted": 0.56,
    "weightedAverageShsOut": 194051000,
    "weightedAverageShsOutDil": 194875000,
    "link": "https://www.sec.gov/Archives/edgar/data/1121788/000114420411043573/0001144204-11-043573-index.htm",
    "finalLink": "https://www.sec.gov/Archives/edgar/data/1121788/000114420411043573/v230413_10q.htm"
  },
  {
    "date": "2011-03-26",
    "symbol": "GRMN",
    "reportedCurrency": "USD",
    "cik": "0001121788",
    "fillingDate": "2011-05-04",
    "acceptedDate": "2011-05-04 11:15:05",
    "calendarYear": "2011",
    "period": "Q1",
    "revenue": 507834000,
    "costOfRevenue": 269460000,
    "grossProfit": 238374000,
    "grossProfitRatio": 0.469393542,
    "researchAndDevelopmentExpenses": 70478000,
    "generalAndAdministrativeExpenses": 73187000,
    "sellingAndMarketingExpenses": 19956000,
    "sellingGeneralAndAdministrativeExpenses": 93143000,
    "otherExpenses": 0,
    "operatingExpenses": 163621000,
    "costAndExpenses": 433081000,
    "interestIncome": 7214000,
    "interestExpense": 7214000,
    "depreciationAndAmortization": 22422000,
    "ebitda": 74753000,
    "ebitdaratio": 0.1471996755,
    "operatingIncome": 74753000,
    "operatingIncomeRatio": 0.1471996755,
    "totalOtherIncomeExpensesNet": 22173000,
    "incomeBeforeTax": 96926000,
    "incomeBeforeTaxRatio": 0.1908615808,
    "incomeTaxExpense": 1444000,
    "netIncome": 95482000,
    "netIncomeRatio": 0.1880181319,
    "eps": 0.49,
    "epsdiluted": 0.49,
    "weightedAverageShsOut": 193922000,
    "weightedAverageShsOutDil": 194720000,
    "link": "https://www.sec.gov/Archives/edgar/data/1121788/000114420411025965/0001144204-11-025965-index.htm",
    "finalLink": "https://www.sec.gov/Archives/edgar/data/1121788/000114420411025965/v220067_10q.htm"
  },
  {
    "date": "2010-12-25",
    "symbol": "GRMN",
    "reportedCurrency": "USD",
    "cik": "0001121788",
    "fillingDate": "2011-02-23",
    "acceptedDate": "2011-02-23 11:40:00",
    "calendarYear": "2010",
    "period": "Q4",
    "revenue": 837715000,
    "costOfRevenue": 457922000,
    "grossProfit": 379793000,
    "grossProfitRatio": 0.4533677921,
    "researchAndDevelopmentExpenses": 71929000,
    "generalAndAdministrativeExpenses": 79445000,
    "sellingAndMarketingExpenses": 43770000,
    "sellingGeneralAndAdministrativeExpenses": 123215000,
    "otherExpenses": 0,
    "operatingExpenses": 195144000,
    "costAndExpenses": 653066000,
    "interestIncome": 6615000,
    "interestExpense": 5369000,
    "depreciationAndAmortization": 22425000,
    "ebitda": 148916000,
    "ebitdaratio": 0.1777645142,
    "operatingIncome": 184649000,
    "operatingIncomeRatio": 0.2204198325,
    "totalOtherIncomeExpensesNet": -28225000,
    "incomeBeforeTax": 156424000,
    "incomeBeforeTaxRatio": 0.1867269895,
    "incomeTaxExpense": 23517000,
    "netIncome": 132907000,
    "netIncomeRatio": 0.1586541962,
    "eps": 0.68,
    "epsdiluted": 0.68,
    "weightedAverageShsOut": 194561000,
    "weightedAverageShsOutDil": 194900000,
    "link": "https://www.sec.gov/Archives/edgar/data/1121788/000114420411010358/0001144204-11-010358-index.htm",
    "finalLink": "https://www.sec.gov/Archives/edgar/data/1121788/000114420411010358/v210433_10k.htm"
  },
  {
    "date": "2010-09-25",
    "symbol": "GRMN",
    "reportedCurrency": "USD",
    "cik": "0001121788",
    "fillingDate": "2010-11-03",
    "acceptedDate": "2010-11-03 11:30:09",
    "calendarYear": "2010",
    "period": "Q3",
    "revenue": 692364000,
    "costOfRevenue": 348344000,
    "grossProfit": 344020000,
    "grossProfitRatio": 0.4968773651,
    "researchAndDevelopmentExpenses": 69512000,
    "generalAndAdministrativeExpenses": 66869000,
    "sellingAndMarketingExpenses": 41002000,
    "sellingGeneralAndAdministrativeExpenses": 107871000,
    "otherExpenses": 0,
    "operatingExpenses": 177383000,
    "costAndExpenses": 525727000,
    "interestIncome": 5695000,
    "interestExpense": 5695000,
    "depreciationAndAmortization": 20671000,
    "ebitda": 187308000,
    "ebitdaratio": 0.2705339966,
    "operatingIncome": 166637000,
    "operatingIncomeRatio": 0.2406783137,
    "totalOtherIncomeExpensesNet": 44279000,
    "incomeBeforeTax": 210916000,
    "incomeBeforeTaxRatio": 0.3046316677,
    "incomeTaxExpense": -68636000,
    "netIncome": 279552000,
    "netIncomeRatio": 0.4037644938,
    "eps": 1.44,
    "epsdiluted": 1.43,
    "weightedAverageShsOut": 194482000,
    "weightedAverageShsOutDil": 195305000,
    "link": "https://www.sec.gov/Archives/edgar/data/1121788/000114420410057166/0001144204-10-057166-index.htm",
    "finalLink": "https://www.sec.gov/Archives/edgar/data/1121788/000114420410057166/v200620_10q.htm"
  },
  {
    "date": "2010-06-26",
    "symbol": "GRMN",
    "reportedCurrency": "USD",
    "cik": "0001121788",
    "fillingDate": "2010-08-04",
    "acceptedDate": "2010-08-04 10:30:56",
    "calendarYear": "2010",
    "period": "Q2",
    "revenue": 728765000,
    "costOfRevenue": 337113000,
    "grossProfit": 391652000,
    "grossProfitRatio": 0.5374187838,
    "researchAndDevelopmentExpenses": 73337000,
    "generalAndAdministrativeExpenses": 73832000,
    "sellingAndMarketingExpenses": 42440000,
    "sellingGeneralAndAdministrativeExpenses": 116272000,
    "otherExpenses": 0,
    "operatingExpenses": 189609000,
    "costAndExpenses": 526722000,
    "interestIncome": 5791000,
    "interestExpense": 5791000,
    "depreciationAndAmortization": 29678000,
    "ebitda": 202043000,
    "ebitdaratio": 0.2772402626,
    "operatingIncome": 202043000,
    "operatingIncomeRatio": 0.2772402626,
    "totalOtherIncomeExpensesNet": -37634000,
    "incomeBeforeTax": 164409000,
    "incomeBeforeTaxRatio": 0.2255994731,
    "incomeTaxExpense": 29593000,
    "netIncome": 134816000,
    "netIncomeRatio": 0.1849924187,
    "eps": 0.68,
    "epsdiluted": 0.67,
    "weightedAverageShsOut": 198948000,
    "weightedAverageShsOutDil": 200102000,
    "link": "https://www.sec.gov/Archives/edgar/data/1121788/000114420410041076/0001144204-10-041076-index.htm",
    "finalLink": "https://www.sec.gov/Archives/edgar/data/1121788/000114420410041076/v191857_10q.htm"
  },
  {
    "date": "2010-03-27",
    "symbol": "GRMN",
    "reportedCurrency": "USD",
    "cik": "0001121788",
    "fillingDate": "2010-05-05",
    "acceptedDate": "2010-05-05 12:59:37",
    "calendarYear": "2010",
    "period": "Q1",
    "revenue": 431067000,
    "costOfRevenue": 200158000,
    "grossProfit": 230909000,
    "grossProfitRatio": 0.5356684692,
    "researchAndDevelopmentExpenses": 62483000,
    "generalAndAdministrativeExpenses": 67678000,
    "sellingAndMarketingExpenses": 17400000,
    "sellingGeneralAndAdministrativeExpenses": 85078000,
    "otherExpenses": 0,
    "operatingExpenses": 147561000,
    "costAndExpenses": 347719000,
    "interestIncome": 6879000,
    "interestExpense": 6879000,
    "depreciationAndAmortization": 21877000,
    "ebitda": 83348000,
    "ebitdaratio": 0.1933527735,
    "operatingIncome": 83348000,
    "operatingIncomeRatio": 0.1933527735,
    "totalOtherIncomeExpensesNet": -37825000,
    "incomeBeforeTax": 45523000,
    "incomeBeforeTaxRatio": 0.1056053931,
    "incomeTaxExpense": 8194000,
    "netIncome": 37329000,
    "netIncomeRatio": 0.0865967471,
    "eps": 0.19,
    "epsdiluted": 0.19,
    "weightedAverageShsOut": 199926000,
    "weightedAverageShsOutDil": 201091000,
    "link": "https://www.sec.gov/Archives/edgar/data/1121788/000114420410024521/0001144204-10-024521-index.htm",
    "finalLink": "https://www.sec.gov/Archives/edgar/data/1121788/000114420410024521/v183355_10q.htm"
  },
  {
    "date": "2009-12-26",
    "symbol": "GRMN",
    "reportedCurrency": "USD",
    "cik": "0001121788",
    "fillingDate": "2010-02-24",
    "acceptedDate": "2010-02-24 12:36:08",
    "calendarYear": "2009",
    "period": "Q4",
    "revenue": 1059383000,
    "costOfRevenue": 572623000,
    "grossProfit": 486760000,
    "grossProfitRatio": 0.4594749963,
    "researchAndDevelopmentExpenses": 71583000,
    "generalAndAdministrativeExpenses": 70741000,
    "sellingAndMarketingExpenses": 52420000,
    "sellingGeneralAndAdministrativeExpenses": 123161000,
    "otherExpenses": 0,
    "operatingExpenses": 194744000,
    "costAndExpenses": 767367000,
    "interestIncome": 6873000,
    "interestExpense": 6873000,
    "depreciationAndAmortization": 30596000,
    "ebitda": 345253000,
    "ebitdaratio": 0.3259000758,
    "operatingIncome": 292016000,
    "operatingIncomeRatio": 0.27564724,
    "totalOtherIncomeExpensesNet": 191000,
    "incomeBeforeTax": 292208000,
    "incomeBeforeTaxRatio": 0.2758284775,
    "incomeTaxExpense": 13800000,
    "netIncome": 278408000,
    "netIncomeRatio": 0.2628020272,
    "eps": 1.38,
    "epsdiluted": 1.38,
    "weightedAverageShsOut": 200386000,
    "weightedAverageShsOutDil": 201600000,
    "link": "https://www.sec.gov/Archives/edgar/data/1121788/000114420410009642/0001144204-10-009642-index.htm",
    "finalLink": "https://www.sec.gov/Archives/edgar/data/1121788/000114420410009642/v175216_10k.htm"
  },
  {
    "date": "2009-09-26",
    "symbol": "GRMN",
    "reportedCurrency": "USD",
    "cik": "0001121788",
    "fillingDate": "2009-11-04",
    "acceptedDate": "2009-11-04 11:10:57",
    "calendarYear": "2009",
    "period": "Q3",
    "revenue": 781254000,
    "costOfRevenue": 371512000,
    "grossProfit": 409742000,
    "grossProfitRatio": 0.5244670747,
    "researchAndDevelopmentExpenses": 55507000,
    "generalAndAdministrativeExpenses": 71499000,
    "sellingAndMarketingExpenses": 45853000,
    "sellingGeneralAndAdministrativeExpenses": 117352000,
    "otherExpenses": 0,
    "operatingExpenses": 172859000,
    "costAndExpenses": 544371000,
    "interestIncome": 6360000,
    "interestExpense": 6360000,
    "depreciationAndAmortization": 23641000,
    "ebitda": 236883000,
    "ebitdaratio": 0.3032086876,
    "operatingIncome": 236883000,
    "operatingIncomeRatio": 0.3032086876,
    "totalOtherIncomeExpensesNet": 19796000,
    "incomeBeforeTax": 256679000,
    "incomeBeforeTaxRatio": 0.3285474378,
    "incomeTaxExpense": 41546000,
    "netIncome": 215133000,
    "netIncomeRatio": 0.2753688301,
    "eps": 1.07,
    "epsdiluted": 1.07,
    "weightedAverageShsOut": 200546000,
    "weightedAverageShsOutDil": 201599000,
    "link": "https://www.sec.gov/Archives/edgar/data/1121788/000114420409056412/0001144204-09-056412-index.htm",
    "finalLink": "https://www.sec.gov/Archives/edgar/data/1121788/000114420409056412/v164317_10q.htm"
  },
  {
    "date": "2009-06-27",
    "symbol": "GRMN",
    "reportedCurrency": "USD",
    "cik": "0001121788",
    "fillingDate": "2009-09-01",
    "acceptedDate": "2009-09-01 14:56:42",
    "calendarYear": "2009",
    "period": "Q2",
    "revenue": 669104000,
    "costOfRevenue": 317490000,
    "grossProfit": 351614000,
    "grossProfitRatio": 0.5254997728,
    "researchAndDevelopmentExpenses": 56253000,
    "generalAndAdministrativeExpenses": 62186000,
    "sellingAndMarketingExpenses": 34023000,
    "sellingGeneralAndAdministrativeExpenses": 96209000,
    "otherExpenses": 0,
    "operatingExpenses": 152462000,
    "costAndExpenses": 469952000,
    "interestIncome": 5190000,
    "interestExpense": 5190000,
    "depreciationAndAmortization": 20587000,
    "ebitda": 199152000,
    "ebitdaratio": 0.2976398288,
    "operatingIncome": 199152000,
    "operatingIncomeRatio": 0.2976398288,
    "totalOtherIncomeExpensesNet": 689000,
    "incomeBeforeTax": 199841000,
    "incomeBeforeTaxRatio": 0.2986695641,
    "incomeTaxExpense": 37970000,
    "netIncome": 161871000,
    "netIncomeRatio": 0.241922033,
    "eps": 0.81,
    "epsdiluted": 0.81,
    "weightedAverageShsOut": 200296000,
    "weightedAverageShsOutDil": 200853000,
    "link": "https://www.sec.gov/Archives/edgar/data/1121788/000114420409046684/0001144204-09-046684-index.htm",
    "finalLink": "https://www.sec.gov/Archives/edgar/data/1121788/000114420409046684/v159542_10qa.htm"
  },
  {
    "date": "2009-03-28",
    "symbol": "GRMN",
    "reportedCurrency": "USD",
    "cik": "0001121788",
    "fillingDate": "2009-05-06",
    "acceptedDate": "2009-05-06 09:12:44",
    "calendarYear": "2009",
    "period": "Q1",
    "revenue": 436699000,
    "costOfRevenue": 240704000,
    "grossProfit": 195995000,
    "grossProfitRatio": 0.4488102789,
    "researchAndDevelopmentExpenses": 55034000,
    "generalAndAdministrativeExpenses": 59777000,
    "sellingAndMarketingExpenses": 23225000,
    "sellingGeneralAndAdministrativeExpenses": 83002000,
    "otherExpenses": 0,
    "operatingExpenses": 138036000,
    "costAndExpenses": 378740000,
    "interestIncome": 5097000,
    "interestExpense": 5097000,
    "depreciationAndAmortization": 21662000,
    "ebitda": 57959000,
    "ebitdaratio": 0.1327207069,
    "operatingIncome": 57959000,
    "operatingIncomeRatio": 0.1327207069,
    "totalOtherIncomeExpensesNet": 1965000,
    "incomeBeforeTax": 59924000,
    "incomeBeforeTaxRatio": 0.1372203738,
    "incomeTaxExpense": 11386000,
    "netIncome": 48538000,
    "netIncomeRatio": 0.1111474952,
    "eps": 0.24,
    "epsdiluted": 0.24,
    "weightedAverageShsOut": 200352000,
    "weightedAverageShsOutDil": 200725000,
    "link": "https://www.sec.gov/Archives/edgar/data/1121788/000114420409024267/0001144204-09-024267-index.htm",
    "finalLink": "https://www.sec.gov/Archives/edgar/data/1121788/000114420409024267/v148062_10q.htm"
  },
  {
    "date": "2008-12-27",
    "symbol": "GRMN",
    "reportedCurrency": "USD",
    "cik": "0001121788",
    "fillingDate": "2009-02-25",
    "acceptedDate": "2009-02-25 09:48:51",
    "calendarYear": "2008",
    "period": "Q4",
    "revenue": 1048247000,
    "costOfRevenue": 617614000,
    "grossProfit": 430633000,
    "grossProfitRatio": 0.410812528,
    "researchAndDevelopmentExpenses": 50205000,
    "generalAndAdministrativeExpenses": 0,
    "sellingAndMarketingExpenses": 0,
    "sellingGeneralAndAdministrativeExpenses": 144009000,
    "otherExpenses": 0,
    "operatingExpenses": 194214000,
    "costAndExpenses": 811828000,
    "interestIncome": 0,
    "interestExpense": 125198000,
    "depreciationAndAmortization": 23797000,
    "ebitda": 313172000,
    "ebitdaratio": 0.2987578309,
    "operatingIncome": 236419000,
    "operatingIncomeRatio": 0.2255374926,
    "totalOtherIncomeExpensesNet": -32072000,
    "incomeBeforeTax": 204347000,
    "incomeBeforeTaxRatio": 0.1949416502,
    "incomeTaxExpense": 46614000,
    "netIncome": 157733000,
    "netIncomeRatio": 0.1504731232,
    "eps": 0.78,
    "epsdiluted": 0.78,
    "weightedAverageShsOut": 199075000,
    "weightedAverageShsOutDil": 201800000,
    "link": "https://www.sec.gov/Archives/edgar/data/1121788/000114420409010751/0001144204-09-010751-index.htm",
    "finalLink": "https://www.sec.gov/Archives/edgar/data/1121788/000114420409010751/v141191_10k.htm"
  },
  {
    "date": "2008-09-27",
    "symbol": "GRMN",
    "reportedCurrency": "USD",
    "cik": "0001121788",
    "fillingDate": "2008-11-05",
    "acceptedDate": "2008-11-05 07:58:14",
    "calendarYear": "2008",
    "period": "Q3",
    "revenue": 870355000,
    "costOfRevenue": 484716000,
    "grossProfit": 385639000,
    "grossProfitRatio": 0.4430824204,
    "researchAndDevelopmentExpenses": 52749000,
    "generalAndAdministrativeExpenses": 67785000,
    "sellingAndMarketingExpenses": 50742000,
    "sellingGeneralAndAdministrativeExpenses": 118527000,
    "otherExpenses": 0,
    "operatingExpenses": 171276000,
    "costAndExpenses": 655992000,
    "interestIncome": 8435000,
    "interestExpense": 14672000,
    "depreciationAndAmortization": 27500000,
    "ebitda": 214363000,
    "ebitdaratio": 0.2462937537,
    "operatingIncome": 214363000,
    "operatingIncomeRatio": 0.2462937537,
    "totalOtherIncomeExpensesNet": -2951000,
    "incomeBeforeTax": 211412000,
    "incomeBeforeTaxRatio": 0.2429031832,
    "incomeTaxExpense": 40168000,
    "netIncome": 171244000,
    "netIncomeRatio": 0.1967519001,
    "eps": 0.83,
    "epsdiluted": 0.82,
    "weightedAverageShsOut": 206634000,
    "weightedAverageShsOutDil": 208107000,
    "link": "https://www.sec.gov/Archives/edgar/data/1121788/000114420408061110/0001144204-08-061110-index.htm",
    "finalLink": "https://www.sec.gov/Archives/edgar/data/1121788/000114420408061110/v130551_10q.htm"
  },
  {
    "date": "2008-06-28",
    "symbol": "GRMN",
    "reportedCurrency": "USD",
    "cik": "0001121788",
    "fillingDate": "2008-08-06",
    "acceptedDate": "2008-08-06 10:03:23",
    "calendarYear": "2008",
    "period": "Q2",
    "revenue": 911671000,
    "costOfRevenue": 494543000,
    "grossProfit": 417128000,
    "grossProfitRatio": 0.4575422493,
    "researchAndDevelopmentExpenses": 53597000,
    "generalAndAdministrativeExpenses": 66701000,
    "sellingAndMarketingExpenses": 58327000,
    "sellingGeneralAndAdministrativeExpenses": 125028000,
    "otherExpenses": 0,
    "operatingExpenses": 178625000,
    "costAndExpenses": 673168000,
    "interestIncome": 9801000,
    "interestExpense": 0,
    "depreciationAndAmortization": 9484000,
    "ebitda": 238503000,
    "ebitdaratio": 0.2616108223,
    "operatingIncome": 238503000,
    "operatingIncomeRatio": 0.2616108223,
    "totalOtherIncomeExpensesNet": 77660000,
    "incomeBeforeTax": 316163000,
    "incomeBeforeTaxRatio": 0.3467950609,
    "incomeTaxExpense": 60071000,
    "netIncome": 256092000,
    "netIncomeRatio": 0.2809039665,
    "eps": 1.2,
    "epsdiluted": 1.19,
    "weightedAverageShsOut": 213756000,
    "weightedAverageShsOutDil": 215572000,
    "link": "https://www.sec.gov/Archives/edgar/data/1121788/000114420408044046/0001144204-08-044046-index.htm",
    "finalLink": "https://www.sec.gov/Archives/edgar/data/1121788/000114420408044046/v121829_10q.htm"
  },
  {
    "date": "2008-03-29",
    "symbol": "GRMN",
    "reportedCurrency": "USD",
    "cik": "0001121788",
    "fillingDate": "2008-05-07",
    "acceptedDate": "2008-05-07 10:10:24",
    "calendarYear": "2008",
    "period": "Q1",
    "revenue": 663805000,
    "costOfRevenue": 343690000,
    "grossProfit": 320115000,
    "grossProfitRatio": 0.482242526,
    "researchAndDevelopmentExpenses": 49558000,
    "generalAndAdministrativeExpenses": 59696000,
    "sellingAndMarketingExpenses": 38129000,
    "sellingGeneralAndAdministrativeExpenses": 97825000,
    "otherExpenses": 0,
    "operatingExpenses": 147383000,
    "costAndExpenses": 491073000,
    "interestIncome": 8327000,
    "interestExpense": 0,
    "depreciationAndAmortization": 17636000,
    "ebitda": 172732000,
    "ebitdaratio": 0.2602149728,
    "operatingIncome": 172732000,
    "operatingIncomeRatio": 0.2602149728,
    "totalOtherIncomeExpensesNet": 9711000,
    "incomeBeforeTax": 182443000,
    "incomeBeforeTaxRatio": 0.274844269,
    "incomeTaxExpense": 34664000,
    "netIncome": 147779000,
    "netIncomeRatio": 0.222624114,
    "eps": 0.68,
    "epsdiluted": 0.67,
    "weightedAverageShsOut": 216505000,
    "weightedAverageShsOutDil": 218979000,
    "link": "https://www.sec.gov/Archives/edgar/data/1121788/000114420408026445/0001144204-08-026445-index.htm",
    "finalLink": "https://www.sec.gov/Archives/edgar/data/1121788/000114420408026445/v112848_10q.htm"
  },
  {
    "date": "2007-12-29",
    "symbol": "GRMN",
    "reportedCurrency": "USD",
    "cik": "0001121788",
    "fillingDate": "2008-02-26",
    "acceptedDate": "2008-02-26 15:02:55",
    "calendarYear": "2007",
    "period": "Q4",
    "revenue": 1217021000,
    "costOfRevenue": 708036000,
    "grossProfit": 508985000,
    "grossProfitRatio": 0.4182220356,
    "researchAndDevelopmentExpenses": 47543000,
    "generalAndAdministrativeExpenses": 0,
    "sellingAndMarketingExpenses": 0,
    "sellingGeneralAndAdministrativeExpenses": 148140000,
    "otherExpenses": 0,
    "operatingExpenses": 195683000,
    "costAndExpenses": 903719000,
    "interestIncome": 0,
    "interestExpense": 0,
    "depreciationAndAmortization": 22448000,
    "ebitda": 335750000,
    "ebitdaratio": 0.2758785592,
    "operatingIncome": 313302000,
    "operatingIncomeRatio": 0.25743352,
    "totalOtherIncomeExpensesNet": 34800000,
    "incomeBeforeTax": 348103000,
    "incomeBeforeTaxRatio": 0.2860287538,
    "incomeTaxExpense": 40836000,
    "netIncome": 307267000,
    "netIncomeRatio": 0.2524746902,
    "eps": 1.39,
    "epsdiluted": 1.39,
    "weightedAverageShsOut": 216728000,
    "weightedAverageShsOutDil": 220900000,
    "link": "https://www.sec.gov/Archives/edgar/data/1121788/000114420408011821/0001144204-08-011821-index.htm",
    "finalLink": "https://www.sec.gov/Archives/edgar/data/1121788/000114420408011821/v104888_10k.htm"
  },
  {
    "date": "2007-09-29",
    "symbol": "GRMN",
    "reportedCurrency": "USD",
    "cik": "0001121788",
    "fillingDate": "2007-11-06",
    "acceptedDate": "2007-11-06 13:51:05",
    "calendarYear": "2007",
    "period": "Q3",
    "revenue": 728673000,
    "costOfRevenue": 386822000,
    "grossProfit": 341851000,
    "grossProfitRatio": 0.469141851,
    "researchAndDevelopmentExpenses": 40634000,
    "generalAndAdministrativeExpenses": 0,
    "sellingAndMarketingExpenses": 0,
    "sellingGeneralAndAdministrativeExpenses": 87060000,
    "otherExpenses": 0,
    "operatingExpenses": 127694000,
    "costAndExpenses": 514516000,
    "interestIncome": 0,
    "interestExpense": 0,
    "depreciationAndAmortization": 12254000,
    "ebitda": 214157000,
    "ebitdaratio": 0.2939000073,
    "operatingIncome": 214157000,
    "operatingIncomeRatio": 0.2939000073,
    "totalOtherIncomeExpensesNet": 8469000,
    "incomeBeforeTax": 222626000,
    "incomeBeforeTaxRatio": 0.3055225046,
    "incomeTaxExpense": 29119000,
    "netIncome": 193507000,
    "netIncomeRatio": 0.2655608208,
    "eps": 0.89,
    "epsdiluted": 0.88,
    "weightedAverageShsOut": 216773000,
    "weightedAverageShsOutDil": 220644000,
    "link": "https://www.sec.gov/Archives/edgar/data/1121788/000114420407058427/0001144204-07-058427-index.htm",
    "finalLink": "https://www.sec.gov/Archives/edgar/data/1121788/000114420407058427/v092489_10q.htm"
  },
  {
    "date": "2007-06-30",
    "symbol": "GRMN",
    "reportedCurrency": "USD",
    "cik": "0001121788",
    "fillingDate": "2007-08-07",
    "acceptedDate": "2007-08-07 08:01:00",
    "calendarYear": "2007",
    "period": "Q2",
    "revenue": 742466000,
    "costOfRevenue": 367799000,
    "grossProfit": 374667000,
    "grossProfitRatio": 0.5046251276,
    "researchAndDevelopmentExpenses": 37727000,
    "generalAndAdministrativeExpenses": 0,
    "sellingAndMarketingExpenses": 0,
    "sellingGeneralAndAdministrativeExpenses": 95373000,
    "otherExpenses": 0,
    "operatingExpenses": 133100000,
    "costAndExpenses": 500899000,
    "interestIncome": 0,
    "interestExpense": 678000,
    "depreciationAndAmortization": 13250000,
    "ebitda": 241567000,
    "ebitdaratio": 0.3253576595,
    "operatingIncome": 241567000,
    "operatingIncomeRatio": 0.3253576595,
    "totalOtherIncomeExpensesNet": 5070000,
    "incomeBeforeTax": 246637000,
    "incomeBeforeTaxRatio": 0.332186255,
    "incomeTaxExpense": 32260000,
    "netIncome": 214377000,
    "netIncomeRatio": 0.2887364539,
    "eps": 0.99,
    "epsdiluted": 0.98,
    "weightedAverageShsOut": 216380000,
    "weightedAverageShsOutDil": 219078000,
    "link": "https://www.sec.gov/Archives/edgar/data/1121788/000114420407040559/0001144204-07-040559-index.htm",
    "finalLink": "https://www.sec.gov/Archives/edgar/data/1121788/000114420407040559/v082894_10q.htm"
  },
  {
    "date": "2007-03-31",
    "symbol": "GRMN",
    "reportedCurrency": "USD",
    "cik": "0001121788",
    "fillingDate": "2007-05-08",
    "acceptedDate": "2007-05-08 12:14:56",
    "calendarYear": "2007",
    "period": "Q1",
    "revenue": 492159000,
    "costOfRevenue": 254407000,
    "grossProfit": 237752000,
    "grossProfitRatio": 0.4830796552,
    "researchAndDevelopmentExpenses": 33503000,
    "generalAndAdministrativeExpenses": 0,
    "sellingAndMarketingExpenses": 0,
    "sellingGeneralAndAdministrativeExpenses": 65925000,
    "otherExpenses": 0,
    "operatingExpenses": 99428000,
    "costAndExpenses": 353835000,
    "interestIncome": 0,
    "interestExpense": 0,
    "depreciationAndAmortization": 16085000,
    "ebitda": 138324000,
    "ebitdaratio": 0.2810555125,
    "operatingIncome": 138324000,
    "operatingIncomeRatio": 0.2810555125,
    "totalOtherIncomeExpensesNet": 22583000,
    "incomeBeforeTax": 160907000,
    "incomeBeforeTaxRatio": 0.3269410902,
    "incomeTaxExpense": 21047000,
    "netIncome": 139860000,
    "netIncomeRatio": 0.2841764552,
    "eps": 0.65,
    "epsdiluted": 0.64,
    "weightedAverageShsOut": 216215000,
    "weightedAverageShsOutDil": 218704000,
    "link": "https://www.sec.gov/Archives/edgar/data/1121788/000114420407023293/0001144204-07-023293-index.htm",
    "finalLink": "https://www.sec.gov/Archives/edgar/data/1121788/000114420407023293/v073963_10q.htm"
  },
  {
    "date": "2006-12-30",
    "symbol": "GRMN",
    "reportedCurrency": "USD",
    "cik": "0001121788",
    "fillingDate": "2007-02-28",
    "acceptedDate": "2007-02-28 11:20:10",
    "calendarYear": "2006",
    "period": "Q4",
    "revenue": 611224000,
    "costOfRevenue": 306771000,
    "grossProfit": 304453000,
    "grossProfitRatio": 0.4981038048,
    "researchAndDevelopmentExpenses": 31209000,
    "generalAndAdministrativeExpenses": 0,
    "sellingAndMarketingExpenses": 0,
    "sellingGeneralAndAdministrativeExpenses": 74346000,
    "otherExpenses": 0,
    "operatingExpenses": 105555000,
    "costAndExpenses": 412326000,
    "interestIncome": 0,
    "interestExpense": 9102000,
    "depreciationAndAmortization": 9184000,
    "ebitda": 208082000,
    "ebitdaratio": 0.3404349306,
    "operatingIncome": 198898000,
    "operatingIncomeRatio": 0.3254093426,
    "totalOtherIncomeExpensesNet": 652000,
    "incomeBeforeTax": 199550000,
    "incomeBeforeTaxRatio": 0.3264760546,
    "incomeTaxExpense": 19205000,
    "netIncome": 180345000,
    "netIncomeRatio": 0.2950554952,
    "eps": 0.82,
    "epsdiluted": 0.82,
    "weightedAverageShsOut": 214566269,
    "weightedAverageShsOutDil": 218600000,
    "link": "https://www.sec.gov/Archives/edgar/data/1121788/000114420407010357/0001144204-07-010357-index.htm",
    "finalLink": "https://www.sec.gov/Archives/edgar/data/1121788/000114420407010357/v067097_10-k.htm"
  },
  {
    "date": "2006-09-30",
    "symbol": "GRMN",
    "reportedCurrency": "USD",
    "cik": "0001121788",
    "fillingDate": "2006-11-07",
    "acceptedDate": "2006-11-07 11:28:35",
    "calendarYear": "2006",
    "period": "Q3",
    "revenue": 407997000,
    "costOfRevenue": 209137000,
    "grossProfit": 198860000,
    "grossProfitRatio": 0.4874055446,
    "researchAndDevelopmentExpenses": 30399000,
    "generalAndAdministrativeExpenses": 0,
    "sellingAndMarketingExpenses": 0,
    "sellingGeneralAndAdministrativeExpenses": 47489000,
    "otherExpenses": 0,
    "operatingExpenses": 77888000,
    "costAndExpenses": 287025000,
    "interestIncome": 0,
    "interestExpense": 0,
    "depreciationAndAmortization": 8025000,
    "ebitda": 120972000,
    "ebitdaratio": 0.2965021802,
    "operatingIncome": 120972000,
    "operatingIncomeRatio": 0.2965021802,
    "totalOtherIncomeExpensesNet": 24564000,
    "incomeBeforeTax": 145536000,
    "incomeBeforeTaxRatio": 0.3567085052,
    "incomeTaxExpense": 22558000,
    "netIncome": 122978000,
    "netIncomeRatio": 0.301418883,
    "eps": 0.57,
    "epsdiluted": 0.56,
    "weightedAverageShsOut": 216317000,
    "weightedAverageShsOutDil": 218866000,
    "link": "https://www.sec.gov/Archives/edgar/data/1121788/000114420406045606/0001144204-06-045606-index.htm",
    "finalLink": "https://www.sec.gov/Archives/edgar/data/1121788/000114420406045606/v056664_10q.htm"
  },
  {
    "date": "2006-07-01",
    "symbol": "GRMN",
    "reportedCurrency": "USD",
    "cik": "0001121788",
    "fillingDate": "2006-08-09",
    "acceptedDate": "2006-08-09 08:00:49",
    "calendarYear": "2006",
    "period": "Q2",
    "revenue": 432468000,
    "costOfRevenue": 216184000,
    "grossProfit": 216284000,
    "grossProfitRatio": 0.5001156155,
    "researchAndDevelopmentExpenses": 26793000,
    "generalAndAdministrativeExpenses": 0,
    "sellingAndMarketingExpenses": 0,
    "sellingGeneralAndAdministrativeExpenses": 54915000,
    "otherExpenses": 0,
    "operatingExpenses": 81708000,
    "costAndExpenses": 297892000,
    "interestIncome": 0,
    "interestExpense": 0,
    "depreciationAndAmortization": 13294000,
    "ebitda": 134576000,
    "ebitdaratio": 0.3111814053,
    "operatingIncome": 134576000,
    "operatingIncomeRatio": 0.3111814053,
    "totalOtherIncomeExpensesNet": 11324000,
    "incomeBeforeTax": 145900000,
    "incomeBeforeTaxRatio": 0.3373660016,
    "incomeTaxExpense": 22614000,
    "netIncome": 123286000,
    "netIncomeRatio": 0.2850754275,
    "eps": 0.57,
    "epsdiluted": 0.56,
    "weightedAverageShsOut": 216818000,
    "weightedAverageShsOutDil": 219344000,
    "link": "https://www.sec.gov/Archives/edgar/data/1121788/000114420406031651/0001144204-06-031651-index.htm",
    "finalLink": "https://www.sec.gov/Archives/edgar/data/1121788/000114420406031651/v049177_10q.htm"
  },
  {
    "date": "2006-04-01",
    "symbol": "GRMN",
    "reportedCurrency": "USD",
    "cik": "0001121788",
    "fillingDate": "2006-05-09",
    "acceptedDate": "2006-05-09 12:01:58",
    "calendarYear": "2006",
    "period": "Q1",
    "revenue": 322311000,
    "costOfRevenue": 159521000,
    "grossProfit": 162790000,
    "grossProfitRatio": 0.505071189,
    "researchAndDevelopmentExpenses": 24913000,
    "generalAndAdministrativeExpenses": 0,
    "sellingAndMarketingExpenses": 0,
    "sellingGeneralAndAdministrativeExpenses": 37764000,
    "otherExpenses": 0,
    "operatingExpenses": 62677000,
    "costAndExpenses": 222198000,
    "interestIncome": 0,
    "interestExpense": 385000,
    "depreciationAndAmortization": 13972000,
    "ebitda": 100113000,
    "ebitdaratio": 0.3106099388,
    "operatingIncome": 100113000,
    "operatingIncomeRatio": 0.3106099388,
    "totalOtherIncomeExpensesNet": 3456000,
    "incomeBeforeTax": 103569000,
    "incomeBeforeTaxRatio": 0.3213325018,
    "incomeTaxExpense": 16053000,
    "netIncome": 87516000,
    "netIncomeRatio": 0.2715265691,
    "eps": 0.4,
    "epsdiluted": 0.4,
    "weightedAverageShsOut": 216471153,
    "weightedAverageShsOutDil": 218871649,
    "link": "https://www.sec.gov/Archives/edgar/data/1121788/000114420406018957/0001144204-06-018957-index.htm",
    "finalLink": "https://www.sec.gov/Archives/edgar/data/1121788/000114420406018957/v042404_10q.htm"
  },
  {
    "date": "2005-12-31",
    "symbol": "GRMN",
    "reportedCurrency": "USD",
    "cik": "0001121788",
    "fillingDate": "2006-03-07",
    "acceptedDate": "2006-03-07 11:40:15",
    "calendarYear": "2005",
    "period": "Q4",
    "revenue": 319296000,
    "costOfRevenue": 156857000,
    "grossProfit": 162439000,
    "grossProfitRatio": 0.5087411054,
    "researchAndDevelopmentExpenses": 20017000,
    "generalAndAdministrativeExpenses": 0,
    "sellingAndMarketingExpenses": 0,
    "sellingGeneralAndAdministrativeExpenses": 44231000,
    "otherExpenses": 0,
    "operatingExpenses": 64248000,
    "costAndExpenses": 221105000,
    "interestIncome": 0,
    "interestExpense": 11631000,
    "depreciationAndAmortization": 9458000,
    "ebitda": 107649000,
    "ebitdaratio": 0.3371448437,
    "operatingIncome": 98191000,
    "operatingIncomeRatio": 0.3075234265,
    "totalOtherIncomeExpensesNet": -2581000,
    "incomeBeforeTax": 95610000,
    "incomeBeforeTaxRatio": 0.299440018,
    "incomeTaxExpense": 8476000,
    "netIncome": 87134000,
    "netIncomeRatio": 0.2728941171,
    "eps": 0.4,
    "epsdiluted": 0.4,
    "weightedAverageShsOut": 216134000,
    "weightedAverageShsOutDil": 218300000,
    "link": "https://www.sec.gov/Archives/edgar/data/1121788/000114420406008894/0001144204-06-008894-index.htm",
    "finalLink": "https://www.sec.gov/Archives/edgar/data/1121788/000114420406008894/v037067.htm"
  },
  {
    "date": "2005-09-24",
    "symbol": "GRMN",
    "reportedCurrency": "USD",
    "cik": "0001121788",
    "fillingDate": "2005-11-02",
    "acceptedDate": "2005-11-02 08:01:51",
    "calendarYear": "2005",
    "period": "Q3",
    "revenue": 251329000,
    "costOfRevenue": 121877000,
    "grossProfit": 129452000,
    "grossProfitRatio": 0.5150698885,
    "researchAndDevelopmentExpenses": 20116000,
    "generalAndAdministrativeExpenses": 0,
    "sellingAndMarketingExpenses": 0,
    "sellingGeneralAndAdministrativeExpenses": 24180000,
    "otherExpenses": 0,
    "operatingExpenses": 44296000,
    "costAndExpenses": 166173000,
    "interestIncome": 0,
    "interestExpense": 0,
    "depreciationAndAmortization": 9193000,
    "ebitda": 85156000,
    "ebitdaratio": 0.3388228179,
    "operatingIncome": 85156000,
    "operatingIncomeRatio": 0.3388228179,
    "totalOtherIncomeExpensesNet": 40971000,
    "incomeBeforeTax": 126127000,
    "incomeBeforeTaxRatio": 0.5018402174,
    "incomeTaxExpense": 23637000,
    "netIncome": 102490000,
    "netIncomeRatio": 0.4077921768,
    "eps": 0.24,
    "epsdiluted": 0.24,
    "weightedAverageShsOut": 431380000,
    "weightedAverageShsOutDil": 435720000,
    "link": "https://www.sec.gov/Archives/edgar/data/1121788/000119312505213770/0001193125-05-213770-index.htm",
    "finalLink": "https://www.sec.gov/Archives/edgar/data/1121788/000119312505213770/d10q.htm"
  },
  {
    "date": "2005-06-25",
    "symbol": "GRMN",
    "reportedCurrency": "USD",
    "cik": "0001121788",
    "fillingDate": "2005-08-03",
    "acceptedDate": "2005-08-03 10:48:11",
    "calendarYear": "2005",
    "period": "Q2",
    "revenue": 264497000,
    "costOfRevenue": 124516000,
    "grossProfit": 139981000,
    "grossProfitRatio": 0.5292347361,
    "researchAndDevelopmentExpenses": 17818000,
    "generalAndAdministrativeExpenses": 0,
    "sellingAndMarketingExpenses": 0,
    "sellingGeneralAndAdministrativeExpenses": 33093000,
    "otherExpenses": 0,
    "operatingExpenses": 50911000,
    "costAndExpenses": 175427000,
    "interestIncome": 0,
    "interestExpense": 0,
    "depreciationAndAmortization": 15503000,
    "ebitda": 89070000,
    "ebitdaratio": 0.3367524017,
    "operatingIncome": 89070000,
    "operatingIncomeRatio": 0.3367524017,
    "totalOtherIncomeExpensesNet": 2982000,
    "incomeBeforeTax": 29052000,
    "incomeBeforeTaxRatio": 0.1098386749,
    "incomeTaxExpense": 17858000,
    "netIncome": 74194000,
    "netIncomeRatio": 0.2805097978,
    "eps": 0.34,
    "epsdiluted": 0.34,
    "weightedAverageShsOut": 216736000,
    "weightedAverageShsOutDil": 218286000,
    "link": "https://www.sec.gov/Archives/edgar/data/1121788/000112178805000042/0001121788-05-000042-index.htm",
    "finalLink": "https://www.sec.gov/Archives/edgar/data/1121788/000112178805000042/form10q_062505.htm"
  },
  {
    "date": "2005-03-26",
    "symbol": "GRMN",
    "reportedCurrency": "USD",
    "cik": "0001121788",
    "fillingDate": "2005-05-04",
    "acceptedDate": "2005-05-04 09:24:13",
    "calendarYear": "2005",
    "period": "Q1",
    "revenue": 192651000,
    "costOfRevenue": 89453000,
    "grossProfit": 103198000,
    "grossProfitRatio": 0.535673316,
    "researchAndDevelopmentExpenses": 16928000,
    "generalAndAdministrativeExpenses": 0,
    "sellingAndMarketingExpenses": 0,
    "sellingGeneralAndAdministrativeExpenses": 20518000,
    "otherExpenses": 0,
    "operatingExpenses": 37446000,
    "costAndExpenses": 126899000,
    "interestIncome": 0,
    "interestExpense": 17783000,
    "depreciationAndAmortization": 9442000,
    "ebitda": 75194000,
    "ebitdaratio": 0.390312015,
    "operatingIncome": 65752000,
    "operatingIncomeRatio": 0.3413011093,
    "totalOtherIncomeExpensesNet": -6942000,
    "incomeBeforeTax": 58810000,
    "incomeBeforeTaxRatio": 0.3052670373,
    "incomeTaxExpense": 11409000,
    "netIncome": 47401000,
    "netIncomeRatio": 0.2460459588,
    "eps": 0.22,
    "epsdiluted": 0.22,
    "weightedAverageShsOut": 216943632,
    "weightedAverageShsOutDil": 218343000,
    "link": "https://www.sec.gov/Archives/edgar/data/1121788/000112178805000015/0001121788-05-000015-index.htm",
    "finalLink": "https://www.sec.gov/Archives/edgar/data/1121788/000112178805000015/form10q_032605.txt"
  },
  {
    "date": "2004-12-25",
    "symbol": "GRMN",
    "reportedCurrency": "USD",
    "cik": "0001121788",
    "fillingDate": "2005-03-09",
    "acceptedDate": "2005-03-09 15:52:43",
    "calendarYear": "2004",
    "period": "Q4",
    "revenue": 220948000,
    "costOfRevenue": 100150000,
    "grossProfit": 120798000,
    "grossProfitRatio": 0.5467259265,
    "researchAndDevelopmentExpenses": 35366000,
    "generalAndAdministrativeExpenses": 0,
    "sellingAndMarketingExpenses": 0,
    "sellingGeneralAndAdministrativeExpenses": 5678000,
    "otherExpenses": 0,
    "operatingExpenses": 41044000,
    "costAndExpenses": 141194000,
    "interestIncome": 9419000,
    "interestExpense": 47433000,
    "depreciationAndAmortization": 8833000,
    "ebitda": 88587000,
    "ebitdaratio": 0.4009404928,
    "operatingIncome": 79754000,
    "operatingIncomeRatio": 0.3609627605,
    "totalOtherIncomeExpensesNet": -22165000,
    "incomeBeforeTax": 57589000,
    "incomeBeforeTaxRatio": 0.2606450387,
    "incomeTaxExpense": 9988000,
    "netIncome": 47601000,
    "netIncomeRatio": 0.215439832,
    "eps": 0.22,
    "epsdiluted": 0.22,
    "weightedAverageShsOut": 217151263,
    "weightedAverageShsOutDil": 218400000,
    "link": "https://www.sec.gov/Archives/edgar/data/1121788/000112178805000008/0001121788-05-000008-index.htm",
    "finalLink": "https://www.sec.gov/Archives/edgar/data/1121788/000112178805000008/form10k_122504.htm"
  },
  {
    "date": "2004-09-25",
    "symbol": "GRMN",
    "reportedCurrency": "USD",
    "cik": "0001121788",
    "fillingDate": "2004-11-03",
    "acceptedDate": "2004-11-03 11:05:37",
    "calendarYear": "2004",
    "period": "Q3",
    "revenue": 193616000,
    "costOfRevenue": 81945000,
    "grossProfit": 111671000,
    "grossProfitRatio": 0.57676535,
    "researchAndDevelopmentExpenses": 14695000,
    "generalAndAdministrativeExpenses": 0,
    "sellingAndMarketingExpenses": 0,
    "sellingGeneralAndAdministrativeExpenses": 19859000,
    "otherExpenses": 0,
    "operatingExpenses": 34554000,
    "costAndExpenses": 116499000,
    "interestIncome": 0,
    "interestExpense": 0,
    "depreciationAndAmortization": 10247000,
    "ebitda": 77117000,
    "ebitdaratio": 0.3982986943,
    "operatingIncome": 77117000,
    "operatingIncomeRatio": 0.3982986943,
    "totalOtherIncomeExpensesNet": 6793000,
    "incomeBeforeTax": 83910000,
    "incomeBeforeTaxRatio": 0.4333836047,
    "incomeTaxExpense": 16782000,
    "netIncome": 67128000,
    "netIncomeRatio": 0.3467068837,
    "eps": 0.31,
    "epsdiluted": 0.31,
    "weightedAverageShsOut": 216238000,
    "weightedAverageShsOutDil": 217758000,
    "link": "https://www.sec.gov/Archives/edgar/data/1121788/000112178804000045/0001121788-04-000045-index.htm",
    "finalLink": "https://www.sec.gov/Archives/edgar/data/1121788/000112178804000045/form10q_092504.htm"
  },
  {
    "date": "2004-06-26",
    "symbol": "GRMN",
    "reportedCurrency": "USD",
    "cik": "0001121788",
    "fillingDate": "2004-08-04",
    "acceptedDate": "2004-08-04 12:58:51",
    "calendarYear": "2004",
    "period": "Q2",
    "revenue": 189655000,
    "costOfRevenue": 91336000,
    "grossProfit": 98319000,
    "grossProfitRatio": 0.518409744,
    "researchAndDevelopmentExpenses": 14710000,
    "generalAndAdministrativeExpenses": 0,
    "sellingAndMarketingExpenses": 0,
    "sellingGeneralAndAdministrativeExpenses": 19401000,
    "otherExpenses": 0,
    "operatingExpenses": 34111000,
    "costAndExpenses": 125447000,
    "interestIncome": 0,
    "interestExpense": 0,
    "depreciationAndAmortization": 10063000,
    "ebitda": 64208000,
    "ebitdaratio": 0.3385515805,
    "operatingIncome": 64208000,
    "operatingIncomeRatio": 0.3385515805,
    "totalOtherIncomeExpensesNet": 5637000,
    "incomeBeforeTax": 69845000,
    "incomeBeforeTaxRatio": 0.3682739712,
    "incomeTaxExpense": 13530000,
    "netIncome": 56315000,
    "netIncomeRatio": 0.2969339063,
    "eps": 0.26,
    "epsdiluted": 0.26,
    "weightedAverageShsOut": 216322000,
    "weightedAverageShsOutDil": 217768000,
    "link": "https://www.sec.gov/Archives/edgar/data/1121788/000112178804000026/0001121788-04-000026-index.htm",
    "finalLink": "https://www.sec.gov/Archives/edgar/data/1121788/000112178804000026/form10q_062604.htm"
  },
  {
    "date": "2004-03-27",
    "symbol": "GRMN",
    "reportedCurrency": "USD",
    "cik": "0001121788",
    "fillingDate": "2004-05-05",
    "acceptedDate": "2004-05-05 09:13:45",
    "calendarYear": "2004",
    "period": "Q1",
    "revenue": 158329000,
    "costOfRevenue": 77878000,
    "grossProfit": 80451000,
    "grossProfitRatio": 0.5081254855,
    "researchAndDevelopmentExpenses": 14220000,
    "generalAndAdministrativeExpenses": 0,
    "sellingAndMarketingExpenses": 0,
    "sellingGeneralAndAdministrativeExpenses": 16642000,
    "otherExpenses": 0,
    "operatingExpenses": 30862000,
    "costAndExpenses": 108740000,
    "interestIncome": 0,
    "interestExpense": 13328000,
    "depreciationAndAmortization": 5456000,
    "ebitda": 49589000,
    "ebitdaratio": 0.3132022561,
    "operatingIncome": 49589000,
    "operatingIncomeRatio": 0.3132022561,
    "totalOtherIncomeExpensesNet": -5721000,
    "incomeBeforeTax": 43868000,
    "incomeBeforeTaxRatio": 0.2770686356,
    "incomeTaxExpense": 9212000,
    "netIncome": 34656000,
    "netIncomeRatio": 0.2188859906,
    "eps": 0.16,
    "epsdiluted": 0.16,
    "weightedAverageShsOut": 217234121,
    "weightedAverageShsOutDil": 217984000,
    "link": "https://www.sec.gov/Archives/edgar/data/1121788/000112178804000014/0001121788-04-000014-index.htm",
    "finalLink": "https://www.sec.gov/Archives/edgar/data/1121788/000112178804000014/form10q_032704.htm"
  },
  {
    "date": "2003-12-27",
    "symbol": "GRMN",
    "reportedCurrency": "USD",
    "cik": "0001121788",
    "fillingDate": "2004-03-10",
    "acceptedDate": "2004-03-10 11:43:21",
    "calendarYear": "2003",
    "period": "Q4",
    "revenue": 170144000,
    "costOfRevenue": 74625000,
    "grossProfit": 95519000,
    "grossProfitRatio": 0.561400931,
    "researchAndDevelopmentExpenses": 13571000,
    "generalAndAdministrativeExpenses": 0,
    "sellingAndMarketingExpenses": 0,
    "sellingGeneralAndAdministrativeExpenses": 19283000,
    "otherExpenses": 0,
    "operatingExpenses": 32854000,
    "costAndExpenses": 107479000,
    "interestIncome": 0,
    "interestExpense": 0,
    "depreciationAndAmortization": 5480000,
    "ebitda": 68145000,
    "ebitdaratio": 0.4005136825,
    "operatingIncome": 62665000,
    "operatingIncomeRatio": 0.3683056705,
    "totalOtherIncomeExpensesNet": 6430000,
    "incomeBeforeTax": 69095000,
    "incomeBeforeTaxRatio": 0.4060971883,
    "incomeTaxExpense": 14510000,
    "netIncome": 54585000,
    "netIncomeRatio": 0.3208164849,
    "eps": 0.25,
    "epsdiluted": 0.25,
    "weightedAverageShsOut": 218146242,
    "weightedAverageShsOutDil": 218200000,
    "link": "https://www.sec.gov/Archives/edgar/data/1121788/000112178804000005/0001121788-04-000005-index.htm",
    "finalLink": "https://www.sec.gov/Archives/edgar/data/1121788/000112178804000005/form10k_122703.txt"
  },
  {
    "date": "2003-09-27",
    "symbol": "GRMN",
    "reportedCurrency": "USD",
    "cik": "0001121788",
    "fillingDate": "2003-11-12",
    "acceptedDate": "2003-11-12 11:05:38",
    "calendarYear": "2003",
    "period": "Q3",
    "revenue": 135562000,
    "costOfRevenue": 58853000,
    "grossProfit": 76709000,
    "grossProfitRatio": 0.5658591641,
    "researchAndDevelopmentExpenses": 11732000,
    "generalAndAdministrativeExpenses": 0,
    "sellingAndMarketingExpenses": 0,
    "sellingGeneralAndAdministrativeExpenses": 13023000,
    "otherExpenses": 0,
    "operatingExpenses": 24755000,
    "costAndExpenses": 83608000,
    "interestIncome": 0,
    "interestExpense": 16243000,
    "depreciationAndAmortization": 5309000,
    "ebitda": 51954000,
    "ebitdaratio": 0.3832489931,
    "operatingIncome": 51954000,
    "operatingIncomeRatio": 0.3832489931,
    "totalOtherIncomeExpensesNet": -7260000,
    "incomeBeforeTax": 44694000,
    "incomeBeforeTaxRatio": 0.3296941621,
    "incomeTaxExpense": 9386000,
    "netIncome": 35308000,
    "netIncomeRatio": 0.2604564701,
    "eps": 0.17,
    "epsdiluted": 0.16,
    "weightedAverageShsOut": 216074000,
    "weightedAverageShsOutDil": 217902000,
    "link": "https://www.sec.gov/Archives/edgar/data/1121788/000112178803000033/0001121788-03-000033-index.htm",
    "finalLink": "https://www.sec.gov/Archives/edgar/data/1121788/000112178803000033/form10q_092703.htm"
  },
  {
    "date": "2003-06-28",
    "symbol": "GRMN",
    "reportedCurrency": "USD",
    "cik": "0001121788",
    "fillingDate": "2003-08-13",
    "acceptedDate": "2003-08-13 09:41:16",
    "calendarYear": "2003",
    "period": "Q2",
    "revenue": 143495000,
    "costOfRevenue": 59838000,
    "grossProfit": 83657000,
    "grossProfitRatio": 0.5829959232,
    "researchAndDevelopmentExpenses": 9607000,
    "generalAndAdministrativeExpenses": 0,
    "sellingAndMarketingExpenses": 0,
    "sellingGeneralAndAdministrativeExpenses": 13935000,
    "otherExpenses": 0,
    "operatingExpenses": 23542000,
    "costAndExpenses": 83380000,
    "interestIncome": 0,
    "interestExpense": 3697000,
    "depreciationAndAmortization": 4773000,
    "ebitda": 64888000,
    "ebitdaratio": 0.4521969407,
    "operatingIncome": 60115000,
    "operatingIncomeRatio": 0.4189344576,
    "totalOtherIncomeExpensesNet": -1057000,
    "incomeBeforeTax": 59058000,
    "incomeBeforeTaxRatio": 0.4115683473,
    "incomeTaxExpense": 11812000,
    "netIncome": 47246000,
    "netIncomeRatio": 0.3292518903,
    "eps": 0.22,
    "epsdiluted": 0.22,
    "weightedAverageShsOut": 215990000,
    "weightedAverageShsOutDil": 218076000,
    "link": "https://www.sec.gov/Archives/edgar/data/1121788/000112178803000022/0001121788-03-000022-index.htm",
    "finalLink": "https://www.sec.gov/Archives/edgar/data/1121788/000112178803000022/form10q_062803.txt"
  },
  {
    "date": "2003-03-29",
    "symbol": "GRMN",
    "reportedCurrency": "USD",
    "cik": "0001121788",
    "fillingDate": "2003-05-14",
    "acceptedDate": "2003-05-14 11:52:56",
    "calendarYear": "2003",
    "period": "Q1",
    "revenue": 123788000,
    "costOfRevenue": 49133000,
    "grossProfit": 74655000,
    "grossProfitRatio": 0.6030875368,
    "researchAndDevelopmentExpenses": 8796000,
    "generalAndAdministrativeExpenses": 0,
    "sellingAndMarketingExpenses": 0,
    "sellingGeneralAndAdministrativeExpenses": 13593000,
    "otherExpenses": 0,
    "operatingExpenses": 22389000,
    "costAndExpenses": 71522000,
    "interestIncome": 0,
    "interestExpense": 0,
    "depreciationAndAmortization": 4542000,
    "ebitda": 52266000,
    "ebitdaratio": 0.4222218632,
    "operatingIncome": 52266000,
    "operatingIncomeRatio": 0.4222218632,
    "totalOtherIncomeExpensesNet": 830000,
    "incomeBeforeTax": 53096000,
    "incomeBeforeTaxRatio": 0.428926875,
    "incomeTaxExpense": 11602000,
    "netIncome": 41494000,
    "netIncomeRatio": 0.3352021198,
    "eps": 0.19,
    "epsdiluted": 0.19,
    "weightedAverageShsOut": 216245000,
    "weightedAverageShsOutDil": 217288000,
    "link": "https://www.sec.gov/Archives/edgar/data/1121788/000112178803000013/0001121788-03-000013-index.htm",
    "finalLink": "https://www.sec.gov/Archives/edgar/data/1121788/000112178803000013/form10q_032903.txt"
  },
  {
    "date": "2002-12-28",
    "symbol": "GRMN",
    "reportedCurrency": "USD",
    "cik": "0001121788",
    "fillingDate": "2003-03-25",
    "acceptedDate": "2003-03-25 17:09:03",
    "calendarYear": "2002",
    "period": "Q4",
    "revenue": 133694000,
    "costOfRevenue": 59843000,
    "grossProfit": 73851000,
    "grossProfitRatio": 0.5523882897,
    "researchAndDevelopmentExpenses": 8760000,
    "generalAndAdministrativeExpenses": 0,
    "sellingAndMarketingExpenses": 0,
    "sellingGeneralAndAdministrativeExpenses": 12060000,
    "otherExpenses": 0,
    "operatingExpenses": 20820000,
    "costAndExpenses": 80663000,
    "interestIncome": 0,
    "interestExpense": 0,
    "depreciationAndAmortization": 6448000,
    "ebitda": 59479000,
    "ebitdaratio": 0.4448890751,
    "operatingIncome": 53031000,
    "operatingIncomeRatio": 0.396659536,
    "totalOtherIncomeExpensesNet": 1482000,
    "incomeBeforeTax": 54513000,
    "incomeBeforeTaxRatio": 0.407744551,
    "incomeTaxExpense": 9050000,
    "netIncome": 45463000,
    "netIncomeRatio": 0.3400526576,
    "eps": 0.21,
    "epsdiluted": 0.21,
    "weightedAverageShsOut": 216500000,
    "weightedAverageShsOutDil": 216500000,
    "link": "https://www.sec.gov/Archives/edgar/data/1121788/000112178803000004/0001121788-03-000004-index.htm",
    "finalLink": "https://www.sec.gov/Archives/edgar/data/1121788/000112178803000004/form10k_122802.txt"
  },
  {
    "date": "2002-09-28",
    "symbol": "GRMN",
    "reportedCurrency": "USD",
    "cik": "0001121788",
    "fillingDate": "2002-11-13",
    "acceptedDate": "2002-11-13 09:42:18",
    "calendarYear": "2002",
    "period": "Q3",
    "revenue": 107756000,
    "costOfRevenue": 48705000,
    "grossProfit": 59051000,
    "grossProfitRatio": 0.5480066075,
    "researchAndDevelopmentExpenses": 7954000,
    "generalAndAdministrativeExpenses": 0,
    "sellingAndMarketingExpenses": 0,
    "sellingGeneralAndAdministrativeExpenses": 11055000,
    "otherExpenses": 0,
    "operatingExpenses": 19009000,
    "costAndExpenses": 67714000,
    "interestIncome": 0,
    "interestExpense": 0,
    "depreciationAndAmortization": 3344000,
    "ebitda": 43386000,
    "ebitdaratio": 0.402631872,
    "operatingIncome": 40042000,
    "operatingIncomeRatio": 0.3715987973,
    "totalOtherIncomeExpensesNet": 10722000,
    "incomeBeforeTax": 50764000,
    "incomeBeforeTaxRatio": 0.4711013772,
    "incomeTaxExpense": 12336000,
    "netIncome": 38428000,
    "netIncomeRatio": 0.356620513,
    "eps": 0.18,
    "epsdiluted": 0.18,
    "weightedAverageShsOut": 215596000,
    "weightedAverageShsOutDil": 216278000,
    "link": "https://www.sec.gov/Archives/edgar/data/1121788/000112178802000022/0001121788-02-000022-index.htm",
    "finalLink": "https://www.sec.gov/Archives/edgar/data/1121788/000112178802000022/form10q_092802.txt"
  },
  {
    "date": "2002-06-29",
    "symbol": "GRMN",
    "reportedCurrency": "USD",
    "cik": "0001121788",
    "fillingDate": "2002-08-12",
    "acceptedDate": "2002-08-12 11:28:38",
    "calendarYear": "2002",
    "period": "Q2",
    "revenue": 122838000,
    "costOfRevenue": 55176000,
    "grossProfit": 67662000,
    "grossProfitRatio": 0.5508230352,
    "researchAndDevelopmentExpenses": 7476000,
    "generalAndAdministrativeExpenses": 0,
    "sellingAndMarketingExpenses": 0,
    "sellingGeneralAndAdministrativeExpenses": 11099000,
    "otherExpenses": 0,
    "operatingExpenses": 18575000,
    "costAndExpenses": 73751000,
    "interestIncome": 0,
    "interestExpense": 16412000,
    "depreciationAndAmortization": 3410000,
    "ebitda": 52497000,
    "ebitdaratio": 0.4273677526,
    "operatingIncome": 49087000,
    "operatingIncomeRatio": 0.3996076133,
    "totalOtherIncomeExpensesNet": -7501000,
    "incomeBeforeTax": 41586000,
    "incomeBeforeTaxRatio": 0.3385434475,
    "incomeTaxExpense": 9440000,
    "netIncome": 32146000,
    "netIncomeRatio": 0.261694264,
    "eps": 0.15,
    "epsdiluted": 0.15,
    "weightedAverageShsOut": 215576000,
    "weightedAverageShsOutDil": 216430000,
    "link": "https://www.sec.gov/Archives/edgar/data/1121788/000112178802000016/0001121788-02-000016-index.htm",
    "finalLink": "https://www.sec.gov/Archives/edgar/data/1121788/000112178802000016/form10q2q_062902.txt"
  },
  {
    "date": "2002-03-30",
    "symbol": "GRMN",
    "reportedCurrency": "USD",
    "cik": "0001121788",
    "fillingDate": "2002-05-14",
    "acceptedDate": "2002-05-14 15:14:16",
    "calendarYear": "2002",
    "period": "Q1",
    "revenue": 100856000,
    "costOfRevenue": 46364000,
    "grossProfit": 54492000,
    "grossProfitRatio": 0.5402950742,
    "researchAndDevelopmentExpenses": 7973000,
    "generalAndAdministrativeExpenses": 0,
    "sellingAndMarketingExpenses": 0,
    "sellingGeneralAndAdministrativeExpenses": 11239000,
    "otherExpenses": 0,
    "operatingExpenses": 19212000,
    "costAndExpenses": 65576000,
    "interestIncome": 0,
    "interestExpense": 70000,
    "depreciationAndAmortization": 2929000,
    "ebitda": 38209000,
    "ebitdaratio": 0.3788470691,
    "operatingIncome": 35280000,
    "operatingIncomeRatio": 0.3498056635,
    "totalOtherIncomeExpensesNet": 592000,
    "incomeBeforeTax": 35872000,
    "incomeBeforeTaxRatio": 0.3556754184,
    "incomeTaxExpense": 9111000,
    "netIncome": 26761000,
    "netIncomeRatio": 0.2653387007,
    "eps": 0.12,
    "epsdiluted": 0.12,
    "weightedAverageShsOut": 215244857,
    "weightedAverageShsOutDil": 216965000,
    "link": "https://www.sec.gov/Archives/edgar/data/1121788/000112178802000010/0001121788-02-000010-index.htm",
    "finalLink": "https://www.sec.gov/Archives/edgar/data/1121788/000112178802000010/form10q.txt"
  },
  {
    "date": "2001-12-29",
    "symbol": "GRMN",
    "reportedCurrency": "USD",
    "cik": "0001121788",
    "fillingDate": "2002-04-02",
    "acceptedDate": "2002-04-02 00:00:00",
    "calendarYear": "2001",
    "period": "Q4",
    "revenue": 93021000,
    "costOfRevenue": 43559000,
    "grossProfit": 49462000,
    "grossProfitRatio": 0.5317293944,
    "researchAndDevelopmentExpenses": 7797000,
    "generalAndAdministrativeExpenses": 0,
    "sellingAndMarketingExpenses": 0,
    "sellingGeneralAndAdministrativeExpenses": 9986000,
    "otherExpenses": 0,
    "operatingExpenses": 17783000,
    "costAndExpenses": 61342000,
    "interestIncome": 0,
    "interestExpense": 0,
    "depreciationAndAmortization": 4075000,
    "ebitda": 35754000,
    "ebitdaratio": 0.3843648208,
    "operatingIncome": 31679000,
    "operatingIncomeRatio": 0.3405575085,
    "totalOtherIncomeExpensesNet": 5886000,
    "incomeBeforeTax": 37565000,
    "incomeBeforeTaxRatio": 0.403833543,
    "incomeTaxExpense": 9521000,
    "netIncome": 28045000,
    "netIncomeRatio": 0.3014910612,
    "eps": 0.13,
    "epsdiluted": 0.13,
    "weightedAverageShsOut": 214913714,
    "weightedAverageShsOutDil": 217500000,
    "link": "https://www.sec.gov/Archives/edgar/data/1121788/000112178802000005/0001121788-02-000005-index.htm",
    "finalLink": "https://www.sec.gov/Archives/edgar/data/1121788/000112178802000005/form10kamend.txt"
  },
  {
    "date": "2001-09-29",
    "symbol": "GRMN",
    "reportedCurrency": "USD",
    "cik": "0001121788",
    "fillingDate": "2001-11-13",
    "acceptedDate": "2001-11-13 00:00:00",
    "calendarYear": "2001",
    "period": "Q3",
    "revenue": 86930000,
    "costOfRevenue": 39201000,
    "grossProfit": 47729000,
    "grossProfitRatio": 0.5490509605,
    "researchAndDevelopmentExpenses": 7306000,
    "generalAndAdministrativeExpenses": 0,
    "sellingAndMarketingExpenses": 0,
    "sellingGeneralAndAdministrativeExpenses": 9663000,
    "otherExpenses": 0,
    "operatingExpenses": 16969000,
    "costAndExpenses": 56170000,
    "interestIncome": 0,
    "interestExpense": 0,
    "depreciationAndAmortization": 1755000,
    "ebitda": 32515000,
    "ebitdaratio": 0.3740365812,
    "operatingIncome": 30760000,
    "operatingIncomeRatio": 0.3538479236,
    "totalOtherIncomeExpensesNet": 2742000,
    "incomeBeforeTax": 33502000,
    "incomeBeforeTaxRatio": 0.3853905441,
    "incomeTaxExpense": 8501000,
    "netIncome": 25001000,
    "netIncomeRatio": 0.2875992178,
    "eps": 0.12,
    "epsdiluted": 0.12,
    "weightedAverageShsOut": 216484000,
    "weightedAverageShsOutDil": 217198000,
    "link": "https://www.sec.gov/Archives/edgar/data/1121788/000112178801500013/0001121788-01-500013-index.htm",
    "finalLink": "https://www.sec.gov/Archives/edgar/data/1121788/000112178801500013/form10q3q_092901.txt"
  },
  {
    "date": "2001-06-30",
    "symbol": "GRMN",
    "reportedCurrency": "USD",
    "cik": "0001121788",
    "fillingDate": "2001-08-13",
    "acceptedDate": "2001-08-13 00:00:00",
    "calendarYear": "2001",
    "period": "Q2",
    "revenue": 103634000,
    "costOfRevenue": 48584000,
    "grossProfit": 55050000,
    "grossProfitRatio": 0.5311963255,
    "researchAndDevelopmentExpenses": 6765000,
    "generalAndAdministrativeExpenses": 0,
    "sellingAndMarketingExpenses": 0,
    "sellingGeneralAndAdministrativeExpenses": 9801000,
    "otherExpenses": 0,
    "operatingExpenses": 16566000,
    "costAndExpenses": 65150000,
    "interestIncome": 0,
    "interestExpense": 0,
    "depreciationAndAmortization": 2654000,
    "ebitda": 41138000,
    "ebitdaratio": 0.3969546674,
    "operatingIncome": 38484000,
    "operatingIncomeRatio": 0.3713453114,
    "totalOtherIncomeExpensesNet": 10582000,
    "incomeBeforeTax": 49066000,
    "incomeBeforeTaxRatio": 0.4734546577,
    "incomeTaxExpense": 12463000,
    "netIncome": 36603000,
    "netIncomeRatio": 0.3531948974,
    "eps": 0.17,
    "epsdiluted": 0.17,
    "weightedAverageShsOut": 216484000,
    "weightedAverageShsOutDil": 217296000,
    "link": "https://www.sec.gov/Archives/edgar/data/1121788/000112178801500007/0001121788-01-500007-index.htm",
    "finalLink": "https://www.sec.gov/Archives/edgar/data/1121788/000112178801500007/form10q2q_063001.txt"
  },
  {
    "date": "2001-03-31",
    "symbol": "GRMN",
    "reportedCurrency": "USD",
    "cik": "0001121788",
    "fillingDate": "2001-05-14",
    "acceptedDate": "2001-05-14 00:00:00",
    "calendarYear": "2001",
    "period": "Q1",
    "revenue": 85534000,
    "costOfRevenue": 39616000,
    "grossProfit": 45918000,
    "grossProfitRatio": 0.5368391517,
    "researchAndDevelopmentExpenses": 6296000,
    "generalAndAdministrativeExpenses": 0,
    "sellingAndMarketingExpenses": 0,
    "sellingGeneralAndAdministrativeExpenses": 9259000,
    "otherExpenses": 0,
    "operatingExpenses": 15555000,
    "costAndExpenses": 55171000,
    "interestIncome": 0,
    "interestExpense": 0,
    "depreciationAndAmortization": 2384000,
    "ebitda": 32747000,
    "ebitdaratio": 0.3828536021,
    "operatingIncome": 30363000,
    "operatingIncomeRatio": 0.3549816447,
    "totalOtherIncomeExpensesNet": 1538000,
    "incomeBeforeTax": 31901000,
    "incomeBeforeTaxRatio": 0.3729627984,
    "incomeTaxExpense": 8102000,
    "netIncome": 23799000,
    "netIncomeRatio": 0.278240232,
    "eps": 0.11,
    "epsdiluted": 0.11,
    "weightedAverageShsOut": 216484000,
    "weightedAverageShsOutDil": 217216000,
    "link": "https://www.sec.gov/Archives/edgar/data/1121788/000101381601500007/0001013816-01-500007-index.htm",
    "finalLink": "https://www.sec.gov/Archives/edgar/data/1121788/000101381601500007/form10-q_051501.txt"
  },
  {
    "date": "2000-12-30",
    "symbol": "GRMN",
    "reportedCurrency": "USD",
    "cik": "0001121788",
    "fillingDate": "2001-03-30",
    "acceptedDate": "2001-03-30 00:00:00",
    "calendarYear": "2000",
    "period": "Q4",
    "revenue": 85662000,
    "costOfRevenue": 0,
    "grossProfit": 85662000,
    "grossProfitRatio": 1,
    "researchAndDevelopmentExpenses": 0,
    "generalAndAdministrativeExpenses": 0,
    "sellingAndMarketingExpenses": 0,
    "sellingGeneralAndAdministrativeExpenses": 0,
    "otherExpenses": -216448000,
    "operatingExpenses": -216448000,
    "costAndExpenses": -216448000,
    "interestIncome": 0,
    "interestExpense": 0,
    "depreciationAndAmortization": 0,
    "ebitda": -130786000,
    "ebitdaratio": -1.5267679951,
    "operatingIncome": -130786000,
    "operatingIncomeRatio": -1.5267679951,
    "totalOtherIncomeExpensesNet": 0,
    "incomeBeforeTax": 0,
    "incomeBeforeTaxRatio": 0,
    "incomeTaxExpense": -158397000,
    "netIncome": 27611000,
    "netIncomeRatio": 0.3223249516,
    "eps": 0.13,
    "epsdiluted": 0.13,
    "weightedAverageShsOut": 215750000,
    "weightedAverageShsOutDil": 215750000,
    "link": "https://www.sec.gov/Archives/edgar/data/1121788/000101381601000024/0001013816-01-000024-index.htm",
    "finalLink": "https://www.sec.gov/Archives/edgar/data/1121788/000101381601000024/0001013816-01-000024-0001.txt"
  },
  {
    "date": "2000-09-30",
    "symbol": "GRMN",
    "reportedCurrency": "USD",
    "cik": "0001121788",
    "fillingDate": "2000-09-30",
    "acceptedDate": "2000-09-30 00:00:00",
    "calendarYear": "2000",
    "period": "Q3",
    "revenue": 86693000,
    "costOfRevenue": 0,
    "grossProfit": 86693000,
    "grossProfitRatio": 1,
    "researchAndDevelopmentExpenses": 0,
    "generalAndAdministrativeExpenses": 0,
    "sellingAndMarketingExpenses": 0,
    "sellingGeneralAndAdministrativeExpenses": 0,
    "otherExpenses": 0,
    "operatingExpenses": 0,
    "costAndExpenses": 0,
    "interestIncome": 0,
    "interestExpense": 0,
    "depreciationAndAmortization": 0,
    "ebitda": 86693000,
    "ebitdaratio": 1,
    "operatingIncome": 86693000,
    "operatingIncomeRatio": 1,
    "totalOtherIncomeExpensesNet": 0,
    "incomeBeforeTax": 0,
    "incomeBeforeTaxRatio": 0,
    "incomeTaxExpense": 60676000,
    "netIncome": 26017000,
    "netIncomeRatio": 0.3001049681,
    "eps": 0.065,
    "epsdiluted": 0.065,
    "weightedAverageShsOut": 215750000,
    "weightedAverageShsOutDil": 215750000,
    "link": null,
    "finalLink": null
  },
  {
    "date": "2000-06-30",
    "symbol": "GRMN",
    "reportedCurrency": "USD",
    "cik": "0001121788",
    "fillingDate": "2000-06-30",
    "acceptedDate": "2000-06-30 00:00:00",
    "calendarYear": "2000",
    "period": "Q2",
    "revenue": 86693000,
    "costOfRevenue": 0,
    "grossProfit": 86693000,
    "grossProfitRatio": 1,
    "researchAndDevelopmentExpenses": 0,
    "generalAndAdministrativeExpenses": 0,
    "sellingAndMarketingExpenses": 0,
    "sellingGeneralAndAdministrativeExpenses": 0,
    "otherExpenses": 0,
    "operatingExpenses": 0,
    "costAndExpenses": 0,
    "interestIncome": 0,
    "interestExpense": 0,
    "depreciationAndAmortization": 0,
    "ebitda": 86693000,
    "ebitdaratio": 1,
    "operatingIncome": 86693000,
    "operatingIncomeRatio": 1,
    "totalOtherIncomeExpensesNet": 0,
    "incomeBeforeTax": 0,
    "incomeBeforeTaxRatio": 0,
    "incomeTaxExpense": 60676000,
    "netIncome": 26017000,
    "netIncomeRatio": 0.3001049681,
    "eps": 0.065,
    "epsdiluted": 0.065,
    "weightedAverageShsOut": 215750000,
    "weightedAverageShsOutDil": 215750000,
    "link": null,
    "finalLink": null
  },
  {
    "date": "2000-03-31",
    "symbol": "GRMN",
    "reportedCurrency": "USD",
    "cik": "0001121788",
    "fillingDate": "2000-03-31",
    "acceptedDate": "2000-03-31 00:00:00",
    "calendarYear": "2000",
    "period": "Q1",
    "revenue": 86693000,
    "costOfRevenue": 0,
    "grossProfit": 86693000,
    "grossProfitRatio": 1,
    "researchAndDevelopmentExpenses": 0,
    "generalAndAdministrativeExpenses": 0,
    "sellingAndMarketingExpenses": 0,
    "sellingGeneralAndAdministrativeExpenses": 0,
    "otherExpenses": 0,
    "operatingExpenses": 0,
    "costAndExpenses": 0,
    "interestIncome": 0,
    "interestExpense": 0,
    "depreciationAndAmortization": 0,
    "ebitda": 86693000,
    "ebitdaratio": 1,
    "operatingIncome": 86693000,
    "operatingIncomeRatio": 1,
    "totalOtherIncomeExpensesNet": 0,
    "incomeBeforeTax": 0,
    "incomeBeforeTaxRatio": 0,
    "incomeTaxExpense": 60676000,
    "netIncome": 26017000,
    "netIncomeRatio": 0.3001049681,
    "eps": 0.065,
    "epsdiluted": 0.065,
    "weightedAverageShsOut": 215750000,
    "weightedAverageShsOutDil": 215750000,
    "link": null,
    "finalLink": null
  }
]