[
  {
    "date": "2025-06-30",
    "symbol": "GS",
    "reportedCurrency": "USD",
    "cik": "0000886982",
    "fillingDate": "2025-08-01",
    "acceptedDate": "2025-08-01 16:40:51",
    "calendarYear": "2025",
    "period": "Q2",
    "revenue": 31268000000,
    "costOfRevenue": 17069000000,
    "grossProfit": 14199000000,
    "grossProfitRatio": 0.4541064347,
    "researchAndDevelopmentExpenses": 0,
    "generalAndAdministrativeExpenses": 4685000000,
    "sellingAndMarketingExpenses": 167000000,
    "sellingGeneralAndAdministrativeExpenses": 4852000000,
    "otherExpenses": 4389000000,
    "operatingExpenses": 9241000000,
    "costAndExpenses": 26310000000,
    "interestIncome": 19789000000,
    "interestExpense": 16685000000,
    "depreciationAndAmortization": 618000000,
    "ebitda": 2856000000,
    "ebitdaratio": 0.0913393885,
    "operatingIncome": 4958000000,
    "operatingIncomeRatio": 0.1585646668,
    "totalOtherIncomeExpensesNet": 0,
    "incomeBeforeTax": 4958000000,
    "incomeBeforeTaxRatio": 0.1585646668,
    "incomeTaxExpense": 1235000000,
    "netIncome": 3723000000,
    "netIncomeRatio": 0.1190674172,
    "eps": 11.07,
    "epsdiluted": 10.95,
    "weightedAverageShsOut": 313700000,
    "weightedAverageShsOutDil": 318300000,
    "link": "https://www.sec.gov/Archives/edgar/data/886982/000088698225000022/0000886982-25-000022-index.htm",
    "finalLink": "https://www.sec.gov/Archives/edgar/data/886982/000088698225000022/gs-20250630.htm"
  },
  {
    "date": "2025-03-31",
    "symbol": "GS",
    "reportedCurrency": "USD",
    "cik": "0000886982",
    "fillingDate": "2025-05-02",
    "acceptedDate": "2025-05-02 16:53:13",
    "calendarYear": "2025",
    "period": "Q1",
    "revenue": 31550000000,
    "costOfRevenue": 16775000000,
    "grossProfit": 14775000000,
    "grossProfitRatio": 0.4683042789,
    "researchAndDevelopmentExpenses": 0,
    "generalAndAdministrativeExpenses": 4876000000,
    "sellingAndMarketingExpenses": 156000000,
    "sellingGeneralAndAdministrativeExpenses": 5032000000,
    "otherExpenses": 4096000000,
    "operatingExpenses": 9128000000,
    "costAndExpenses": 25903000000,
    "interestIncome": 19383000000,
    "interestExpense": 16488000000,
    "depreciationAndAmortization": 506000000,
    "ebitda": 6153000000,
    "ebitdaratio": 0.1950237718,
    "operatingIncome": 5647000000,
    "operatingIncomeRatio": 0.1789857369,
    "totalOtherIncomeExpensesNet": 0,
    "incomeBeforeTax": 5647000000,
    "incomeBeforeTaxRatio": 0.1789857369,
    "incomeTaxExpense": 909000000,
    "netIncome": 4738000000,
    "netIncomeRatio": 0.1501743265,
    "eps": 14.25,
    "epsdiluted": 14.12,
    "weightedAverageShsOut": 320800000,
    "weightedAverageShsOutDil": 324500000,
    "link": "https://www.sec.gov/Archives/edgar/data/886982/000088698225000009/0000886982-25-000009-index.htm",
    "finalLink": "https://www.sec.gov/Archives/edgar/data/886982/000088698225000009/gs-20250331.htm"
  },
  {
    "date": "2024-12-31",
    "symbol": "GS",
    "reportedCurrency": "USD",
    "cik": "0000886982",
    "fillingDate": "2025-02-27",
    "acceptedDate": "2025-02-27 08:50:25",
    "calendarYear": "2024",
    "period": "Q4",
    "revenue": 32240000000,
    "costOfRevenue": 18722000000,
    "grossProfit": 13518000000,
    "grossProfitRatio": 0.419292804,
    "researchAndDevelopmentExpenses": 0,
    "generalAndAdministrativeExpenses": 3759000000,
    "sellingAndMarketingExpenses": 181000000,
    "sellingGeneralAndAdministrativeExpenses": 3940000000,
    "otherExpenses": 4321000000,
    "operatingExpenses": 8261000000,
    "costAndExpenses": 26983000000,
    "interestIncome": 19954000000,
    "interestExpense": 18371000000,
    "depreciationAndAmortization": 498000000,
    "ebitda": 5755000000,
    "ebitdaratio": 0.1785049628,
    "operatingIncome": 5257000000,
    "operatingIncomeRatio": 0.1630583127,
    "totalOtherIncomeExpensesNet": 0,
    "incomeBeforeTax": 5257000000,
    "incomeBeforeTaxRatio": 0.1630583127,
    "incomeTaxExpense": 1146000000,
    "netIncome": 4111000000,
    "netIncomeRatio": 0.1275124069,
    "eps": 12.17,
    "epsdiluted": 11.95,
    "weightedAverageShsOut": 322400000,
    "weightedAverageShsOutDil": 328400000,
    "link": "https://www.sec.gov/Archives/edgar/data/886982/000088698225000005/0000886982-25-000005-index.htm",
    "finalLink": "https://www.sec.gov/Archives/edgar/data/886982/000088698225000005/gs-20241231.htm"
  },
  {
    "date": "2024-09-30",
    "symbol": "GS",
    "reportedCurrency": "USD",
    "cik": "0000886982",
    "fillingDate": "2024-11-04",
    "acceptedDate": "2024-11-01 18:04:43",
    "calendarYear": "2024",
    "period": "Q3",
    "revenue": 31524000000,
    "costOfRevenue": 19222000000,
    "grossProfit": 12302000000,
    "grossProfitRatio": 0.390242355,
    "researchAndDevelopmentExpenses": 0,
    "generalAndAdministrativeExpenses": 4122000000,
    "sellingAndMarketingExpenses": 159000000,
    "sellingGeneralAndAdministrativeExpenses": 4281000000,
    "otherExpenses": 4034000000,
    "operatingExpenses": 8315000000,
    "costAndExpenses": 27537000000,
    "interestIncome": 21448000000,
    "interestExpense": 18825000000,
    "depreciationAndAmortization": 621000000,
    "ebitda": 4608000000,
    "ebitdaratio": 0.1461743434,
    "operatingIncome": 3987000000,
    "operatingIncomeRatio": 0.1264750666,
    "totalOtherIncomeExpensesNet": 0,
    "incomeBeforeTax": 3987000000,
    "incomeBeforeTaxRatio": 0.1264750666,
    "incomeTaxExpense": 997000000,
    "netIncome": 2990000000,
    "netIncomeRatio": 0.0948483695,
    "eps": 8.52,
    "epsdiluted": 8.4,
    "weightedAverageShsOut": 324800000,
    "weightedAverageShsOutDil": 330800000,
    "link": "https://www.sec.gov/Archives/edgar/data/886982/000088698224000025/0000886982-24-000025-index.htm",
    "finalLink": "https://www.sec.gov/Archives/edgar/data/886982/000088698224000025/gs-20240930.htm"
  },
  {
    "date": "2024-06-30",
    "symbol": "GS",
    "reportedCurrency": "USD",
    "cik": "0000886982",
    "fillingDate": "2024-08-02",
    "acceptedDate": "2024-08-01 18:38:11",
    "calendarYear": "2024",
    "period": "Q2",
    "revenue": 30929000000,
    "costOfRevenue": 18480000000,
    "grossProfit": 12449000000,
    "grossProfitRatio": 0.4025025057,
    "researchAndDevelopmentExpenses": 0,
    "generalAndAdministrativeExpenses": 4240000000,
    "sellingAndMarketingExpenses": 153000000,
    "sellingGeneralAndAdministrativeExpenses": 4393000000,
    "otherExpenses": 4140000000,
    "operatingExpenses": 8533000000,
    "costAndExpenses": 27013000000,
    "interestIncome": 20440000000,
    "interestExpense": 18198000000,
    "depreciationAndAmortization": 646000000,
    "ebitda": 4562000000,
    "ebitdaratio": 0.1474991109,
    "operatingIncome": 3916000000,
    "operatingIncomeRatio": 0.1266125643,
    "totalOtherIncomeExpensesNet": 0,
    "incomeBeforeTax": 3916000000,
    "incomeBeforeTaxRatio": 0.1266125643,
    "incomeTaxExpense": 873000000,
    "netIncome": 3043000000,
    "netIncomeRatio": 0.0983866274,
    "eps": 8.73,
    "epsdiluted": 8.62,
    "weightedAverageShsOut": 329800000,
    "weightedAverageShsOutDil": 335500000,
    "link": "https://www.sec.gov/Archives/edgar/data/886982/000088698224000022/0000886982-24-000022-index.htm",
    "finalLink": "https://www.sec.gov/Archives/edgar/data/886982/000088698224000022/gs-20240630.htm"
  },
  {
    "date": "2024-03-31",
    "symbol": "GS",
    "reportedCurrency": "USD",
    "cik": "0000886982",
    "fillingDate": "2024-05-03",
    "acceptedDate": "2024-05-02 19:05:40",
    "calendarYear": "2024",
    "period": "Q1",
    "revenue": 32160000000,
    "costOfRevenue": 18265000000,
    "grossProfit": 13895000000,
    "grossProfitRatio": 0.4320584577,
    "researchAndDevelopmentExpenses": 0,
    "generalAndAdministrativeExpenses": 4585000000,
    "sellingAndMarketingExpenses": 153000000,
    "sellingGeneralAndAdministrativeExpenses": 4738000000,
    "otherExpenses": 3920000000,
    "operatingExpenses": 8658000000,
    "costAndExpenses": 26923000000,
    "interestIncome": 19555000000,
    "interestExpense": 17947000000,
    "depreciationAndAmortization": 627000000,
    "ebitda": 5864000000,
    "ebitdaratio": 0.1823383085,
    "operatingIncome": 5237000000,
    "operatingIncomeRatio": 0.1628420398,
    "totalOtherIncomeExpensesNet": 0,
    "incomeBeforeTax": 5237000000,
    "incomeBeforeTaxRatio": 0.1628420398,
    "incomeTaxExpense": 1105000000,
    "netIncome": 4132000000,
    "netIncomeRatio": 0.1284825871,
    "eps": 11.67,
    "epsdiluted": 11.58,
    "weightedAverageShsOut": 335600000,
    "weightedAverageShsOutDil": 339500000,
    "link": "https://www.sec.gov/Archives/edgar/data/886982/000088698224000016/0000886982-24-000016-index.htm",
    "finalLink": "https://www.sec.gov/Archives/edgar/data/886982/000088698224000016/gs-20240331.htm"
  },
  {
    "date": "2023-12-31",
    "symbol": "GS",
    "reportedCurrency": "USD",
    "cik": "0000886982",
    "fillingDate": "2024-02-28",
    "acceptedDate": "2024-02-27 21:46:02",
    "calendarYear": "2023",
    "period": "Q4",
    "revenue": 28463000000,
    "costOfRevenue": 17722000000,
    "grossProfit": 10741000000,
    "grossProfitRatio": 0.3773671082,
    "researchAndDevelopmentExpenses": 0,
    "generalAndAdministrativeExpenses": 3602000000,
    "sellingAndMarketingExpenses": 175000000,
    "sellingGeneralAndAdministrativeExpenses": 3777000000,
    "otherExpenses": 4710000000,
    "operatingExpenses": 8487000000,
    "costAndExpenses": 26209000000,
    "interestIncome": 18484000000,
    "interestExpense": 17145000000,
    "depreciationAndAmortization": 780000000,
    "ebitda": 3034000000,
    "ebitdaratio": 0.1065945262,
    "operatingIncome": 2254000000,
    "operatingIncomeRatio": 0.0791905281,
    "totalOtherIncomeExpensesNet": 0,
    "incomeBeforeTax": 2254000000,
    "incomeBeforeTaxRatio": 0.0791905281,
    "incomeTaxExpense": 246000000,
    "netIncome": 2008000000,
    "netIncomeRatio": 0.0705477286,
    "eps": 5.52,
    "epsdiluted": 5.48,
    "weightedAverageShsOut": 335700000,
    "weightedAverageShsOutDil": 340900000,
    "link": "https://www.sec.gov/Archives/edgar/data/886982/000088698224000012/0000886982-24-000012-index.htm",
    "finalLink": "https://www.sec.gov/Archives/edgar/data/886982/000088698224000012/gs-20231231.htm"
  },
  {
    "date": "2023-09-30",
    "symbol": "GS",
    "reportedCurrency": "USD",
    "cik": "0000886982",
    "fillingDate": "2023-11-03",
    "acceptedDate": "2023-11-03 16:35:10",
    "calendarYear": "2023",
    "period": "Q3",
    "revenue": 28527000000,
    "costOfRevenue": 16717000000,
    "grossProfit": 11810000000,
    "grossProfitRatio": 0.4139937603,
    "researchAndDevelopmentExpenses": 0,
    "generalAndAdministrativeExpenses": 4188000000,
    "sellingAndMarketingExpenses": 136000000,
    "sellingGeneralAndAdministrativeExpenses": 4324000000,
    "otherExpenses": 4730000000,
    "operatingExpenses": 9054000000,
    "costAndExpenses": 25771000000,
    "interestIncome": 18257000000,
    "interestExpense": 16710000000,
    "depreciationAndAmortization": 1512000000,
    "ebitda": 4268000000,
    "ebitdaratio": 0.1496126477,
    "operatingIncome": 2756000000,
    "operatingIncomeRatio": 0.0966102289,
    "totalOtherIncomeExpensesNet": 0,
    "incomeBeforeTax": 2756000000,
    "incomeBeforeTaxRatio": 0.0966102289,
    "incomeTaxExpense": 698000000,
    "netIncome": 2058000000,
    "netIncomeRatio": 0.0721421811,
    "eps": 5.52,
    "epsdiluted": 5.47,
    "weightedAverageShsOut": 338700000,
    "weightedAverageShsOutDil": 343900000,
    "link": "https://www.sec.gov/Archives/edgar/data/886982/000088698223000011/0000886982-23-000011-index.htm",
    "finalLink": "https://www.sec.gov/Archives/edgar/data/886982/000088698223000011/gs-20230930.htm"
  },
  {
    "date": "2023-06-30",
    "symbol": "GS",
    "reportedCurrency": "USD",
    "cik": "0000886982",
    "fillingDate": "2023-08-03",
    "acceptedDate": "2023-08-02 18:05:50",
    "calendarYear": "2023",
    "period": "Q2",
    "revenue": 26047000000,
    "costOfRevenue": 15767000000,
    "grossProfit": 10280000000,
    "grossProfitRatio": 0.3946711713,
    "researchAndDevelopmentExpenses": 0,
    "generalAndAdministrativeExpenses": 3619000000,
    "sellingAndMarketingExpenses": 146000000,
    "sellingGeneralAndAdministrativeExpenses": 3765000000,
    "otherExpenses": 4779000000,
    "operatingExpenses": 8544000000,
    "costAndExpenses": 24311000000,
    "interestIncome": 16836000000,
    "interestExpense": 15152000000,
    "depreciationAndAmortization": 1594000000,
    "ebitda": 3330000000,
    "ebitdaratio": 0.1278458172,
    "operatingIncome": 1736000000,
    "operatingIncomeRatio": 0.0666487503,
    "totalOtherIncomeExpensesNet": 0,
    "incomeBeforeTax": 1736000000,
    "incomeBeforeTaxRatio": 0.0666487503,
    "incomeTaxExpense": 520000000,
    "netIncome": 1216000000,
    "netIncomeRatio": 0.0466848389,
    "eps": 3.13,
    "epsdiluted": 3.08,
    "weightedAverageShsOut": 342300000,
    "weightedAverageShsOutDil": 347200000,
    "link": "https://www.sec.gov/Archives/edgar/data/886982/000088698223000008/0000886982-23-000008-index.htm",
    "finalLink": "https://www.sec.gov/Archives/edgar/data/886982/000088698223000008/gs-20230630.htm"
  },
  {
    "date": "2023-03-31",
    "symbol": "GS",
    "reportedCurrency": "USD",
    "cik": "0000886982",
    "fillingDate": "2023-05-04",
    "acceptedDate": "2023-05-03 18:05:18",
    "calendarYear": "2023",
    "period": "Q1",
    "revenue": 25381000000,
    "costOfRevenue": 12986000000,
    "grossProfit": 12395000000,
    "grossProfitRatio": 0.4883574327,
    "researchAndDevelopmentExpenses": 0,
    "generalAndAdministrativeExpenses": 4090000000,
    "sellingAndMarketingExpenses": 172000000,
    "sellingGeneralAndAdministrativeExpenses": 4262000000,
    "otherExpenses": 4140000000,
    "operatingExpenses": 8402000000,
    "costAndExpenses": 21388000000,
    "interestIncome": 14938000000,
    "interestExpense": 13157000000,
    "depreciationAndAmortization": 970000000,
    "ebitda": 4963000000,
    "ebitdaratio": 0.1955399708,
    "operatingIncome": 3993000000,
    "operatingIncomeRatio": 0.1573224065,
    "totalOtherIncomeExpensesNet": 0,
    "incomeBeforeTax": 3993000000,
    "incomeBeforeTaxRatio": 0.1573224065,
    "incomeTaxExpense": 759000000,
    "netIncome": 3234000000,
    "netIncomeRatio": 0.1274181474,
    "eps": 8.91,
    "epsdiluted": 8.79,
    "weightedAverageShsOut": 346600000,
    "weightedAverageShsOutDil": 351300000,
    "link": "https://www.sec.gov/Archives/edgar/data/886982/000088698223000005/0000886982-23-000005-index.htm",
    "finalLink": "https://www.sec.gov/Archives/edgar/data/886982/000088698223000005/gs-20230331.htm"
  },
  {
    "date": "2022-12-31",
    "symbol": "GS",
    "reportedCurrency": "USD",
    "cik": "0000886982",
    "fillingDate": "2023-02-24",
    "acceptedDate": "2023-02-23 19:58:16",
    "calendarYear": "2022",
    "period": "Q4",
    "revenue": 20930000000,
    "costOfRevenue": 11309000000,
    "grossProfit": 9621000000,
    "grossProfitRatio": 0.4596751075,
    "researchAndDevelopmentExpenses": 0,
    "generalAndAdministrativeExpenses": 3764000000,
    "sellingAndMarketingExpenses": 216000000,
    "sellingGeneralAndAdministrativeExpenses": 3980000000,
    "otherExpenses": 4111000000,
    "operatingExpenses": 8091000000,
    "costAndExpenses": 19400000000,
    "interestIncome": 12411000000,
    "interestExpense": 10337000000,
    "depreciationAndAmortization": 727000000,
    "ebitda": 2257000000,
    "ebitdaratio": 0.1078356426,
    "operatingIncome": 1530000000,
    "operatingIncomeRatio": 0.0731008122,
    "totalOtherIncomeExpensesNet": 0,
    "incomeBeforeTax": 1530000000,
    "incomeBeforeTaxRatio": 0.0731008122,
    "incomeTaxExpense": 204000000,
    "netIncome": 1326000000,
    "netIncomeRatio": 0.0633540373,
    "eps": 3.39,
    "epsdiluted": 3.32,
    "weightedAverageShsOut": 349500000,
    "weightedAverageShsOutDil": 356700000,
    "link": "https://www.sec.gov/Archives/edgar/data/886982/000088698223000003/0000886982-23-000003-index.htm",
    "finalLink": "https://www.sec.gov/Archives/edgar/data/886982/000088698223000003/gs-20221231.htm"
  },
  {
    "date": "2022-09-30",
    "symbol": "GS",
    "reportedCurrency": "USD",
    "cik": "0000886982",
    "fillingDate": "2022-11-03",
    "acceptedDate": "2022-11-02 18:10:30",
    "calendarYear": "2022",
    "period": "Q3",
    "revenue": 18482000000,
    "costOfRevenue": 7022000000,
    "grossProfit": 11460000000,
    "grossProfitRatio": 0.6200627638,
    "researchAndDevelopmentExpenses": 0,
    "generalAndAdministrativeExpenses": 3606000000,
    "sellingAndMarketingExpenses": 199000000,
    "sellingGeneralAndAdministrativeExpenses": 3805000000,
    "otherExpenses": 3899000000,
    "operatingExpenses": 7704000000,
    "costAndExpenses": 14726000000,
    "interestIncome": 8550000000,
    "interestExpense": 6507000000,
    "depreciationAndAmortization": 666000000,
    "ebitda": 4422000000,
    "ebitdaratio": 0.2392598204,
    "operatingIncome": 3756000000,
    "operatingIncomeRatio": 0.2032247592,
    "totalOtherIncomeExpensesNet": 0,
    "incomeBeforeTax": 3756000000,
    "incomeBeforeTaxRatio": 0.2032247592,
    "incomeTaxExpense": 687000000,
    "netIncome": 3069000000,
    "netIncomeRatio": 0.1660534574,
    "eps": 8.4,
    "epsdiluted": 8.25,
    "weightedAverageShsOut": 352799996,
    "weightedAverageShsOutDil": 359199996,
    "link": "https://www.sec.gov/Archives/edgar/data/886982/000088698222000002/0000886982-22-000002-index.htm",
    "finalLink": "https://www.sec.gov/Archives/edgar/data/886982/000088698222000002/gs-20220930.htm"
  },
  {
    "date": "2022-06-30",
    "symbol": "GS",
    "reportedCurrency": "USD",
    "cik": "0000886982",
    "fillingDate": "2022-08-04",
    "acceptedDate": "2022-08-03 17:59:20",
    "calendarYear": "2022",
    "period": "Q2",
    "revenue": 14981000000,
    "costOfRevenue": 3784000000,
    "grossProfit": 11197000000,
    "grossProfitRatio": 0.7474133903,
    "researchAndDevelopmentExpenses": 0,
    "generalAndAdministrativeExpenses": 3695000000,
    "sellingAndMarketingExpenses": 235000000,
    "sellingGeneralAndAdministrativeExpenses": 3930000000,
    "otherExpenses": 3723000000,
    "operatingExpenses": 7653000000,
    "costAndExpenses": 11437000000,
    "interestIncome": 4851000000,
    "interestExpense": 3117000000,
    "depreciationAndAmortization": 570000000,
    "ebitda": 4114000000,
    "ebitdaratio": 0.2746145117,
    "operatingIncome": 3544000000,
    "operatingIncomeRatio": 0.2365663173,
    "totalOtherIncomeExpensesNet": 0,
    "incomeBeforeTax": 3544000000,
    "incomeBeforeTaxRatio": 0.2365663173,
    "incomeTaxExpense": 617000000,
    "netIncome": 2927000000,
    "netIncomeRatio": 0.1953808157,
    "eps": 7.81,
    "epsdiluted": 7.73,
    "weightedAverageShsOut": 354999996,
    "weightedAverageShsOutDil": 360499996,
    "link": "https://www.sec.gov/Archives/edgar/data/886982/000119312522211433/0001193125-22-211433-index.htm",
    "finalLink": "https://www.sec.gov/Archives/edgar/data/886982/000119312522211433/d347183d10q.htm"
  },
  {
    "date": "2022-03-31",
    "symbol": "GS",
    "reportedCurrency": "USD",
    "cik": "0000886982",
    "fillingDate": "2022-05-02",
    "acceptedDate": "2022-04-29 18:08:43",
    "calendarYear": "2022",
    "period": "Q1",
    "revenue": 14318000000,
    "costOfRevenue": 1946000000,
    "grossProfit": 12372000000,
    "grossProfitRatio": 0.864087163,
    "researchAndDevelopmentExpenses": 0,
    "generalAndAdministrativeExpenses": 4083000000,
    "sellingAndMarketingExpenses": 162000000,
    "sellingGeneralAndAdministrativeExpenses": 4245000000,
    "otherExpenses": 3471000000,
    "operatingExpenses": 7716000000,
    "costAndExpenses": 9662000000,
    "interestIncome": 3212000000,
    "interestExpense": 1385000000,
    "depreciationAndAmortization": 492000000,
    "ebitda": 5148000000,
    "ebitdaratio": 0.3595474228,
    "operatingIncome": 4656000000,
    "operatingIncomeRatio": 0.3251850817,
    "totalOtherIncomeExpensesNet": 0,
    "incomeBeforeTax": 4656000000,
    "incomeBeforeTaxRatio": 0.3251850817,
    "incomeTaxExpense": 717000000,
    "netIncome": 3939000000,
    "netIncomeRatio": 0.2751082553,
    "eps": 10.91,
    "epsdiluted": 10.76,
    "weightedAverageShsOut": 351199996,
    "weightedAverageShsOutDil": 355899996,
    "link": "https://www.sec.gov/Archives/edgar/data/886982/000119312522134459/0001193125-22-134459-index.htm",
    "finalLink": "https://www.sec.gov/Archives/edgar/data/886982/000119312522134459/d475438d10q.htm"
  },
  {
    "date": "2021-12-31",
    "symbol": "GS",
    "reportedCurrency": "USD",
    "cik": "0000886982",
    "fillingDate": "2022-02-25",
    "acceptedDate": "2022-02-24 21:09:11",
    "calendarYear": "2021",
    "period": "Q4",
    "revenue": 13854000000,
    "costOfRevenue": 1559000000,
    "grossProfit": 12295000000,
    "grossProfitRatio": 0.8874693229,
    "researchAndDevelopmentExpenses": 0,
    "generalAndAdministrativeExpenses": 3246000000,
    "sellingAndMarketingExpenses": 193000000,
    "sellingGeneralAndAdministrativeExpenses": 3439000000,
    "otherExpenses": 3831000000,
    "operatingExpenses": 7270000000,
    "costAndExpenses": 8829000000,
    "interestIncome": 3010000000,
    "interestExpense": 1215000000,
    "depreciationAndAmortization": 488000000,
    "ebitda": 5513000000,
    "ebitdaratio": 0.3979356143,
    "operatingIncome": 5025000000,
    "operatingIncomeRatio": 0.3627111304,
    "totalOtherIncomeExpensesNet": 0,
    "incomeBeforeTax": 5025000000,
    "incomeBeforeTaxRatio": 0.3627111304,
    "incomeTaxExpense": 1090000000,
    "netIncome": 3935000000,
    "netIncomeRatio": 0.2840334921,
    "eps": 11.17,
    "epsdiluted": 11.17,
    "weightedAverageShsOut": 346599996,
    "weightedAverageShsOutDil": 352299996,
    "link": "https://www.sec.gov/Archives/edgar/data/886982/000119312522052682/0001193125-22-052682-index.htm",
    "finalLink": "https://www.sec.gov/Archives/edgar/data/886982/000119312522052682/d192225d10k.htm"
  },
  {
    "date": "2021-09-30",
    "symbol": "GS",
    "reportedCurrency": "USD",
    "cik": "0000886982",
    "fillingDate": "2021-11-01",
    "acceptedDate": "2021-10-29 18:13:57",
    "calendarYear": "2021",
    "period": "Q3",
    "revenue": 15161000000,
    "costOfRevenue": 1728000000,
    "grossProfit": 13433000000,
    "grossProfitRatio": 0.8860233494,
    "researchAndDevelopmentExpenses": 0,
    "generalAndAdministrativeExpenses": 3167000000,
    "sellingAndMarketingExpenses": 165000000,
    "sellingGeneralAndAdministrativeExpenses": 3332000000,
    "otherExpenses": 3259000000,
    "operatingExpenses": 6591000000,
    "costAndExpenses": 8319000000,
    "interestIncome": 3117000000,
    "interestExpense": 1553000000,
    "depreciationAndAmortization": 509000000,
    "ebitda": 7351000000,
    "ebitdaratio": 0.4848624761,
    "operatingIncome": 6842000000,
    "operatingIncomeRatio": 0.4512894928,
    "totalOtherIncomeExpensesNet": 0,
    "incomeBeforeTax": 6842000000,
    "incomeBeforeTaxRatio": 0.4512894928,
    "incomeTaxExpense": 1464000000,
    "netIncome": 5378000000,
    "netIncomeRatio": 0.3547259416,
    "eps": 15.2,
    "epsdiluted": 15.2,
    "weightedAverageShsOut": 348299996,
    "weightedAverageShsOutDil": 353899996,
    "link": "https://www.sec.gov/Archives/edgar/data/886982/000119312521313689/0001193125-21-313689-index.htm",
    "finalLink": "https://www.sec.gov/Archives/edgar/data/886982/000119312521313689/d227439d10q.htm"
  },
  {
    "date": "2021-06-30",
    "symbol": "GS",
    "reportedCurrency": "USD",
    "cik": "0000886982",
    "fillingDate": "2021-08-04",
    "acceptedDate": "2021-08-03 19:45:15",
    "calendarYear": "2021",
    "period": "Q2",
    "revenue": 16698000000,
    "costOfRevenue": 1218000000,
    "grossProfit": 15480000000,
    "grossProfitRatio": 0.9270571326,
    "researchAndDevelopmentExpenses": 0,
    "generalAndAdministrativeExpenses": 5263000000,
    "sellingAndMarketingExpenses": 115000000,
    "sellingGeneralAndAdministrativeExpenses": 5378000000,
    "otherExpenses": 3262000000,
    "operatingExpenses": 8640000000,
    "costAndExpenses": 9858000000,
    "interestIncome": 2939000000,
    "interestExpense": 1310000000,
    "depreciationAndAmortization": 520000000,
    "ebitda": 7360000000,
    "ebitdaratio": 0.4407713499,
    "operatingIncome": 6840000000,
    "operatingIncomeRatio": 0.4096298958,
    "totalOtherIncomeExpensesNet": 0,
    "incomeBeforeTax": 6840000000,
    "incomeBeforeTaxRatio": 0.4096298958,
    "incomeTaxExpense": 1354000000,
    "netIncome": 5486000000,
    "netIncomeRatio": 0.3285423404,
    "eps": 15.41,
    "epsdiluted": 15.41,
    "weightedAverageShsOut": 350799996,
    "weightedAverageShsOutDil": 355999996,
    "link": "https://www.sec.gov/Archives/edgar/data/886982/000119312521235309/0001193125-21-235309-index.htm",
    "finalLink": "https://www.sec.gov/Archives/edgar/data/886982/000119312521235309/d188698d10q.htm"
  },
  {
    "date": "2021-03-31",
    "symbol": "GS",
    "reportedCurrency": "USD",
    "cik": "0000886982",
    "fillingDate": "2021-05-04",
    "acceptedDate": "2021-05-03 19:34:14",
    "calendarYear": "2021",
    "period": "Q1",
    "revenue": 19276000000,
    "costOfRevenue": 1502000000,
    "grossProfit": 17774000000,
    "grossProfitRatio": 0.9220792696,
    "researchAndDevelopmentExpenses": 0,
    "generalAndAdministrativeExpenses": 6043000000,
    "sellingAndMarketingExpenses": 80000000,
    "sellingGeneralAndAdministrativeExpenses": 6123000000,
    "otherExpenses": 3314000000,
    "operatingExpenses": 9437000000,
    "costAndExpenses": 10939000000,
    "interestIncome": 3054000000,
    "interestExpense": 1572000000,
    "depreciationAndAmortization": 498000000,
    "ebitda": 8835000000,
    "ebitdaratio": 0.4583419797,
    "operatingIncome": 8337000000,
    "operatingIncomeRatio": 0.4325067441,
    "totalOtherIncomeExpensesNet": 0,
    "incomeBeforeTax": 8337000000,
    "incomeBeforeTaxRatio": 0.4325067441,
    "incomeTaxExpense": 1501000000,
    "netIncome": 6836000000,
    "netIncomeRatio": 0.3546378917,
    "eps": 18.94,
    "epsdiluted": 18.94,
    "weightedAverageShsOut": 356599996,
    "weightedAverageShsOutDil": 360899996,
    "link": "https://www.sec.gov/Archives/edgar/data/886982/000119312521148444/0001193125-21-148444-index.htm",
    "finalLink": "https://www.sec.gov/Archives/edgar/data/886982/000119312521148444/d114194d10q.htm"
  },
  {
    "date": "2020-12-31",
    "symbol": "GS",
    "reportedCurrency": "USD",
    "cik": "0000886982",
    "fillingDate": "2021-02-22",
    "acceptedDate": "2021-02-19 21:16:45",
    "calendarYear": "2020",
    "period": "Q4",
    "revenue": 13304000000,
    "costOfRevenue": 1856000000,
    "grossProfit": 11448000000,
    "grossProfitRatio": 0.8604930848,
    "researchAndDevelopmentExpenses": 0,
    "generalAndAdministrativeExpenses": 2479000000,
    "sellingAndMarketingExpenses": 89000000,
    "sellingGeneralAndAdministrativeExpenses": 2568000000,
    "otherExpenses": 3339000000,
    "operatingExpenses": 5907000000,
    "costAndExpenses": 7763000000,
    "interestIncome": 2973000000,
    "interestExpense": 1563000000,
    "depreciationAndAmortization": 498000000,
    "ebitda": 6039000000,
    "ebitdaratio": 0.453923632,
    "operatingIncome": 5541000000,
    "operatingIncomeRatio": 0.4164912808,
    "totalOtherIncomeExpensesNet": 0,
    "incomeBeforeTax": 5541000000,
    "incomeBeforeTaxRatio": 0.4164912808,
    "incomeTaxExpense": 1035000000,
    "netIncome": 4506000000,
    "netIncomeRatio": 0.3386951293,
    "eps": 12.48,
    "epsdiluted": 12.48,
    "weightedAverageShsOut": 355999996,
    "weightedAverageShsOutDil": 360999996,
    "link": "https://www.sec.gov/Archives/edgar/data/886982/000119312521049380/0001193125-21-049380-index.htm",
    "finalLink": "https://www.sec.gov/Archives/edgar/data/886982/000119312521049380/d39654d10k.htm"
  },
  {
    "date": "2020-09-30",
    "symbol": "GS",
    "reportedCurrency": "USD",
    "cik": "0000886982",
    "fillingDate": "2020-11-02",
    "acceptedDate": "2020-10-30 21:40:33",
    "calendarYear": "2020",
    "period": "Q3",
    "revenue": 12629000000,
    "costOfRevenue": 2126000000,
    "grossProfit": 10503000000,
    "grossProfitRatio": 0.8316572967,
    "researchAndDevelopmentExpenses": 0,
    "generalAndAdministrativeExpenses": 3117000000,
    "sellingAndMarketingExpenses": 70000000,
    "sellingGeneralAndAdministrativeExpenses": 3187000000,
    "otherExpenses": 3017000000,
    "operatingExpenses": 6204000000,
    "costAndExpenses": 8330000000,
    "interestIncome": 2932000000,
    "interestExpense": 1848000000,
    "depreciationAndAmortization": 468000000,
    "ebitda": 4767000000,
    "ebitdaratio": 0.3774645657,
    "operatingIncome": 4299000000,
    "operatingIncomeRatio": 0.3404069998,
    "totalOtherIncomeExpensesNet": 0,
    "incomeBeforeTax": 4299000000,
    "incomeBeforeTaxRatio": 0.3404069998,
    "incomeTaxExpense": 932000000,
    "netIncome": 3367000000,
    "netIncomeRatio": 0.2666085993,
    "eps": 9.07,
    "epsdiluted": 8.98,
    "weightedAverageShsOut": 355900000,
    "weightedAverageShsOutDil": 359900000,
    "link": "https://www.sec.gov/Archives/edgar/data/886982/000119312520282987/0001193125-20-282987-index.htm",
    "finalLink": "https://www.sec.gov/Archives/edgar/data/886982/000119312520282987/d25996d10q.htm"
  },
  {
    "date": "2020-06-30",
    "symbol": "GS",
    "reportedCurrency": "USD",
    "cik": "0000886982",
    "fillingDate": "2020-08-07",
    "acceptedDate": "2020-08-06 19:48:01",
    "calendarYear": "2020",
    "period": "Q2",
    "revenue": 15385000000,
    "costOfRevenue": 3680000000,
    "grossProfit": 11705000000,
    "grossProfitRatio": 0.7608059799,
    "researchAndDevelopmentExpenses": 0,
    "generalAndAdministrativeExpenses": 4478000000,
    "sellingAndMarketingExpenses": 89000000,
    "sellingGeneralAndAdministrativeExpenses": 4567000000,
    "otherExpenses": 5847000000,
    "operatingExpenses": 10414000000,
    "costAndExpenses": 14094000000,
    "interestIncome": 3034000000,
    "interestExpense": 2090000000,
    "depreciationAndAmortization": 499000000,
    "ebitda": 1790000000,
    "ebitdaratio": 0.1163470913,
    "operatingIncome": 1291000000,
    "operatingIncomeRatio": 0.0839129022,
    "totalOtherIncomeExpensesNet": 0,
    "incomeBeforeTax": 1291000000,
    "incomeBeforeTaxRatio": 0.0839129022,
    "incomeTaxExpense": 918000000,
    "netIncome": 373000000,
    "netIncomeRatio": 0.0242443939,
    "eps": 1.05,
    "epsdiluted": 1.04,
    "weightedAverageShsOut": 355699996,
    "weightedAverageShsOutDil": 359099996,
    "link": "https://www.sec.gov/Archives/edgar/data/886982/000119312520212201/0001193125-20-212201-index.htm",
    "finalLink": "https://www.sec.gov/Archives/edgar/data/886982/000119312520212201/d920934d10q.htm"
  },
  {
    "date": "2020-03-31",
    "symbol": "GS",
    "reportedCurrency": "USD",
    "cik": "0000886982",
    "fillingDate": "2020-05-01",
    "acceptedDate": "2020-04-30 19:30:05",
    "calendarYear": "2020",
    "period": "Q1",
    "revenue": 12179000000,
    "costOfRevenue": 4374000000,
    "grossProfit": 7805000000,
    "grossProfitRatio": 0.6408572132,
    "researchAndDevelopmentExpenses": 0,
    "generalAndAdministrativeExpenses": 3235000000,
    "sellingAndMarketingExpenses": 153000000,
    "sellingGeneralAndAdministrativeExpenses": 3388000000,
    "otherExpenses": 3069000000,
    "operatingExpenses": 6457000000,
    "costAndExpenses": 10831000000,
    "interestIncome": 4750000000,
    "interestExpense": 3437000000,
    "depreciationAndAmortization": 437000000,
    "ebitda": 1785000000,
    "ebitdaratio": 0.1465637573,
    "operatingIncome": 1348000000,
    "operatingIncomeRatio": 0.110682322,
    "totalOtherIncomeExpensesNet": 0,
    "incomeBeforeTax": 1348000000,
    "incomeBeforeTaxRatio": 0.110682322,
    "incomeTaxExpense": 135000000,
    "netIncome": 1213000000,
    "netIncomeRatio": 0.0995976681,
    "eps": 3.12,
    "epsdiluted": 3.11,
    "weightedAverageShsOut": 358000000,
    "weightedAverageShsOutDil": 361100000,
    "link": "https://www.sec.gov/Archives/edgar/data/886982/000119312520129324/0001193125-20-129324-index.htm",
    "finalLink": "https://www.sec.gov/Archives/edgar/data/886982/000119312520129324/d907802d10q.htm"
  },
  {
    "date": "2019-12-31",
    "symbol": "GS",
    "reportedCurrency": "USD",
    "cik": "0000886982",
    "fillingDate": "2020-02-21",
    "acceptedDate": "2020-02-20 21:09:56",
    "calendarYear": "2019",
    "period": "Q4",
    "revenue": 13792000000,
    "costOfRevenue": 4193000000,
    "grossProfit": 9599000000,
    "grossProfitRatio": 0.6959831787,
    "researchAndDevelopmentExpenses": 0,
    "generalAndAdministrativeExpenses": 3046000000,
    "sellingAndMarketingExpenses": 200000000,
    "sellingGeneralAndAdministrativeExpenses": 3246000000,
    "otherExpenses": 4032000000,
    "operatingExpenses": 7278000000,
    "costAndExpenses": 11471000000,
    "interestIncome": 4922000000,
    "interestExpense": 3857000000,
    "depreciationAndAmortization": 464000000,
    "ebitda": 2785000000,
    "ebitdaratio": 0.2019286543,
    "operatingIncome": 2321000000,
    "operatingIncomeRatio": 0.1682859629,
    "totalOtherIncomeExpensesNet": 0,
    "incomeBeforeTax": 2321000000,
    "incomeBeforeTaxRatio": 0.1682859629,
    "incomeTaxExpense": 404000000,
    "netIncome": 1917000000,
    "netIncomeRatio": 0.1389936195,
    "eps": 4.74,
    "epsdiluted": 4.69,
    "weightedAverageShsOut": 362400000,
    "weightedAverageShsOutDil": 367300000,
    "link": "https://www.sec.gov/Archives/edgar/data/886982/000119312520043853/0001193125-20-043853-index.html",
    "finalLink": "https://www.sec.gov/Archives/edgar/data/886982/000119312520043853/d826673d10k.htm"
  },
  {
    "date": "2019-09-30",
    "symbol": "GS",
    "reportedCurrency": "USD",
    "cik": "0000886982",
    "fillingDate": "2019-11-01",
    "acceptedDate": "2019-10-31 18:43:06",
    "calendarYear": "2019",
    "period": "Q3",
    "revenue": 12774000000,
    "costOfRevenue": 4742000000,
    "grossProfit": 8032000000,
    "grossProfitRatio": 0.6287772037,
    "researchAndDevelopmentExpenses": 0,
    "generalAndAdministrativeExpenses": 2731000000,
    "sellingAndMarketingExpenses": 169000000,
    "sellingGeneralAndAdministrativeExpenses": 2900000000,
    "otherExpenses": 2716000000,
    "operatingExpenses": 5616000000,
    "costAndExpenses": 10358000000,
    "interestIncome": 5459000000,
    "interestExpense": 4451000000,
    "depreciationAndAmortization": 473000000,
    "ebitda": 2889000000,
    "ebitdaratio": 0.2261625176,
    "operatingIncome": 2416000000,
    "operatingIncomeRatio": 0.1891341788,
    "totalOtherIncomeExpensesNet": 0,
    "incomeBeforeTax": 2416000000,
    "incomeBeforeTaxRatio": 0.1891341788,
    "incomeTaxExpense": 539000000,
    "netIncome": 1877000000,
    "netIncomeRatio": 0.146939095,
    "eps": 5.01,
    "epsdiluted": 5.01,
    "weightedAverageShsOut": 369999996,
    "weightedAverageShsOutDil": 374299996,
    "link": "https://www.sec.gov/Archives/edgar/data/886982/000119312519280752/0001193125-19-280752-index.html",
    "finalLink": "https://www.sec.gov/Archives/edgar/data/886982/000119312519280752/d790566d10q.htm"
  },
  {
    "date": "2019-06-30",
    "symbol": "GS",
    "reportedCurrency": "USD",
    "cik": "0000886982",
    "fillingDate": "2019-06-30",
    "acceptedDate": "2019-06-30 00:00:00",
    "calendarYear": "2019",
    "period": "Q2",
    "revenue": 14150000000,
    "costOfRevenue": 4903000000,
    "grossProfit": 9247000000,
    "grossProfitRatio": 0.6534982332,
    "researchAndDevelopmentExpenses": 0,
    "generalAndAdministrativeExpenses": 3317000000,
    "sellingAndMarketingExpenses": 186000000,
    "sellingGeneralAndAdministrativeExpenses": 3503000000,
    "otherExpenses": 2617000000,
    "operatingExpenses": 6120000000,
    "costAndExpenses": 11023000000,
    "interestIncome": 5760000000,
    "interestExpense": 4689000000,
    "depreciationAndAmortization": 399000000,
    "ebitda": 3526000000,
    "ebitdaratio": 0.2491872792,
    "operatingIncome": 3127000000,
    "operatingIncomeRatio": 0.2209893993,
    "totalOtherIncomeExpensesNet": 0,
    "incomeBeforeTax": 3127000000,
    "incomeBeforeTaxRatio": 0.2209893993,
    "incomeTaxExpense": 706000000,
    "netIncome": 2421000000,
    "netIncomeRatio": 0.1710954064,
    "eps": 5.86,
    "epsdiluted": 5.81,
    "weightedAverageShsOut": 374500000,
    "weightedAverageShsOutDil": 378000000,
    "link": null,
    "finalLink": null
  },
  {
    "date": "2019-03-31",
    "symbol": "GS",
    "reportedCurrency": "USD",
    "cik": "0000886982",
    "fillingDate": "2019-05-06",
    "acceptedDate": "2019-05-03 20:02:30",
    "calendarYear": "2019",
    "period": "Q1",
    "revenue": 13186000000,
    "costOfRevenue": 4603000000,
    "grossProfit": 8583000000,
    "grossProfitRatio": 0.6509176399,
    "researchAndDevelopmentExpenses": 0,
    "generalAndAdministrativeExpenses": 3259000000,
    "sellingAndMarketingExpenses": 184000000,
    "sellingGeneralAndAdministrativeExpenses": 3443000000,
    "otherExpenses": 2421000000,
    "operatingExpenses": 5864000000,
    "costAndExpenses": 10467000000,
    "interestIncome": 5597000000,
    "interestExpense": 4379000000,
    "depreciationAndAmortization": 368000000,
    "ebitda": 3087000000,
    "ebitdaratio": 0.2341119369,
    "operatingIncome": 2719000000,
    "operatingIncomeRatio": 0.2062035492,
    "totalOtherIncomeExpensesNet": 0,
    "incomeBeforeTax": 2719000000,
    "incomeBeforeTaxRatio": 0.2062035492,
    "incomeTaxExpense": 468000000,
    "netIncome": 2251000000,
    "netIncomeRatio": 0.1707113605,
    "eps": 5.89,
    "epsdiluted": 5.89,
    "weightedAverageShsOut": 379799996,
    "weightedAverageShsOutDil": 382399996,
    "link": "https://www.sec.gov/Archives/edgar/data/886982/000119312519137184/0001193125-19-137184-index.html",
    "finalLink": "https://www.sec.gov/Archives/edgar/data/886982/000119312519137184/d729034d10q.htm"
  },
  {
    "date": "2018-12-31",
    "symbol": "GS",
    "reportedCurrency": "USD",
    "cik": "0000886982",
    "fillingDate": "2019-02-26",
    "acceptedDate": "2019-02-25 19:51:24",
    "calendarYear": "2018",
    "period": "Q4",
    "revenue": 13009000000,
    "costOfRevenue": 4477000000,
    "grossProfit": 8532000000,
    "grossProfitRatio": 0.6558536398,
    "researchAndDevelopmentExpenses": 0,
    "generalAndAdministrativeExpenses": 1656000000,
    "sellingAndMarketingExpenses": 208000000,
    "sellingGeneralAndAdministrativeExpenses": 1864000000,
    "otherExpenses": 3960000000,
    "operatingExpenses": 5824000000,
    "costAndExpenses": 10301000000,
    "interestIncome": 5468000000,
    "interestExpense": 4477000000,
    "depreciationAndAmortization": 377000000,
    "ebitda": 3085000000,
    "ebitdaratio": 0.237143516,
    "operatingIncome": 2708000000,
    "operatingIncomeRatio": 0.2081635791,
    "totalOtherIncomeExpensesNet": 0,
    "incomeBeforeTax": 2708000000,
    "incomeBeforeTaxRatio": 0.2081635791,
    "incomeTaxExpense": 170000000,
    "netIncome": 2538000000,
    "netIncomeRatio": 0.195095703,
    "eps": 6.11,
    "epsdiluted": 6.04,
    "weightedAverageShsOut": 379500000,
    "weightedAverageShsOutDil": 384300000,
    "link": "https://www.sec.gov/Archives/edgar/data/886982/000119312519050198/0001193125-19-050198-index.html",
    "finalLink": "https://www.sec.gov/Archives/edgar/data/886982/000119312519050198/d669877d10k.htm"
  },
  {
    "date": "2018-09-30",
    "symbol": "GS",
    "reportedCurrency": "USD",
    "cik": "0000886982",
    "fillingDate": "2018-11-02",
    "acceptedDate": "2018-11-02 17:09:30",
    "calendarYear": "2018",
    "period": "Q3",
    "revenue": 13025000000,
    "costOfRevenue": 4379000000,
    "grossProfit": 8646000000,
    "grossProfitRatio": 0.6638003839,
    "researchAndDevelopmentExpenses": 0,
    "generalAndAdministrativeExpenses": 3019000000,
    "sellingAndMarketingExpenses": 167000000,
    "sellingGeneralAndAdministrativeExpenses": 3186000000,
    "otherExpenses": 2382000000,
    "operatingExpenses": 5568000000,
    "costAndExpenses": 9947000000,
    "interestIncome": 5061000000,
    "interestExpense": 4205000000,
    "depreciationAndAmortization": 317000000,
    "ebitda": 3395000000,
    "ebitdaratio": 0.2606525912,
    "operatingIncome": 3078000000,
    "operatingIncomeRatio": 0.2363147793,
    "totalOtherIncomeExpensesNet": 0,
    "incomeBeforeTax": 3078000000,
    "incomeBeforeTaxRatio": 0.2363147793,
    "incomeTaxExpense": 554000000,
    "netIncome": 2524000000,
    "netIncomeRatio": 0.19378119,
    "eps": 6.46,
    "epsdiluted": 6.46,
    "weightedAverageShsOut": 385399996,
    "weightedAverageShsOutDil": 390499996,
    "link": "https://www.sec.gov/Archives/edgar/data/886982/000119312518317325/0001193125-18-317325-index.html",
    "finalLink": "https://www.sec.gov/Archives/edgar/data/886982/000119312518317325/d631824d10q.htm"
  },
  {
    "date": "2018-06-30",
    "symbol": "GS",
    "reportedCurrency": "USD",
    "cik": "0000886982",
    "fillingDate": "2018-08-03",
    "acceptedDate": "2018-08-02 19:39:19",
    "calendarYear": "2018",
    "period": "Q2",
    "revenue": 13554000000,
    "costOfRevenue": 4152000000,
    "grossProfit": 9402000000,
    "grossProfitRatio": 0.6936697654,
    "researchAndDevelopmentExpenses": 0,
    "generalAndAdministrativeExpenses": 3395000000,
    "sellingAndMarketingExpenses": 183000000,
    "sellingGeneralAndAdministrativeExpenses": 3578000000,
    "otherExpenses": 2548000000,
    "operatingExpenses": 6126000000,
    "costAndExpenses": 10278000000,
    "interestIncome": 4920000000,
    "interestExpense": 3918000000,
    "depreciationAndAmortization": 335000000,
    "ebitda": 3611000000,
    "ebitdaratio": 0.2664158182,
    "operatingIncome": 3276000000,
    "operatingIncomeRatio": 0.2416998672,
    "totalOtherIncomeExpensesNet": 0,
    "incomeBeforeTax": 3276000000,
    "incomeBeforeTaxRatio": 0.2416998672,
    "incomeTaxExpense": 711000000,
    "netIncome": 2565000000,
    "netIncomeRatio": 0.1892430279,
    "eps": 6.04,
    "epsdiluted": 5.98,
    "weightedAverageShsOut": 387800000,
    "weightedAverageShsOutDil": 392600000,
    "link": "https://www.sec.gov/Archives/edgar/data/886982/000119312518236920/0001193125-18-236920-index.html",
    "finalLink": "https://www.sec.gov/Archives/edgar/data/886982/000119312518236920/d352886d10q.htm"
  },
  {
    "date": "2018-03-31",
    "symbol": "GS",
    "reportedCurrency": "USD",
    "cik": "0000886982",
    "fillingDate": "2018-05-04",
    "acceptedDate": "2018-05-03 19:19:58",
    "calendarYear": "2018",
    "period": "Q1",
    "revenue": 13392000000,
    "costOfRevenue": 3356000000,
    "grossProfit": 10036000000,
    "grossProfitRatio": 0.7494026284,
    "researchAndDevelopmentExpenses": 0,
    "generalAndAdministrativeExpenses": 4057000000,
    "sellingAndMarketingExpenses": 182000000,
    "sellingGeneralAndAdministrativeExpenses": 4239000000,
    "otherExpenses": 2378000000,
    "operatingExpenses": 6617000000,
    "costAndExpenses": 9973000000,
    "interestIncome": 4230000000,
    "interestExpense": 3312000000,
    "depreciationAndAmortization": 299000000,
    "ebitda": 3718000000,
    "ebitdaratio": 0.2776284349,
    "operatingIncome": 3419000000,
    "operatingIncomeRatio": 0.2553016726,
    "totalOtherIncomeExpensesNet": 0,
    "incomeBeforeTax": 3419000000,
    "incomeBeforeTaxRatio": 0.2553016726,
    "incomeTaxExpense": 587000000,
    "netIncome": 2832000000,
    "netIncomeRatio": 0.2114695341,
    "eps": 7.19,
    "epsdiluted": 7.19,
    "weightedAverageShsOut": 389099996,
    "weightedAverageShsOutDil": 393799996,
    "link": "https://www.sec.gov/Archives/edgar/data/886982/000119312518151188/0001193125-18-151188-index.html",
    "finalLink": "https://www.sec.gov/Archives/edgar/data/886982/000119312518151188/d535211d10q.htm"
  },
  {
    "date": "2017-12-31",
    "symbol": "GS",
    "reportedCurrency": "USD",
    "cik": "0000886982",
    "fillingDate": "2018-02-26",
    "acceptedDate": "2018-02-23 20:16:10",
    "calendarYear": "2017",
    "period": "Q4",
    "revenue": 10666000000,
    "costOfRevenue": 2838000000,
    "grossProfit": 7828000000,
    "grossProfitRatio": 0.7339208701,
    "researchAndDevelopmentExpenses": 0,
    "generalAndAdministrativeExpenses": 2157000000,
    "sellingAndMarketingExpenses": 175000000,
    "sellingGeneralAndAdministrativeExpenses": 2332000000,
    "otherExpenses": 2388000000,
    "operatingExpenses": 4720000000,
    "costAndExpenses": 7558000000,
    "interestIncome": 3736000000,
    "interestExpense": 2838000000,
    "depreciationAndAmortization": 350000000,
    "ebitda": 3458000000,
    "ebitdaratio": 0.324207763,
    "operatingIncome": 3108000000,
    "operatingIncomeRatio": 0.2913932121,
    "totalOtherIncomeExpensesNet": 0,
    "incomeBeforeTax": 3108000000,
    "incomeBeforeTaxRatio": 0.2913932121,
    "incomeTaxExpense": 5036000000,
    "netIncome": -1928000000,
    "netIncomeRatio": -0.1807612976,
    "eps": -4.95,
    "epsdiluted": -4.95,
    "weightedAverageShsOut": 389799996,
    "weightedAverageShsOutDil": 389799996,
    "link": "https://www.sec.gov/Archives/edgar/data/886982/000119312518056383/0001193125-18-056383-index.html",
    "finalLink": "https://www.sec.gov/Archives/edgar/data/886982/000119312518056383/d480167d10k.htm"
  },
  {
    "date": "2017-09-30",
    "symbol": "GS",
    "reportedCurrency": "USD",
    "cik": "0000886982",
    "fillingDate": "2017-11-03",
    "acceptedDate": "2017-11-02 19:15:48",
    "calendarYear": "2017",
    "period": "Q3",
    "revenue": 11007000000,
    "costOfRevenue": 2681000000,
    "grossProfit": 8326000000,
    "grossProfitRatio": 0.7564277278,
    "researchAndDevelopmentExpenses": 0,
    "generalAndAdministrativeExpenses": 3172000000,
    "sellingAndMarketingExpenses": 138000000,
    "sellingGeneralAndAdministrativeExpenses": 3310000000,
    "otherExpenses": 2040000000,
    "operatingExpenses": 5350000000,
    "costAndExpenses": 8031000000,
    "interestIncome": 3411000000,
    "interestExpense": 2681000000,
    "depreciationAndAmortization": 280000000,
    "ebitda": 3256000000,
    "ebitdaratio": 0.2958117562,
    "operatingIncome": 2976000000,
    "operatingIncomeRatio": 0.2703733987,
    "totalOtherIncomeExpensesNet": 0,
    "incomeBeforeTax": 2976000000,
    "incomeBeforeTaxRatio": 0.2703733987,
    "incomeTaxExpense": 848000000,
    "netIncome": 2128000000,
    "netIncomeRatio": 0.1933315163,
    "eps": 5.25,
    "epsdiluted": 5.25,
    "weightedAverageShsOut": 398199996,
    "weightedAverageShsOutDil": 405699995,
    "link": "https://www.sec.gov/Archives/edgar/data/886982/000119312517331475/0001193125-17-331475-index.html",
    "finalLink": "https://www.sec.gov/Archives/edgar/data/886982/000119312517331475/d464365d10q.htm"
  },
  {
    "date": "2017-06-30",
    "symbol": "GS",
    "reportedCurrency": "USD",
    "cik": "0000886982",
    "fillingDate": "2017-08-04",
    "acceptedDate": "2017-08-03 20:35:29",
    "calendarYear": "2017",
    "period": "Q2",
    "revenue": 10319000000,
    "costOfRevenue": 2432000000,
    "grossProfit": 7887000000,
    "grossProfitRatio": 0.7643182479,
    "researchAndDevelopmentExpenses": 0,
    "generalAndAdministrativeExpenses": 3233000000,
    "sellingAndMarketingExpenses": 141000000,
    "sellingGeneralAndAdministrativeExpenses": 3374000000,
    "otherExpenses": 2004000000,
    "operatingExpenses": 5378000000,
    "costAndExpenses": 7810000000,
    "interestIncome": 3220000000,
    "interestExpense": 2432000000,
    "depreciationAndAmortization": 265000000,
    "ebitda": 2774000000,
    "ebitdaratio": 0.2688244985,
    "operatingIncome": 2509000000,
    "operatingIncomeRatio": 0.2431437155,
    "totalOtherIncomeExpensesNet": 0,
    "incomeBeforeTax": 2509000000,
    "incomeBeforeTaxRatio": 0.2431437155,
    "incomeTaxExpense": 678000000,
    "netIncome": 1831000000,
    "netIncomeRatio": 0.1774396744,
    "eps": 4,
    "epsdiluted": 3.95,
    "weightedAverageShsOut": 406100000,
    "weightedAverageShsOutDil": 413300000,
    "link": "https://www.sec.gov/Archives/edgar/data/886982/000119312517247803/0001193125-17-247803-index.html",
    "finalLink": "https://www.sec.gov/Archives/edgar/data/886982/000119312517247803/d416122d10q.htm"
  },
  {
    "date": "2017-03-31",
    "symbol": "GS",
    "reportedCurrency": "USD",
    "cik": "0000886982",
    "fillingDate": "2017-05-04",
    "acceptedDate": "2017-05-03 19:43:50",
    "calendarYear": "2017",
    "period": "Q1",
    "revenue": 10256000000,
    "costOfRevenue": 2230000000,
    "grossProfit": 8026000000,
    "grossProfitRatio": 0.7825663027,
    "researchAndDevelopmentExpenses": 0,
    "generalAndAdministrativeExpenses": 3291000000,
    "sellingAndMarketingExpenses": 134000000,
    "sellingGeneralAndAdministrativeExpenses": 3425000000,
    "otherExpenses": 2062000000,
    "operatingExpenses": 5487000000,
    "costAndExpenses": 7717000000,
    "interestIncome": 2746000000,
    "interestExpense": 2230000000,
    "depreciationAndAmortization": 257000000,
    "ebitda": 2796000000,
    "ebitdaratio": 0.2726209048,
    "operatingIncome": 2539000000,
    "operatingIncomeRatio": 0.2475624025,
    "totalOtherIncomeExpensesNet": 0,
    "incomeBeforeTax": 2539000000,
    "incomeBeforeTaxRatio": 0.2475624025,
    "incomeTaxExpense": 284000000,
    "netIncome": 2255000000,
    "netIncomeRatio": 0.2198712949,
    "eps": 5.37,
    "epsdiluted": 5.37,
    "weightedAverageShsOut": 412499995,
    "weightedAverageShsOutDil": 420099995,
    "link": "https://www.sec.gov/Archives/edgar/data/886982/000119312517156659/0001193125-17-156659-index.html",
    "finalLink": "https://www.sec.gov/Archives/edgar/data/886982/000119312517156659/d369549d10q.htm"
  },
  {
    "date": "2016-12-31",
    "symbol": "GS",
    "reportedCurrency": "USD",
    "cik": "0000886982",
    "fillingDate": "2017-02-27",
    "acceptedDate": "2017-02-24 19:08:26",
    "calendarYear": "2016",
    "period": "Q4",
    "revenue": 10258000000,
    "costOfRevenue": 2088000000,
    "grossProfit": 8170000000,
    "grossProfitRatio": 0.79645155,
    "researchAndDevelopmentExpenses": 0,
    "generalAndAdministrativeExpenses": 2447000000,
    "sellingAndMarketingExpenses": 131000000,
    "sellingGeneralAndAdministrativeExpenses": 2578000000,
    "otherExpenses": 2195000000,
    "operatingExpenses": 4773000000,
    "costAndExpenses": 6861000000,
    "interestIncome": 2424000000,
    "interestExpense": 2088000000,
    "depreciationAndAmortization": 267000000,
    "ebitda": 3664000000,
    "ebitdaratio": 0.3571846364,
    "operatingIncome": 3397000000,
    "operatingIncomeRatio": 0.3311561708,
    "totalOtherIncomeExpensesNet": 0,
    "incomeBeforeTax": 3397000000,
    "incomeBeforeTaxRatio": 0.3311561708,
    "incomeTaxExpense": 1050000000,
    "netIncome": 2347000000,
    "netIncomeRatio": 0.2287970365,
    "eps": 5.17,
    "epsdiluted": 5.08,
    "weightedAverageShsOut": 415200000,
    "weightedAverageShsOutDil": 423500000,
    "link": "https://www.sec.gov/Archives/edgar/data/886982/000119312517056804/0001193125-17-056804-index.html",
    "finalLink": "https://www.sec.gov/Archives/edgar/data/886982/000119312517056804/d308759d10k.htm"
  },
  {
    "date": "2016-09-30",
    "symbol": "GS",
    "reportedCurrency": "USD",
    "cik": "0000886982",
    "fillingDate": "2016-11-03",
    "acceptedDate": "2016-11-02 18:36:26",
    "calendarYear": "2016",
    "period": "Q3",
    "revenue": 9943000000,
    "costOfRevenue": 1775000000,
    "grossProfit": 8168000000,
    "grossProfitRatio": 0.82148245,
    "researchAndDevelopmentExpenses": 0,
    "generalAndAdministrativeExpenses": 3207000000,
    "sellingAndMarketingExpenses": 92000000,
    "sellingGeneralAndAdministrativeExpenses": 3299000000,
    "otherExpenses": 2001000000,
    "operatingExpenses": 5300000000,
    "costAndExpenses": 7075000000,
    "interestIncome": 2389000000,
    "interestExpense": 1775000000,
    "depreciationAndAmortization": 247000000,
    "ebitda": 3115000000,
    "ebitdaratio": 0.3132857287,
    "operatingIncome": 2868000000,
    "operatingIncomeRatio": 0.2884441315,
    "totalOtherIncomeExpensesNet": 0,
    "incomeBeforeTax": 2868000000,
    "incomeBeforeTaxRatio": 0.2884441315,
    "incomeTaxExpense": 774000000,
    "netIncome": 2094000000,
    "netIncomeRatio": 0.2106004224,
    "eps": 4.87,
    "epsdiluted": 4.87,
    "weightedAverageShsOut": 422399995,
    "weightedAverageShsOutDil": 430199995,
    "link": "https://www.sec.gov/Archives/edgar/data/886982/000119312516757421/0001193125-16-757421-index.html",
    "finalLink": "https://www.sec.gov/Archives/edgar/data/886982/000119312516757421/d249880d10q.htm"
  },
  {
    "date": "2016-06-30",
    "symbol": "GS",
    "reportedCurrency": "USD",
    "cik": "0000886982",
    "fillingDate": "2016-08-04",
    "acceptedDate": "2016-08-03 18:49:31",
    "calendarYear": "2016",
    "period": "Q2",
    "revenue": 9708000000,
    "costOfRevenue": 1776000000,
    "grossProfit": 7932000000,
    "grossProfitRatio": 0.8170580964,
    "researchAndDevelopmentExpenses": 0,
    "generalAndAdministrativeExpenses": 3331000000,
    "sellingAndMarketingExpenses": 112000000,
    "sellingGeneralAndAdministrativeExpenses": 3443000000,
    "otherExpenses": 2026000000,
    "operatingExpenses": 5469000000,
    "costAndExpenses": 7245000000,
    "interestIncome": 2530000000,
    "interestExpense": 1776000000,
    "depreciationAndAmortization": 245000000,
    "ebitda": 2708000000,
    "ebitdaratio": 0.2789451998,
    "operatingIncome": 2463000000,
    "operatingIncomeRatio": 0.2537082818,
    "totalOtherIncomeExpensesNet": 0,
    "incomeBeforeTax": 2463000000,
    "incomeBeforeTaxRatio": 0.2537082818,
    "incomeTaxExpense": 641000000,
    "netIncome": 1822000000,
    "netIncomeRatio": 0.1876802637,
    "eps": 3.77,
    "epsdiluted": 3.72,
    "weightedAverageShsOut": 431900000,
    "weightedAverageShsOutDil": 439200000,
    "link": "https://www.sec.gov/Archives/edgar/data/886982/000119312516670394/0001193125-16-670394-index.html",
    "finalLink": "https://www.sec.gov/Archives/edgar/data/886982/000119312516670394/d220861d10q.htm"
  },
  {
    "date": "2016-03-31",
    "symbol": "GS",
    "reportedCurrency": "USD",
    "cik": "0000886982",
    "fillingDate": "2016-05-06",
    "acceptedDate": "2016-05-05 19:22:26",
    "calendarYear": "2016",
    "period": "Q1",
    "revenue": 7803000000,
    "costOfRevenue": 1465000000,
    "grossProfit": 6338000000,
    "grossProfitRatio": 0.8122516981,
    "researchAndDevelopmentExpenses": 0,
    "generalAndAdministrativeExpenses": 2662000000,
    "sellingAndMarketingExpenses": 122000000,
    "sellingGeneralAndAdministrativeExpenses": 2784000000,
    "otherExpenses": 1978000000,
    "operatingExpenses": 4762000000,
    "costAndExpenses": 6227000000,
    "interestIncome": 2348000000,
    "interestExpense": 1465000000,
    "depreciationAndAmortization": 239000000,
    "ebitda": 1815000000,
    "ebitdaratio": 0.2326028451,
    "operatingIncome": 1576000000,
    "operatingIncomeRatio": 0.2019735999,
    "totalOtherIncomeExpensesNet": 0,
    "incomeBeforeTax": 1576000000,
    "incomeBeforeTaxRatio": 0.2019735999,
    "incomeTaxExpense": 441000000,
    "netIncome": 1135000000,
    "netIncomeRatio": 0.1454568756,
    "eps": 2.71,
    "epsdiluted": 2.68,
    "weightedAverageShsOut": 440800000,
    "weightedAverageShsOutDil": 447400000,
    "link": "https://www.sec.gov/Archives/edgar/data/886982/000119312516580382/0001193125-16-580382-index.html",
    "finalLink": "https://www.sec.gov/Archives/edgar/data/886982/000119312516580382/d137661d10q.htm"
  },
  {
    "date": "2015-12-31",
    "symbol": "GS",
    "reportedCurrency": "USD",
    "cik": "0000886982",
    "fillingDate": "2016-02-22",
    "acceptedDate": "2016-02-19 19:11:09",
    "calendarYear": "2015",
    "period": "Q4",
    "revenue": 8721000000,
    "costOfRevenue": 1448000000,
    "grossProfit": 7273000000,
    "grossProfitRatio": 0.833963995,
    "researchAndDevelopmentExpenses": 0,
    "generalAndAdministrativeExpenses": 2059000000,
    "sellingAndMarketingExpenses": 148000000,
    "sellingGeneralAndAdministrativeExpenses": 2207000000,
    "otherExpenses": 3994000000,
    "operatingExpenses": 6201000000,
    "costAndExpenses": 7649000000,
    "interestIncome": 2148000000,
    "interestExpense": 1448000000,
    "depreciationAndAmortization": 285000000,
    "ebitda": 1357000000,
    "ebitdaratio": 0.1556014219,
    "operatingIncome": 1072000000,
    "operatingIncomeRatio": 0.1229216833,
    "totalOtherIncomeExpensesNet": 0,
    "incomeBeforeTax": 1072000000,
    "incomeBeforeTaxRatio": 0.1229216833,
    "incomeTaxExpense": 307000000,
    "netIncome": 765000000,
    "netIncomeRatio": 0.0877192982,
    "eps": 1.29,
    "epsdiluted": 1.27,
    "weightedAverageShsOut": 442199995,
    "weightedAverageShsOutDil": 451899995,
    "link": "https://www.sec.gov/Archives/edgar/data/886982/000119312516470289/0001193125-16-470289-index.htm",
    "finalLink": "https://www.sec.gov/Archives/edgar/data/886982/000119312516470289/d107036d10k.htm"
  },
  {
    "date": "2015-09-30",
    "symbol": "GS",
    "reportedCurrency": "USD",
    "cik": "0000886982",
    "fillingDate": "2015-11-03",
    "acceptedDate": "2015-11-02 20:23:45",
    "calendarYear": "2015",
    "period": "Q3",
    "revenue": 8138000000,
    "costOfRevenue": 1277000000,
    "grossProfit": 6861000000,
    "grossProfitRatio": 0.8430818383,
    "researchAndDevelopmentExpenses": 0,
    "generalAndAdministrativeExpenses": 2351000000,
    "sellingAndMarketingExpenses": 123000000,
    "sellingGeneralAndAdministrativeExpenses": 2474000000,
    "otherExpenses": 2341000000,
    "operatingExpenses": 4815000000,
    "costAndExpenses": 6092000000,
    "interestIncome": 2119000000,
    "interestExpense": 1277000000,
    "depreciationAndAmortization": 222000000,
    "ebitda": 2268000000,
    "ebitdaratio": 0.2786925535,
    "operatingIncome": 2046000000,
    "operatingIncomeRatio": 0.2514131236,
    "totalOtherIncomeExpensesNet": 0,
    "incomeBeforeTax": 2046000000,
    "incomeBeforeTaxRatio": 0.2514131236,
    "incomeTaxExpense": 620000000,
    "netIncome": 1426000000,
    "netIncomeRatio": 0.1752273286,
    "eps": 2.95,
    "epsdiluted": 2.9,
    "weightedAverageShsOut": 449000000,
    "weightedAverageShsOutDil": 458600000,
    "link": "https://www.sec.gov/Archives/edgar/data/886982/000119312515362853/0001193125-15-362853-index.html",
    "finalLink": "https://www.sec.gov/Archives/edgar/data/886982/000119312515362853/d22013d10q.htm"
  },
  {
    "date": "2015-06-30",
    "symbol": "GS",
    "reportedCurrency": "USD",
    "cik": "0000886982",
    "fillingDate": "2015-08-03",
    "acceptedDate": "2015-07-31 18:03:19",
    "calendarYear": "2015",
    "period": "Q2",
    "revenue": 10556000000,
    "costOfRevenue": 1487000000,
    "grossProfit": 9069000000,
    "grossProfitRatio": 0.8591322471,
    "researchAndDevelopmentExpenses": 0,
    "generalAndAdministrativeExpenses": 3809000000,
    "sellingAndMarketingExpenses": 147000000,
    "sellingGeneralAndAdministrativeExpenses": 3956000000,
    "otherExpenses": 3387000000,
    "operatingExpenses": 7343000000,
    "costAndExpenses": 8830000000,
    "interestIncome": 2150000000,
    "interestExpense": 1487000000,
    "depreciationAndAmortization": 265000000,
    "ebitda": 1991000000,
    "ebitdaratio": 0.188613111,
    "operatingIncome": 1726000000,
    "operatingIncomeRatio": 0.1635089049,
    "totalOtherIncomeExpensesNet": 0,
    "incomeBeforeTax": 1726000000,
    "incomeBeforeTaxRatio": 0.1635089049,
    "incomeTaxExpense": 678000000,
    "netIncome": 1048000000,
    "netIncomeRatio": 0.0992800303,
    "eps": 2.01,
    "epsdiluted": 1.98,
    "weightedAverageShsOut": 451399995,
    "weightedAverageShsOutDil": 461599995,
    "link": "https://www.sec.gov/Archives/edgar/data/886982/000119312515273233/0001193125-15-273233-index.html",
    "finalLink": "https://www.sec.gov/Archives/edgar/data/886982/000119312515273233/d934020d10q.htm"
  },
  {
    "date": "2015-03-31",
    "symbol": "GS",
    "reportedCurrency": "USD",
    "cik": "0000886982",
    "fillingDate": "2015-05-05",
    "acceptedDate": "2015-05-04 20:10:37",
    "calendarYear": "2015",
    "period": "Q1",
    "revenue": 11759000000,
    "costOfRevenue": 1176000000,
    "grossProfit": 10583000000,
    "grossProfitRatio": 0.8999914959,
    "researchAndDevelopmentExpenses": 0,
    "generalAndAdministrativeExpenses": 4459000000,
    "sellingAndMarketingExpenses": 139000000,
    "sellingGeneralAndAdministrativeExpenses": 4598000000,
    "otherExpenses": 2051000000,
    "operatingExpenses": 6649000000,
    "costAndExpenses": 7825000000,
    "interestIncome": 2035000000,
    "interestExpense": 1176000000,
    "depreciationAndAmortization": 219000000,
    "ebitda": 4153000000,
    "ebitdaratio": 0.3531762905,
    "operatingIncome": 3934000000,
    "operatingIncomeRatio": 0.3345522578,
    "totalOtherIncomeExpensesNet": 0,
    "incomeBeforeTax": 3934000000,
    "incomeBeforeTaxRatio": 0.3345522578,
    "incomeTaxExpense": 1090000000,
    "netIncome": 2844000000,
    "netIncomeRatio": 0.2418573008,
    "eps": 6.14,
    "epsdiluted": 6.14,
    "weightedAverageShsOut": 453299995,
    "weightedAverageShsOutDil": 462899995,
    "link": "https://www.sec.gov/Archives/edgar/data/886982/000119312515169551/0001193125-15-169551-index.html",
    "finalLink": "https://www.sec.gov/Archives/edgar/data/886982/000119312515169551/d894305d10q.htm"
  },
  {
    "date": "2014-12-31",
    "symbol": "GS",
    "reportedCurrency": "USD",
    "cik": "0000886982",
    "fillingDate": "2014-12-31",
    "acceptedDate": "2014-12-31 00:00:00",
    "calendarYear": "2014",
    "period": "Q4",
    "revenue": 8861000000,
    "costOfRevenue": 1173000000,
    "grossProfit": 7688000000,
    "grossProfitRatio": 0.8676221645,
    "researchAndDevelopmentExpenses": 0,
    "generalAndAdministrativeExpenses": 1955000000,
    "sellingAndMarketingExpenses": 141000000,
    "sellingGeneralAndAdministrativeExpenses": 2096000000,
    "otherExpenses": 2382000000,
    "operatingExpenses": 4478000000,
    "costAndExpenses": 5651000000,
    "interestIncome": 2134000000,
    "interestExpense": 1173000000,
    "depreciationAndAmortization": 352000000,
    "ebitda": 3562000000,
    "ebitdaratio": 0.4019862318,
    "operatingIncome": 3210000000,
    "operatingIncomeRatio": 0.3622615958,
    "totalOtherIncomeExpensesNet": 0,
    "incomeBeforeTax": 3210000000,
    "incomeBeforeTaxRatio": 0.3622615958,
    "incomeTaxExpense": 1044000000,
    "netIncome": 2166000000,
    "netIncomeRatio": 0.2444419366,
    "eps": 4.67,
    "epsdiluted": 4.67,
    "weightedAverageShsOut": 450399995,
    "weightedAverageShsOutDil": 463399995,
    "link": null,
    "finalLink": null
  },
  {
    "date": "2014-09-30",
    "symbol": "GS",
    "reportedCurrency": "USD",
    "cik": "0000886982",
    "fillingDate": "2014-11-05",
    "acceptedDate": "2014-11-04 19:48:28",
    "calendarYear": "2014",
    "period": "Q3",
    "revenue": 9635000000,
    "costOfRevenue": 1248000000,
    "grossProfit": 8387000000,
    "grossProfitRatio": 0.8704722366,
    "researchAndDevelopmentExpenses": 0,
    "generalAndAdministrativeExpenses": 2801000000,
    "sellingAndMarketingExpenses": 129000000,
    "sellingGeneralAndAdministrativeExpenses": 2930000000,
    "otherExpenses": 2152000000,
    "operatingExpenses": 5082000000,
    "costAndExpenses": 6330000000,
    "interestIncome": 2297000000,
    "interestExpense": 1248000000,
    "depreciationAndAmortization": 301000000,
    "ebitda": 3606000000,
    "ebitdaratio": 0.3742605086,
    "operatingIncome": 3305000000,
    "operatingIncomeRatio": 0.3430202387,
    "totalOtherIncomeExpensesNet": 0,
    "incomeBeforeTax": 3305000000,
    "incomeBeforeTaxRatio": 0.3430202387,
    "incomeTaxExpense": 1064000000,
    "netIncome": 2241000000,
    "netIncomeRatio": 0.2325895174,
    "eps": 4.78,
    "epsdiluted": 4.78,
    "weightedAverageShsOut": 455499995,
    "weightedAverageShsOutDil": 469199995,
    "link": "https://www.sec.gov/Archives/edgar/data/886982/000119312514396758/0001193125-14-396758-index.html",
    "finalLink": "https://www.sec.gov/Archives/edgar/data/886982/000119312514396758/d794101d10q.htm"
  },
  {
    "date": "2014-06-30",
    "symbol": "GS",
    "reportedCurrency": "USD",
    "cik": "0000886982",
    "fillingDate": "2014-08-07",
    "acceptedDate": "2014-08-06 18:42:14",
    "calendarYear": "2014",
    "period": "Q2",
    "revenue": 10704000000,
    "costOfRevenue": 1579000000,
    "grossProfit": 9125000000,
    "grossProfitRatio": 0.8524850523,
    "researchAndDevelopmentExpenses": 0,
    "generalAndAdministrativeExpenses": 3924000000,
    "sellingAndMarketingExpenses": 141000000,
    "sellingGeneralAndAdministrativeExpenses": 4065000000,
    "otherExpenses": 2239000000,
    "operatingExpenses": 6304000000,
    "costAndExpenses": 7883000000,
    "interestIncome": 2579000000,
    "interestExpense": 1579000000,
    "depreciationAndAmortization": 294000000,
    "ebitda": 3115000000,
    "ebitdaratio": 0.2910127055,
    "operatingIncome": 2821000000,
    "operatingIncomeRatio": 0.2635463378,
    "totalOtherIncomeExpensesNet": 0,
    "incomeBeforeTax": 2821000000,
    "incomeBeforeTaxRatio": 0.2635463378,
    "incomeTaxExpense": 784000000,
    "netIncome": 2037000000,
    "netIncomeRatio": 0.1903026906,
    "eps": 4.28,
    "epsdiluted": 4.28,
    "weightedAverageShsOut": 461699995,
    "weightedAverageShsOutDil": 475899995,
    "link": "https://www.sec.gov/Archives/edgar/data/886982/000119312514298671/0001193125-14-298671-index.html",
    "finalLink": "https://www.sec.gov/Archives/edgar/data/886982/000119312514298671/d746051d10q.htm"
  },
  {
    "date": "2014-03-31",
    "symbol": "GS",
    "reportedCurrency": "USD",
    "cik": "0000886982",
    "fillingDate": "2014-05-09",
    "acceptedDate": "2014-05-08 19:22:16",
    "calendarYear": "2014",
    "period": "Q1",
    "revenue": 10885000000,
    "costOfRevenue": 1557000000,
    "grossProfit": 9328000000,
    "grossProfitRatio": 0.8569591181,
    "researchAndDevelopmentExpenses": 0,
    "generalAndAdministrativeExpenses": 4011000000,
    "sellingAndMarketingExpenses": 138000000,
    "sellingGeneralAndAdministrativeExpenses": 4149000000,
    "otherExpenses": 2158000000,
    "operatingExpenses": 6307000000,
    "costAndExpenses": 7864000000,
    "interestIncome": 2594000000,
    "interestExpense": 1557000000,
    "depreciationAndAmortization": 390000000,
    "ebitda": 3411000000,
    "ebitdaratio": 0.3133670188,
    "operatingIncome": 3021000000,
    "operatingIncomeRatio": 0.2775378962,
    "totalOtherIncomeExpensesNet": 0,
    "incomeBeforeTax": 3021000000,
    "incomeBeforeTaxRatio": 0.2775378962,
    "incomeTaxExpense": 988000000,
    "netIncome": 2033000000,
    "netIncomeRatio": 0.1867707855,
    "eps": 4.2,
    "epsdiluted": 4.2,
    "weightedAverageShsOut": 468599995,
    "weightedAverageShsOutDil": 484599995,
    "link": "https://www.sec.gov/Archives/edgar/data/886982/000119312514190498/0001193125-14-190498-index.html",
    "finalLink": "https://www.sec.gov/Archives/edgar/data/886982/000119312514190498/d706505d10q.htm"
  },
  {
    "date": "2013-12-31",
    "symbol": "GS",
    "reportedCurrency": "USD",
    "cik": "0000886982",
    "fillingDate": "2013-12-31",
    "acceptedDate": "2013-12-31 00:00:00",
    "calendarYear": "2013",
    "period": "Q4",
    "revenue": 10372000000,
    "costOfRevenue": 1590000000,
    "grossProfit": 8782000000,
    "grossProfitRatio": 0.846702661,
    "researchAndDevelopmentExpenses": 0,
    "generalAndAdministrativeExpenses": 2189000000,
    "sellingAndMarketingExpenses": 143000000,
    "sellingGeneralAndAdministrativeExpenses": 2332000000,
    "otherExpenses": 2898000000,
    "operatingExpenses": 5230000000,
    "costAndExpenses": 6820000000,
    "interestIncome": 2391000000,
    "interestExpense": 1590000000,
    "depreciationAndAmortization": 474000000,
    "ebitda": 4026000000,
    "ebitdaratio": 0.3881604319,
    "operatingIncome": 3552000000,
    "operatingIncomeRatio": 0.3424604705,
    "totalOtherIncomeExpensesNet": 0,
    "incomeBeforeTax": 3552000000,
    "incomeBeforeTaxRatio": 0.3424604705,
    "incomeTaxExpense": 1220000000,
    "netIncome": 2332000000,
    "netIncomeRatio": 0.2248360972,
    "eps": 4.77,
    "epsdiluted": 4.77,
    "weightedAverageShsOut": 467099995,
    "weightedAverageShsOutDil": 488699995,
    "link": null,
    "finalLink": null
  },
  {
    "date": "2013-09-30",
    "symbol": "GS",
    "reportedCurrency": "USD",
    "cik": "0000886982",
    "fillingDate": "2013-11-07",
    "acceptedDate": "2013-11-06 20:15:16",
    "calendarYear": "2013",
    "period": "Q3",
    "revenue": 8280000000,
    "costOfRevenue": 1558000000,
    "grossProfit": 6722000000,
    "grossProfitRatio": 0.8118357488,
    "researchAndDevelopmentExpenses": 0,
    "generalAndAdministrativeExpenses": 2382000000,
    "sellingAndMarketingExpenses": 117000000,
    "sellingGeneralAndAdministrativeExpenses": 2499000000,
    "otherExpenses": 2056000000,
    "operatingExpenses": 4555000000,
    "costAndExpenses": 6113000000,
    "interestIncome": 2398000000,
    "interestExpense": 1558000000,
    "depreciationAndAmortization": 280000000,
    "ebitda": 2447000000,
    "ebitdaratio": 0.295531401,
    "operatingIncome": 2167000000,
    "operatingIncomeRatio": 0.2617149758,
    "totalOtherIncomeExpensesNet": 0,
    "incomeBeforeTax": 2167000000,
    "incomeBeforeTaxRatio": 0.2617149758,
    "incomeTaxExpense": 650000000,
    "netIncome": 1517000000,
    "netIncomeRatio": 0.1832125604,
    "eps": 3.06,
    "epsdiluted": 3.06,
    "weightedAverageShsOut": 494663264,
    "weightedAverageShsOutDil": 496399995,
    "link": "https://www.sec.gov/Archives/edgar/data/886982/000119312513430752/0001193125-13-430752-index.html",
    "finalLink": "https://www.sec.gov/Archives/edgar/data/886982/000119312513430752/d590232d10q.htm"
  },
  {
    "date": "2013-06-30",
    "symbol": "GS",
    "reportedCurrency": "USD",
    "cik": "0000886982",
    "fillingDate": "2013-08-08",
    "acceptedDate": "2013-08-07 18:48:16",
    "calendarYear": "2013",
    "period": "Q2",
    "revenue": 10449000000,
    "costOfRevenue": 1837000000,
    "grossProfit": 8612000000,
    "grossProfitRatio": 0.8241937027,
    "researchAndDevelopmentExpenses": 0,
    "generalAndAdministrativeExpenses": 3752000000,
    "sellingAndMarketingExpenses": 140000000,
    "sellingGeneralAndAdministrativeExpenses": 3892000000,
    "otherExpenses": 2075000000,
    "operatingExpenses": 5967000000,
    "costAndExpenses": 7804000000,
    "interestIncome": 2663000000,
    "interestExpense": 1837000000,
    "depreciationAndAmortization": 266000000,
    "ebitda": 2911000000,
    "ebitdaratio": 0.2785912528,
    "operatingIncome": 2645000000,
    "operatingIncomeRatio": 0.2531342712,
    "totalOtherIncomeExpensesNet": 0,
    "incomeBeforeTax": 2645000000,
    "incomeBeforeTaxRatio": 0.2531342712,
    "incomeTaxExpense": 714000000,
    "netIncome": 1931000000,
    "netIncomeRatio": 0.1848023734,
    "eps": 3.84,
    "epsdiluted": 3.84,
    "weightedAverageShsOut": 502147247,
    "weightedAverageShsOutDil": 503499994,
    "link": "https://www.sec.gov/Archives/edgar/data/886982/000119312513324664/0001193125-13-324664-index.html",
    "finalLink": "https://www.sec.gov/Archives/edgar/data/886982/000119312513324664/d548138d10q.htm"
  },
  {
    "date": "2013-03-31",
    "symbol": "GS",
    "reportedCurrency": "USD",
    "cik": "0000886982",
    "fillingDate": "2013-05-09",
    "acceptedDate": "2013-05-08 18:36:23",
    "calendarYear": "2013",
    "period": "Q1",
    "revenue": 11773000000,
    "costOfRevenue": 1683000000,
    "grossProfit": 10090000000,
    "grossProfitRatio": 0.8570457827,
    "researchAndDevelopmentExpenses": 0,
    "generalAndAdministrativeExpenses": 4466000000,
    "sellingAndMarketingExpenses": 141000000,
    "sellingGeneralAndAdministrativeExpenses": 4607000000,
    "otherExpenses": 2110000000,
    "operatingExpenses": 6717000000,
    "costAndExpenses": 8400000000,
    "interestIncome": 2608000000,
    "interestExpense": 1683000000,
    "depreciationAndAmortization": 302000000,
    "ebitda": 3675000000,
    "ebitdaratio": 0.3121549308,
    "operatingIncome": 3373000000,
    "operatingIncomeRatio": 0.2865030154,
    "totalOtherIncomeExpensesNet": 0,
    "incomeBeforeTax": 3373000000,
    "incomeBeforeTaxRatio": 0.2865030154,
    "incomeTaxExpense": 1113000000,
    "netIncome": 2260000000,
    "netIncomeRatio": 0.1919646649,
    "eps": 4.43,
    "epsdiluted": 4.43,
    "weightedAverageShsOut": 507603452,
    "weightedAverageShsOutDil": 509799994,
    "link": "https://www.sec.gov/Archives/edgar/data/886982/000119312513208066/0001193125-13-208066-index.html",
    "finalLink": "https://www.sec.gov/Archives/edgar/data/886982/000119312513208066/d513857d10q.htm"
  },
  {
    "date": "2012-12-31",
    "symbol": "GS",
    "reportedCurrency": "USD",
    "cik": "0000886982",
    "fillingDate": "2013-03-01",
    "acceptedDate": "2013-02-28 21:27:42",
    "calendarYear": "2012",
    "period": "Q4",
    "revenue": 10627000000,
    "costOfRevenue": 1891000000,
    "grossProfit": 8736000000,
    "grossProfitRatio": 0.8220570246,
    "researchAndDevelopmentExpenses": 0,
    "generalAndAdministrativeExpenses": 1555000000,
    "sellingAndMarketingExpenses": 140000000,
    "sellingGeneralAndAdministrativeExpenses": 1695000000,
    "otherExpenses": 2728000000,
    "operatingExpenses": 4423000000,
    "costAndExpenses": 6314000000,
    "interestIncome": 2864000000,
    "interestExpense": 1891000000,
    "depreciationAndAmortization": 500000000,
    "ebitda": 4813000000,
    "ebitdaratio": 0.452902983,
    "operatingIncome": 4313000000,
    "operatingIncomeRatio": 0.4058530159,
    "totalOtherIncomeExpensesNet": 0,
    "incomeBeforeTax": 4313000000,
    "incomeBeforeTaxRatio": 0.4058530159,
    "incomeTaxExpense": 1421000000,
    "netIncome": 2892000000,
    "netIncomeRatio": 0.2721370095,
    "eps": 5.72,
    "epsdiluted": 5.72,
    "weightedAverageShsOut": 481499995,
    "weightedAverageShsOutDil": 505599994,
    "link": "https://www.sec.gov/Archives/edgar/data/886982/000119312513085474/0001193125-13-085474-index.html",
    "finalLink": "https://www.sec.gov/Archives/edgar/data/886982/000119312513085474/d446679d10k.htm"
  },
  {
    "date": "2012-09-30",
    "symbol": "GS",
    "reportedCurrency": "USD",
    "cik": "0000886982",
    "fillingDate": "2012-11-08",
    "acceptedDate": "2012-11-08 06:37:02",
    "calendarYear": "2012",
    "period": "Q3",
    "revenue": 10144000000,
    "costOfRevenue": 1793000000,
    "grossProfit": 8351000000,
    "grossProfitRatio": 0.8232452681,
    "researchAndDevelopmentExpenses": 0,
    "generalAndAdministrativeExpenses": 3828000000,
    "sellingAndMarketingExpenses": 123000000,
    "sellingGeneralAndAdministrativeExpenses": 3951000000,
    "otherExpenses": 2102000000,
    "operatingExpenses": 6053000000,
    "costAndExpenses": 7846000000,
    "interestIncome": 2629000000,
    "interestExpense": 1793000000,
    "depreciationAndAmortization": 396000000,
    "ebitda": 2694000000,
    "ebitdaratio": 0.2655757098,
    "operatingIncome": 2298000000,
    "operatingIncomeRatio": 0.2265378549,
    "totalOtherIncomeExpensesNet": 0,
    "incomeBeforeTax": 2298000000,
    "incomeBeforeTaxRatio": 0.2265378549,
    "incomeTaxExpense": 786000000,
    "netIncome": 1512000000,
    "netIncomeRatio": 0.1490536278,
    "eps": 2.96,
    "epsdiluted": 2.96,
    "weightedAverageShsOut": 491199995,
    "weightedAverageShsOutDil": 510899994,
    "link": "https://www.sec.gov/Archives/edgar/data/886982/000119312512458820/0001193125-12-458820-index.html",
    "finalLink": "https://www.sec.gov/Archives/edgar/data/886982/000119312512458820/d411053d10q.htm"
  },
  {
    "date": "2012-06-30",
    "symbol": "GS",
    "reportedCurrency": "USD",
    "cik": "0000886982",
    "fillingDate": "2012-08-09",
    "acceptedDate": "2012-08-08 19:06:33",
    "calendarYear": "2012",
    "period": "Q2",
    "revenue": 8592000000,
    "costOfRevenue": 1965000000,
    "grossProfit": 6627000000,
    "grossProfitRatio": 0.7712988827,
    "researchAndDevelopmentExpenses": 0,
    "generalAndAdministrativeExpenses": 3036000000,
    "sellingAndMarketingExpenses": 129000000,
    "sellingGeneralAndAdministrativeExpenses": 3165000000,
    "otherExpenses": 2047000000,
    "operatingExpenses": 5212000000,
    "costAndExpenses": 7177000000,
    "interestIncome": 3055000000,
    "interestExpense": 1965000000,
    "depreciationAndAmortization": 409000000,
    "ebitda": 1824000000,
    "ebitdaratio": 0.2122905028,
    "operatingIncome": 1415000000,
    "operatingIncomeRatio": 0.1646880819,
    "totalOtherIncomeExpensesNet": 0,
    "incomeBeforeTax": 1415000000,
    "incomeBeforeTaxRatio": 0.1646880819,
    "incomeTaxExpense": 453000000,
    "netIncome": 962000000,
    "netIncomeRatio": 0.1119646182,
    "eps": 1.85,
    "epsdiluted": 1.85,
    "weightedAverageShsOut": 501499994,
    "weightedAverageShsOutDil": 520299994,
    "link": "https://www.sec.gov/Archives/edgar/data/886982/000119312512344636/0001193125-12-344636-index.html",
    "finalLink": "https://www.sec.gov/Archives/edgar/data/886982/000119312512344636/d365261d10q.htm"
  },
  {
    "date": "2012-03-31",
    "symbol": "GS",
    "reportedCurrency": "USD",
    "cik": "0000886982",
    "fillingDate": "2012-03-31",
    "acceptedDate": "2012-03-31 00:00:00",
    "calendarYear": "2012",
    "period": "Q1",
    "revenue": 11801000000,
    "costOfRevenue": 1852000000,
    "grossProfit": 9949000000,
    "grossProfitRatio": 0.8430641471,
    "researchAndDevelopmentExpenses": 0,
    "generalAndAdministrativeExpenses": 4535000000,
    "sellingAndMarketingExpenses": 117000000,
    "sellingGeneralAndAdministrativeExpenses": 4652000000,
    "otherExpenses": 2116000000,
    "operatingExpenses": 6768000000,
    "costAndExpenses": 8620000000,
    "interestIncome": 2833000000,
    "interestExpense": 1852000000,
    "depreciationAndAmortization": 433000000,
    "ebitda": 3614000000,
    "ebitdaratio": 0.3062452335,
    "operatingIncome": 3181000000,
    "operatingIncomeRatio": 0.2695534277,
    "totalOtherIncomeExpensesNet": 0,
    "incomeBeforeTax": 3181000000,
    "incomeBeforeTaxRatio": 0.2695534277,
    "incomeTaxExpense": 1072000000,
    "netIncome": 2109000000,
    "netIncomeRatio": 0.1787136683,
    "eps": 3.99,
    "epsdiluted": 3.99,
    "weightedAverageShsOut": 510799994,
    "weightedAverageShsOutDil": 529199994,
    "link": null,
    "finalLink": null
  },
  {
    "date": "2011-12-31",
    "symbol": "GS",
    "reportedCurrency": "USD",
    "cik": "0000886982",
    "fillingDate": "2012-02-28",
    "acceptedDate": "2012-02-28 17:22:17",
    "calendarYear": "2011",
    "period": "Q4",
    "revenue": 8016000000,
    "costOfRevenue": 1967000000,
    "grossProfit": 6049000000,
    "grossProfitRatio": 0.7546157685,
    "researchAndDevelopmentExpenses": 0,
    "generalAndAdministrativeExpenses": 2120000000,
    "sellingAndMarketingExpenses": 138000000,
    "sellingGeneralAndAdministrativeExpenses": 2258000000,
    "otherExpenses": 2544000000,
    "operatingExpenses": 4802000000,
    "costAndExpenses": 6769000000,
    "interestIncome": 3032000000,
    "interestExpense": 1967000000,
    "depreciationAndAmortization": 514000000,
    "ebitda": 1761000000,
    "ebitdaratio": 0.2196856287,
    "operatingIncome": 1247000000,
    "operatingIncomeRatio": 0.1555638723,
    "totalOtherIncomeExpensesNet": 0,
    "incomeBeforeTax": 1247000000,
    "incomeBeforeTaxRatio": 0.1555638723,
    "incomeTaxExpense": 234000000,
    "netIncome": 1013000000,
    "netIncomeRatio": 0.1263722555,
    "eps": 1.9,
    "epsdiluted": 1.9,
    "weightedAverageShsOut": 507999994,
    "weightedAverageShsOutDil": 531799994,
    "link": "https://www.sec.gov/Archives/edgar/data/886982/000119312512085822/0001193125-12-085822-index.html",
    "finalLink": "https://www.sec.gov/Archives/edgar/data/886982/000119312512085822/d276319d10k.htm"
  },
  {
    "date": "2011-09-30",
    "symbol": "GS",
    "reportedCurrency": "USD",
    "cik": "0000886982",
    "fillingDate": "2011-11-09",
    "acceptedDate": "2011-11-08 19:12:38",
    "calendarYear": "2011",
    "period": "Q3",
    "revenue": 5585000000,
    "costOfRevenue": 1998000000,
    "grossProfit": 3587000000,
    "grossProfitRatio": 0.642256043,
    "researchAndDevelopmentExpenses": 0,
    "generalAndAdministrativeExpenses": 1984000000,
    "sellingAndMarketingExpenses": 140000000,
    "sellingGeneralAndAdministrativeExpenses": 2124000000,
    "otherExpenses": 2193000000,
    "operatingExpenses": 4317000000,
    "costAndExpenses": 6315000000,
    "interestIncome": 3354000000,
    "interestExpense": 1998000000,
    "depreciationAndAmortization": 389000000,
    "ebitda": -341000000,
    "ebitdaratio": -0.0610564011,
    "operatingIncome": -730000000,
    "operatingIncomeRatio": -0.1307072516,
    "totalOtherIncomeExpensesNet": 0,
    "incomeBeforeTax": -730000000,
    "incomeBeforeTaxRatio": -0.1307072516,
    "incomeTaxExpense": -337000000,
    "netIncome": -393000000,
    "netIncomeRatio": -0.0703670546,
    "eps": -0.76,
    "epsdiluted": -0.76,
    "weightedAverageShsOut": 518199994,
    "weightedAverageShsOutDil": 518199994,
    "link": "https://www.sec.gov/Archives/edgar/data/886982/000095012311096618/0000950123-11-096618-index.html",
    "finalLink": "https://www.sec.gov/Archives/edgar/data/886982/000095012311096618/y92435e10vq.htm"
  },
  {
    "date": "2011-06-30",
    "symbol": "GS",
    "reportedCurrency": "USD",
    "cik": "0000886982",
    "fillingDate": "2011-08-09",
    "acceptedDate": "2011-08-08 19:34:31",
    "calendarYear": "2011",
    "period": "Q2",
    "revenue": 9549000000,
    "costOfRevenue": 2268000000,
    "grossProfit": 7281000000,
    "grossProfitRatio": 0.7624882187,
    "researchAndDevelopmentExpenses": 0,
    "generalAndAdministrativeExpenses": 3531000000,
    "sellingAndMarketingExpenses": 183000000,
    "sellingGeneralAndAdministrativeExpenses": 3714000000,
    "otherExpenses": 1955000000,
    "operatingExpenses": 5669000000,
    "costAndExpenses": 7937000000,
    "interestIncome": 3681000000,
    "interestExpense": 2268000000,
    "depreciationAndAmortization": 372000000,
    "ebitda": 1984000000,
    "ebitdaratio": 0.2077704472,
    "operatingIncome": 1612000000,
    "operatingIncomeRatio": 0.1688134883,
    "totalOtherIncomeExpensesNet": 0,
    "incomeBeforeTax": 1612000000,
    "incomeBeforeTaxRatio": 0.1688134883,
    "incomeTaxExpense": 525000000,
    "netIncome": 1087000000,
    "netIncomeRatio": 0.1138339093,
    "eps": 1.91,
    "epsdiluted": 1.91,
    "weightedAverageShsOut": 569499994,
    "weightedAverageShsOutDil": 569499994,
    "link": "https://www.sec.gov/Archives/edgar/data/886982/000095012311074589/0000950123-11-074589-index.html",
    "finalLink": "https://www.sec.gov/Archives/edgar/data/886982/000095012311074589/y91384e10vq.htm"
  },
  {
    "date": "2011-03-31",
    "symbol": "GS",
    "reportedCurrency": "USD",
    "cik": "0000886982",
    "fillingDate": "2011-05-10",
    "acceptedDate": "2011-05-09 19:31:25",
    "calendarYear": "2011",
    "period": "Q1",
    "revenue": 13643000000,
    "costOfRevenue": 1749000000,
    "grossProfit": 11894000000,
    "grossProfitRatio": 0.8718023895,
    "researchAndDevelopmentExpenses": 0,
    "generalAndAdministrativeExpenses": 5519000000,
    "sellingAndMarketingExpenses": 179000000,
    "sellingGeneralAndAdministrativeExpenses": 5698000000,
    "otherExpenses": 2156000000,
    "operatingExpenses": 7854000000,
    "costAndExpenses": 9603000000,
    "interestIncome": 3107000000,
    "interestExpense": 1749000000,
    "depreciationAndAmortization": 594000000,
    "ebitda": 4634000000,
    "ebitdaratio": 0.3396613648,
    "operatingIncome": 4040000000,
    "operatingIncomeRatio": 0.2961225537,
    "totalOtherIncomeExpensesNet": 0,
    "incomeBeforeTax": 4040000000,
    "incomeBeforeTaxRatio": 0.2961225537,
    "incomeTaxExpense": 1305000000,
    "netIncome": 2735000000,
    "netIncomeRatio": 0.200469105,
    "eps": 4.69,
    "epsdiluted": 4.69,
    "weightedAverageShsOut": 582999994,
    "weightedAverageShsOutDil": 582999994,
    "link": "https://www.sec.gov/Archives/edgar/data/886982/000095012311047633/0000950123-11-047633-index.html",
    "finalLink": "https://www.sec.gov/Archives/edgar/data/886982/000095012311047633/y90630e10vq.htm"
  },
  {
    "date": "2010-12-31",
    "symbol": "GS",
    "reportedCurrency": "USD",
    "cik": "0000886982",
    "fillingDate": "2010-12-31",
    "acceptedDate": "2010-12-31 00:00:00",
    "calendarYear": "2010",
    "period": "Q4",
    "revenue": 10373000000,
    "costOfRevenue": 1731000000,
    "grossProfit": 8642000000,
    "grossProfitRatio": 0.8331244577,
    "researchAndDevelopmentExpenses": 0,
    "generalAndAdministrativeExpenses": 1099000000,
    "sellingAndMarketingExpenses": -1528000000,
    "sellingGeneralAndAdministrativeExpenses": -429000000,
    "otherExpenses": 5597000000,
    "operatingExpenses": 5168000000,
    "costAndExpenses": 6899000000,
    "interestIncome": 3069000000,
    "interestExpense": 1731000000,
    "depreciationAndAmortization": 731000000,
    "ebitda": 4205000000,
    "ebitdaratio": 0.4053793502,
    "operatingIncome": 3474000000,
    "operatingIncomeRatio": 0.3349079341,
    "totalOtherIncomeExpensesNet": 0,
    "incomeBeforeTax": 3474000000,
    "incomeBeforeTaxRatio": 0.3349079341,
    "incomeTaxExpense": 1087000000,
    "netIncome": 2387000000,
    "netIncomeRatio": 0.230116649,
    "eps": 4.06,
    "epsdiluted": 4.06,
    "weightedAverageShsOut": 587499994,
    "weightedAverageShsOutDil": 587499994,
    "link": null,
    "finalLink": null
  },
  {
    "date": "2010-09-30",
    "symbol": "GS",
    "reportedCurrency": "USD",
    "cik": "0000886982",
    "fillingDate": "2010-11-09",
    "acceptedDate": "2010-11-08 18:54:48",
    "calendarYear": "2010",
    "period": "Q3",
    "revenue": 10712000000,
    "costOfRevenue": 1809000000,
    "grossProfit": 8903000000,
    "grossProfitRatio": 0.8311239731,
    "researchAndDevelopmentExpenses": 0,
    "generalAndAdministrativeExpenses": 4020000000,
    "sellingAndMarketingExpenses": 129000000,
    "sellingGeneralAndAdministrativeExpenses": 4149000000,
    "otherExpenses": 1943000000,
    "operatingExpenses": 6092000000,
    "costAndExpenses": 7901000000,
    "interestIncome": 2937000000,
    "interestExpense": 1809000000,
    "depreciationAndAmortization": 358000000,
    "ebitda": 3169000000,
    "ebitdaratio": 0.2958364451,
    "operatingIncome": 2811000000,
    "operatingIncomeRatio": 0.2624159821,
    "totalOtherIncomeExpensesNet": 0,
    "incomeBeforeTax": 2811000000,
    "incomeBeforeTaxRatio": 0.2624159821,
    "incomeTaxExpense": 913000000,
    "netIncome": 1898000000,
    "netIncomeRatio": 0.177184466,
    "eps": 3.26,
    "epsdiluted": 3.26,
    "weightedAverageShsOut": 582699994,
    "weightedAverageShsOutDil": 582699994,
    "link": "https://www.sec.gov/Archives/edgar/data/886982/000095012310102658/0000950123-10-102658-index.html",
    "finalLink": "https://www.sec.gov/Archives/edgar/data/886982/000095012310102658/y86940e10vq.htm"
  },
  {
    "date": "2010-06-30",
    "symbol": "GS",
    "reportedCurrency": "USD",
    "cik": "0000886982",
    "fillingDate": "2010-08-09",
    "acceptedDate": "2010-08-06 18:20:06",
    "calendarYear": "2010",
    "period": "Q2",
    "revenue": 10524000000,
    "costOfRevenue": 1683000000,
    "grossProfit": 8841000000,
    "grossProfitRatio": 0.8400798176,
    "researchAndDevelopmentExpenses": 0,
    "generalAndAdministrativeExpenses": 3988000000,
    "sellingAndMarketingExpenses": 116000000,
    "sellingGeneralAndAdministrativeExpenses": 4104000000,
    "otherExpenses": 3289000000,
    "operatingExpenses": 7393000000,
    "costAndExpenses": 9076000000,
    "interestIncome": 3302000000,
    "interestExpense": 1683000000,
    "depreciationAndAmortization": 440000000,
    "ebitda": 1888000000,
    "ebitdaratio": 0.1793994679,
    "operatingIncome": 1448000000,
    "operatingIncomeRatio": 0.1375902699,
    "totalOtherIncomeExpensesNet": 0,
    "incomeBeforeTax": 1448000000,
    "incomeBeforeTaxRatio": 0.1375902699,
    "incomeTaxExpense": 835000000,
    "netIncome": 613000000,
    "netIncomeRatio": 0.0582478145,
    "eps": 1.06,
    "epsdiluted": 1.06,
    "weightedAverageShsOut": 580399994,
    "weightedAverageShsOutDil": 580399994,
    "link": "https://www.sec.gov/Archives/edgar/data/886982/000095012310074469/0000950123-10-074469-index.html",
    "finalLink": "https://www.sec.gov/Archives/edgar/data/886982/000095012310074469/y81145e10vq.htm"
  },
  {
    "date": "2010-03-31",
    "symbol": "GS",
    "reportedCurrency": "USD",
    "cik": "0000886982",
    "fillingDate": "2010-05-10",
    "acceptedDate": "2010-05-07 18:39:11",
    "calendarYear": "2010",
    "period": "Q1",
    "revenue": 14358000000,
    "costOfRevenue": 1583000000,
    "grossProfit": 12775000000,
    "grossProfitRatio": 0.8897478757,
    "researchAndDevelopmentExpenses": 0,
    "generalAndAdministrativeExpenses": 5669000000,
    "sellingAndMarketingExpenses": 110000000,
    "sellingGeneralAndAdministrativeExpenses": 5779000000,
    "otherExpenses": 1837000000,
    "operatingExpenses": 7616000000,
    "costAndExpenses": 9199000000,
    "interestIncome": 3001000000,
    "interestExpense": 1583000000,
    "depreciationAndAmortization": 375000000,
    "ebitda": 5534000000,
    "ebitdaratio": 0.3854297256,
    "operatingIncome": 5159000000,
    "operatingIncomeRatio": 0.3593118819,
    "totalOtherIncomeExpensesNet": 0,
    "incomeBeforeTax": 5159000000,
    "incomeBeforeTaxRatio": 0.3593118819,
    "incomeTaxExpense": 1703000000,
    "netIncome": 3456000000,
    "netIncomeRatio": 0.2407020476,
    "eps": 5.86,
    "epsdiluted": 5.86,
    "weightedAverageShsOut": 589999994,
    "weightedAverageShsOutDil": 589999994,
    "link": "https://www.sec.gov/Archives/edgar/data/886982/000095012310046612/0000950123-10-046612-index.html",
    "finalLink": "https://www.sec.gov/Archives/edgar/data/886982/000095012310046612/y84220e10vq.htm"
  },
  {
    "date": "2009-12-31",
    "symbol": "GS",
    "reportedCurrency": "USD",
    "cik": "0000886982",
    "fillingDate": "2009-12-31",
    "acceptedDate": "2009-12-31 00:00:00",
    "calendarYear": "2009",
    "period": "Q4",
    "revenue": 10922000000,
    "costOfRevenue": 1307000000,
    "grossProfit": 9615000000,
    "grossProfitRatio": 0.8803332723,
    "researchAndDevelopmentExpenses": 0,
    "generalAndAdministrativeExpenses": -1059000000,
    "sellingAndMarketingExpenses": -1582000000,
    "sellingGeneralAndAdministrativeExpenses": -2641000000,
    "otherExpenses": 4879000000,
    "operatingExpenses": 2238000000,
    "costAndExpenses": 3545000000,
    "interestIncome": 3075000000,
    "interestExpense": 1307000000,
    "depreciationAndAmortization": 394000000,
    "ebitda": 7771000000,
    "ebitdaratio": 0.7114997253,
    "operatingIncome": 7377000000,
    "operatingIncomeRatio": 0.6754257462,
    "totalOtherIncomeExpensesNet": 0,
    "incomeBeforeTax": 7377000000,
    "incomeBeforeTaxRatio": 0.6754257462,
    "incomeTaxExpense": 2429000000,
    "netIncome": 4948000000,
    "netIncomeRatio": 0.4530305805,
    "eps": 8.47,
    "epsdiluted": 8.47,
    "weightedAverageShsOut": 583999994,
    "weightedAverageShsOutDil": 583999994,
    "link": null,
    "finalLink": null
  },
  {
    "date": "2009-09-25",
    "symbol": "GS",
    "reportedCurrency": "USD",
    "cik": "0000886982",
    "fillingDate": "2009-11-04",
    "acceptedDate": "2009-11-03 20:22:28",
    "calendarYear": "2009",
    "period": "Q3",
    "revenue": 13682000000,
    "costOfRevenue": 1310000000,
    "grossProfit": 12372000000,
    "grossProfitRatio": 0.9042537641,
    "researchAndDevelopmentExpenses": 0,
    "generalAndAdministrativeExpenses": 5545000000,
    "sellingAndMarketingExpenses": 664000000,
    "sellingGeneralAndAdministrativeExpenses": 6209000000,
    "otherExpenses": 1369000000,
    "operatingExpenses": 7578000000,
    "costAndExpenses": 8888000000,
    "interestIncome": 3000000000,
    "interestExpense": 1310000000,
    "depreciationAndAmortization": 373000000,
    "ebitda": 5167000000,
    "ebitdaratio": 0.3776494665,
    "operatingIncome": 4794000000,
    "operatingIncomeRatio": 0.3503873703,
    "totalOtherIncomeExpensesNet": 0,
    "incomeBeforeTax": 4794000000,
    "incomeBeforeTaxRatio": 0.3503873703,
    "incomeTaxExpense": 1606000000,
    "netIncome": 3188000000,
    "netIncomeRatio": 0.2330068703,
    "eps": 5.53,
    "epsdiluted": 5.53,
    "weightedAverageShsOut": 576899994,
    "weightedAverageShsOutDil": 576899994,
    "link": "https://www.sec.gov/Archives/edgar/data/886982/000095012309057080/0000950123-09-057080-index.htm",
    "finalLink": "https://www.sec.gov/Archives/edgar/data/886982/000095012309057080/y79196e10vq.htm"
  },
  {
    "date": "2009-06-26",
    "symbol": "GS",
    "reportedCurrency": "USD",
    "cik": "0000886982",
    "fillingDate": "2009-08-05",
    "acceptedDate": "2009-08-05 06:10:19",
    "calendarYear": "2009",
    "period": "Q2",
    "revenue": 15189000000,
    "costOfRevenue": 1428000000,
    "grossProfit": 13761000000,
    "grossProfitRatio": 0.9059845941,
    "researchAndDevelopmentExpenses": 0,
    "generalAndAdministrativeExpenses": 6822000000,
    "sellingAndMarketingExpenses": 656000000,
    "sellingGeneralAndAdministrativeExpenses": 7478000000,
    "otherExpenses": 1254000000,
    "operatingExpenses": 8732000000,
    "costAndExpenses": 10160000000,
    "interestIncome": 3470000000,
    "interestExpense": 1428000000,
    "depreciationAndAmortization": 527000000,
    "ebitda": 5556000000,
    "ebitdaratio": 0.365791033,
    "operatingIncome": 5029000000,
    "operatingIncomeRatio": 0.3310948713,
    "totalOtherIncomeExpensesNet": 0,
    "incomeBeforeTax": 5029000000,
    "incomeBeforeTaxRatio": 0.3310948713,
    "incomeTaxExpense": 1594000000,
    "netIncome": 3435000000,
    "netIncomeRatio": 0.2261505037,
    "eps": 6.23,
    "epsdiluted": 6.23,
    "weightedAverageShsOut": 550999994,
    "weightedAverageShsOutDil": 550999994,
    "link": "https://www.sec.gov/Archives/edgar/data/886982/000095012309029919/0000950123-09-029919-index.htm",
    "finalLink": "https://www.sec.gov/Archives/edgar/data/886982/000095012309029919/y78466e10vq.htm"
  },
  {
    "date": "2009-03-27",
    "symbol": "GS",
    "reportedCurrency": "USD",
    "cik": "0000886982",
    "fillingDate": "2009-05-06",
    "acceptedDate": "2009-05-05 21:34:26",
    "calendarYear": "2009",
    "period": "Q1",
    "revenue": 11880000000,
    "costOfRevenue": 2455000000,
    "grossProfit": 9425000000,
    "grossProfitRatio": 0.7933501684,
    "researchAndDevelopmentExpenses": 0,
    "generalAndAdministrativeExpenses": 4885000000,
    "sellingAndMarketingExpenses": 604000000,
    "sellingGeneralAndAdministrativeExpenses": 5489000000,
    "otherExpenses": 1307000000,
    "operatingExpenses": 6796000000,
    "costAndExpenses": 9251000000,
    "interestIncome": 4362000000,
    "interestExpense": 2455000000,
    "depreciationAndAmortization": 649000000,
    "ebitda": 3278000000,
    "ebitdaratio": 0.2759259259,
    "operatingIncome": 2629000000,
    "operatingIncomeRatio": 0.2212962963,
    "totalOtherIncomeExpensesNet": 0,
    "incomeBeforeTax": 2629000000,
    "incomeBeforeTaxRatio": 0.2212962963,
    "incomeTaxExpense": 815000000,
    "netIncome": 1814000000,
    "netIncomeRatio": 0.1526936027,
    "eps": 3.71,
    "epsdiluted": 3.71,
    "weightedAverageShsOut": 477399995,
    "weightedAverageShsOutDil": 489199995,
    "link": "https://www.sec.gov/Archives/edgar/data/886982/000095012309008055/0000950123-09-008055-index.htm",
    "finalLink": "https://www.sec.gov/Archives/edgar/data/886982/000095012309008055/y76709e10vq.htm"
  },
  {
    "date": "2008-11-28",
    "symbol": "GS",
    "reportedCurrency": "USD",
    "cik": "0000886982",
    "fillingDate": "2009-01-27",
    "acceptedDate": "2009-01-27 06:03:28",
    "calendarYear": "2008",
    "period": "Q4",
    "revenue": 3682000000,
    "costOfRevenue": 5260000000,
    "grossProfit": -1578000000,
    "grossProfitRatio": -0.4285714286,
    "researchAndDevelopmentExpenses": 0,
    "generalAndAdministrativeExpenses": 7758000000,
    "sellingAndMarketingExpenses": 196000000,
    "sellingGeneralAndAdministrativeExpenses": 7954000000,
    "otherExpenses": -5933000000,
    "operatingExpenses": 2021000000,
    "costAndExpenses": 7281000000,
    "interestIncome": 6173000000,
    "interestExpense": 5260000000,
    "depreciationAndAmortization": 579000000,
    "ebitda": -3020000000,
    "ebitdaratio": -0.8202064096,
    "operatingIncome": -3599000000,
    "operatingIncomeRatio": -0.9774579033,
    "totalOtherIncomeExpensesNet": 0,
    "incomeBeforeTax": -3599000000,
    "incomeBeforeTaxRatio": -0.9774579033,
    "incomeTaxExpense": -1478000000,
    "netIncome": -2121000000,
    "netIncomeRatio": -0.5760456274,
    "eps": -4.61,
    "epsdiluted": -4.61,
    "weightedAverageShsOut": 459899995,
    "weightedAverageShsOutDil": 459899995,
    "link": "https://www.sec.gov/Archives/edgar/data/886982/000095012309001278/0000950123-09-001278-index.htm",
    "finalLink": "https://www.sec.gov/Archives/edgar/data/886982/000095012309001278/y74032e10vk.htm"
  },
  {
    "date": "2008-08-29",
    "symbol": "GS",
    "reportedCurrency": "USD",
    "cik": "0000886982",
    "fillingDate": "2008-10-08",
    "acceptedDate": "2008-10-07 19:09:25",
    "calendarYear": "2008",
    "period": "Q3",
    "revenue": 13625000000,
    "costOfRevenue": 7582000000,
    "grossProfit": 6043000000,
    "grossProfitRatio": 0.4435229358,
    "researchAndDevelopmentExpenses": 0,
    "generalAndAdministrativeExpenses": 2901000000,
    "sellingAndMarketingExpenses": 119000000,
    "sellingGeneralAndAdministrativeExpenses": 3020000000,
    "otherExpenses": 2063000000,
    "operatingExpenses": 5083000000,
    "costAndExpenses": 12665000000,
    "interestIncome": 8717000000,
    "interestExpense": 7582000000,
    "depreciationAndAmortization": 392000000,
    "ebitda": 1352000000,
    "ebitdaratio": 0.0992293578,
    "operatingIncome": 960000000,
    "operatingIncomeRatio": 0.0704587156,
    "totalOtherIncomeExpensesNet": 0,
    "incomeBeforeTax": 960000000,
    "incomeBeforeTaxRatio": 0.0704587156,
    "incomeTaxExpense": 115000000,
    "netIncome": 845000000,
    "netIncomeRatio": 0.0620183486,
    "eps": 1.88,
    "epsdiluted": 1.88,
    "weightedAverageShsOut": 427599995,
    "weightedAverageShsOutDil": 448299995,
    "link": "https://www.sec.gov/Archives/edgar/data/886982/000095012308012298/0000950123-08-012298-index.htm",
    "finalLink": "https://www.sec.gov/Archives/edgar/data/886982/000095012308012298/y71546e10vq.htm"
  },
  {
    "date": "2008-05-30",
    "symbol": "GS",
    "reportedCurrency": "USD",
    "cik": "0000886982",
    "fillingDate": "2008-07-07",
    "acceptedDate": "2008-07-03 18:09:57",
    "calendarYear": "2008",
    "period": "Q2",
    "revenue": 17643000000,
    "costOfRevenue": 8221000000,
    "grossProfit": 9422000000,
    "grossProfitRatio": 0.5340361617,
    "researchAndDevelopmentExpenses": 0,
    "generalAndAdministrativeExpenses": 4522000000,
    "sellingAndMarketingExpenses": 126000000,
    "sellingGeneralAndAdministrativeExpenses": 4648000000,
    "otherExpenses": 1942000000,
    "operatingExpenses": 6590000000,
    "costAndExpenses": 14811000000,
    "interestIncome": 9498000000,
    "interestExpense": 8221000000,
    "depreciationAndAmortization": 311000000,
    "ebitda": 3143000000,
    "ebitdaratio": 0.1781443065,
    "operatingIncome": 2832000000,
    "operatingIncomeRatio": 0.1605169189,
    "totalOtherIncomeExpensesNet": 0,
    "incomeBeforeTax": 2832000000,
    "incomeBeforeTaxRatio": 0.1605169189,
    "incomeTaxExpense": 745000000,
    "netIncome": 2087000000,
    "netIncomeRatio": 0.1182905402,
    "eps": 4.66,
    "epsdiluted": 4.66,
    "weightedAverageShsOut": 427499995,
    "weightedAverageShsOutDil": 447399995,
    "link": "https://www.sec.gov/Archives/edgar/data/886982/000095012308007597/0000950123-08-007597-index.htm",
    "finalLink": "https://www.sec.gov/Archives/edgar/data/886982/000095012308007597/y61922e10vq.htm"
  },
  {
    "date": "2008-02-29",
    "symbol": "GS",
    "reportedCurrency": "USD",
    "cik": "0000886982",
    "fillingDate": "2008-04-09",
    "acceptedDate": "2008-04-08 19:50:01",
    "calendarYear": "2008",
    "period": "Q1",
    "revenue": 18629000000,
    "costOfRevenue": 10294000000,
    "grossProfit": 8335000000,
    "grossProfitRatio": 0.4474206882,
    "researchAndDevelopmentExpenses": 0,
    "generalAndAdministrativeExpenses": 4001000000,
    "sellingAndMarketingExpenses": 144000000,
    "sellingGeneralAndAdministrativeExpenses": 4145000000,
    "otherExpenses": 2047000000,
    "operatingExpenses": 6192000000,
    "costAndExpenses": 16486000000,
    "interestIncome": 11245000000,
    "interestExpense": 10294000000,
    "depreciationAndAmortization": 343000000,
    "ebitda": 2486000000,
    "ebitdaratio": 0.1334478501,
    "operatingIncome": 2143000000,
    "operatingIncomeRatio": 0.115035697,
    "totalOtherIncomeExpensesNet": 0,
    "incomeBeforeTax": 2143000000,
    "incomeBeforeTaxRatio": 0.115035697,
    "incomeTaxExpense": 632000000,
    "netIncome": 1511000000,
    "netIncomeRatio": 0.0811100972,
    "eps": 3.33,
    "epsdiluted": 3.33,
    "weightedAverageShsOut": 432799995,
    "weightedAverageShsOutDil": 453499995,
    "link": "https://www.sec.gov/Archives/edgar/data/886982/000095012308003960/0000950123-08-003960-index.html",
    "finalLink": "https://www.sec.gov/Archives/edgar/data/886982/000095012308003960/y51267e10vq.htm"
  },
  {
    "date": "2007-11-30",
    "symbol": "GS",
    "reportedCurrency": "USD",
    "cik": "0000886982",
    "fillingDate": "2007-11-30",
    "acceptedDate": "2007-11-30 00:00:00",
    "calendarYear": "2007",
    "period": "Q4",
    "revenue": 21534000000,
    "costOfRevenue": 10793000000,
    "grossProfit": 10741000000,
    "grossProfitRatio": 0.498792607,
    "researchAndDevelopmentExpenses": 0,
    "generalAndAdministrativeExpenses": 3272000000,
    "sellingAndMarketingExpenses": 177000000,
    "sellingGeneralAndAdministrativeExpenses": 3449000000,
    "otherExpenses": 2237000000,
    "operatingExpenses": 5686000000,
    "costAndExpenses": 16479000000,
    "interestIncome": 11518000000,
    "interestExpense": 10793000000,
    "depreciationAndAmortization": 331000000,
    "ebitda": 5386000000,
    "ebitdaratio": 0.2501160955,
    "operatingIncome": 5055000000,
    "operatingIncomeRatio": 0.2347450543,
    "totalOtherIncomeExpensesNet": 0,
    "incomeBeforeTax": 5055000000,
    "incomeBeforeTaxRatio": 0.2347450543,
    "incomeTaxExpense": 1840000000,
    "netIncome": 3215000000,
    "netIncomeRatio": 0.1492987833,
    "eps": 7.43,
    "epsdiluted": 7.43,
    "weightedAverageShsOut": 423399995,
    "weightedAverageShsOutDil": 432800000,
    "link": null,
    "finalLink": null
  },
  {
    "date": "2007-08-31",
    "symbol": "GS",
    "reportedCurrency": "USD",
    "cik": "0000886982",
    "fillingDate": "2007-10-10",
    "acceptedDate": "2007-10-09 19:11:12",
    "calendarYear": "2007",
    "period": "Q3",
    "revenue": 23803000000,
    "costOfRevenue": 11469000000,
    "grossProfit": 12334000000,
    "grossProfitRatio": 0.5181699786,
    "researchAndDevelopmentExpenses": 0,
    "generalAndAdministrativeExpenses": 5920000000,
    "sellingAndMarketingExpenses": 148000000,
    "sellingGeneralAndAdministrativeExpenses": 6068000000,
    "otherExpenses": 2007000000,
    "operatingExpenses": 8075000000,
    "costAndExpenses": 19544000000,
    "interestIncome": 12810000000,
    "interestExpense": 11469000000,
    "depreciationAndAmortization": 283000000,
    "ebitda": 4542000000,
    "ebitdaratio": 0.1908162837,
    "operatingIncome": 4259000000,
    "operatingIncomeRatio": 0.178927026,
    "totalOtherIncomeExpensesNet": 0,
    "incomeBeforeTax": 4259000000,
    "incomeBeforeTaxRatio": 0.178927026,
    "incomeTaxExpense": 1405000000,
    "netIncome": 2854000000,
    "netIncomeRatio": 0.1199008528,
    "eps": 6.24,
    "epsdiluted": 6.24,
    "weightedAverageShsOut": 457399995,
    "weightedAverageShsOutDil": 457399995,
    "link": "https://www.sec.gov/Archives/edgar/data/886982/000095012307013636/0000950123-07-013636-index.html",
    "finalLink": "https://www.sec.gov/Archives/edgar/data/886982/000095012307013636/y40224e10vq.htm"
  },
  {
    "date": "2007-05-25",
    "symbol": "GS",
    "reportedCurrency": "USD",
    "cik": "0000886982",
    "fillingDate": "2007-07-03",
    "acceptedDate": "2007-07-03 16:56:56",
    "calendarYear": "2007",
    "period": "Q2",
    "revenue": 20351000000,
    "costOfRevenue": 10169000000,
    "grossProfit": 10182000000,
    "grossProfitRatio": 0.5003193946,
    "researchAndDevelopmentExpenses": 0,
    "generalAndAdministrativeExpenses": 4887000000,
    "sellingAndMarketingExpenses": 144000000,
    "sellingGeneralAndAdministrativeExpenses": 5031000000,
    "otherExpenses": 1720000000,
    "operatingExpenses": 6751000000,
    "costAndExpenses": 16920000000,
    "interestIncome": 11282000000,
    "interestExpense": 10169000000,
    "depreciationAndAmortization": 281000000,
    "ebitda": 3712000000,
    "ebitdaratio": 0.1823988993,
    "operatingIncome": 3431000000,
    "operatingIncomeRatio": 0.168591224,
    "totalOtherIncomeExpensesNet": 0,
    "incomeBeforeTax": 3431000000,
    "incomeBeforeTaxRatio": 0.168591224,
    "incomeTaxExpense": 1098000000,
    "netIncome": 2333000000,
    "netIncomeRatio": 0.1146381013,
    "eps": 5.03,
    "epsdiluted": 5.03,
    "weightedAverageShsOut": 464099995,
    "weightedAverageShsOutDil": 464099995,
    "link": "https://www.sec.gov/Archives/edgar/data/886982/000095012307009581/0000950123-07-009581-index.htm",
    "finalLink": "https://www.sec.gov/Archives/edgar/data/886982/000095012307009581/y36424e10vq.htm"
  },
  {
    "date": "2007-02-23",
    "symbol": "GS",
    "reportedCurrency": "USD",
    "cik": "0000886982",
    "fillingDate": "2007-04-04",
    "acceptedDate": "2007-04-04 06:01:19",
    "calendarYear": "2007",
    "period": "Q1",
    "revenue": 22280000000,
    "costOfRevenue": 9550000000,
    "grossProfit": 12730000000,
    "grossProfitRatio": 0.5713644524,
    "researchAndDevelopmentExpenses": 0,
    "generalAndAdministrativeExpenses": 6111000000,
    "sellingAndMarketingExpenses": 132000000,
    "sellingGeneralAndAdministrativeExpenses": 6243000000,
    "otherExpenses": 1628000000,
    "operatingExpenses": 7871000000,
    "costAndExpenses": 17421000000,
    "interestIncome": 10358000000,
    "interestExpense": 9550000000,
    "depreciationAndAmortization": 272000000,
    "ebitda": 5131000000,
    "ebitdaratio": 0.2302962298,
    "operatingIncome": 4859000000,
    "operatingIncomeRatio": 0.2180879713,
    "totalOtherIncomeExpensesNet": 0,
    "incomeBeforeTax": 4859000000,
    "incomeBeforeTaxRatio": 0.2180879713,
    "incomeTaxExpense": 1662000000,
    "netIncome": 3197000000,
    "netIncomeRatio": 0.143491921,
    "eps": 6.77,
    "epsdiluted": 6.77,
    "weightedAverageShsOut": 471899995,
    "weightedAverageShsOutDil": 471899995,
    "link": "https://www.sec.gov/Archives/edgar/data/886982/000095012307004987/0000950123-07-004987-index.htm",
    "finalLink": "https://www.sec.gov/Archives/edgar/data/886982/000095012307004987/y31582e10vq.htm"
  },
  {
    "date": "2006-11-24",
    "symbol": "GS",
    "reportedCurrency": "USD",
    "cik": "0000886982",
    "fillingDate": "2007-02-06",
    "acceptedDate": "2007-02-06 06:06:14",
    "calendarYear": "2006",
    "period": "Q4",
    "revenue": 18126000000,
    "costOfRevenue": 8719000000,
    "grossProfit": 9407000000,
    "grossProfitRatio": 0.5189782633,
    "researchAndDevelopmentExpenses": 0,
    "generalAndAdministrativeExpenses": 2560000000,
    "sellingAndMarketingExpenses": 154000000,
    "sellingGeneralAndAdministrativeExpenses": 2714000000,
    "otherExpenses": 1708000000,
    "operatingExpenses": 4422000000,
    "costAndExpenses": 13141000000,
    "interestIncome": 9756000000,
    "interestExpense": 8719000000,
    "depreciationAndAmortization": 266000000,
    "ebitda": 5251000000,
    "ebitdaratio": 0.2896943617,
    "operatingIncome": 4985000000,
    "operatingIncomeRatio": 0.2750193093,
    "totalOtherIncomeExpensesNet": 0,
    "incomeBeforeTax": 4985000000,
    "incomeBeforeTaxRatio": 0.2750193093,
    "incomeTaxExpense": 1833000000,
    "netIncome": 3152000000,
    "netIncomeRatio": 0.1738938541,
    "eps": 6.69,
    "epsdiluted": 6.69,
    "weightedAverageShsOut": 471000000,
    "weightedAverageShsOutDil": 471000000,
    "link": "https://www.sec.gov/Archives/edgar/data/886982/000095012307001332/0000950123-07-001332-index.htm",
    "finalLink": "https://www.sec.gov/Archives/edgar/data/886982/000095012307001332/y29219e10vk.htm"
  },
  {
    "date": "2006-08-25",
    "symbol": "GS",
    "reportedCurrency": "USD",
    "cik": "0000886982",
    "fillingDate": "2006-10-04",
    "acceptedDate": "2006-10-03 20:17:33",
    "calendarYear": "2006",
    "period": "Q3",
    "revenue": 15979000000,
    "costOfRevenue": 8395000000,
    "grossProfit": 7584000000,
    "grossProfitRatio": 0.4746229426,
    "researchAndDevelopmentExpenses": 0,
    "generalAndAdministrativeExpenses": 3510000000,
    "sellingAndMarketingExpenses": 117000000,
    "sellingGeneralAndAdministrativeExpenses": 3627000000,
    "otherExpenses": 1595000000,
    "operatingExpenses": 5222000000,
    "costAndExpenses": 13617000000,
    "interestIncome": 9351000000,
    "interestExpense": 8395000000,
    "depreciationAndAmortization": 251000000,
    "ebitda": 2613000000,
    "ebitdaratio": 0.1635271294,
    "operatingIncome": 2362000000,
    "operatingIncomeRatio": 0.1478190125,
    "totalOtherIncomeExpensesNet": 0,
    "incomeBeforeTax": 2362000000,
    "incomeBeforeTaxRatio": 0.1478190125,
    "incomeTaxExpense": 768000000,
    "netIncome": 1594000000,
    "netIncomeRatio": 0.0997559297,
    "eps": 3.34,
    "epsdiluted": 3.34,
    "weightedAverageShsOut": 477399995,
    "weightedAverageShsOutDil": 477399995,
    "link": "https://www.sec.gov/Archives/edgar/data/886982/000095012306012283/0000950123-06-012283-index.htm",
    "finalLink": "https://www.sec.gov/Archives/edgar/data/886982/000095012306012283/y25363e10vq.htm"
  },
  {
    "date": "2006-05-26",
    "symbol": "GS",
    "reportedCurrency": "USD",
    "cik": "0000886982",
    "fillingDate": "2006-07-03",
    "acceptedDate": "2006-06-30 20:15:46",
    "calendarYear": "2006",
    "period": "Q2",
    "revenue": 18002000000,
    "costOfRevenue": 7761000000,
    "grossProfit": 10241000000,
    "grossProfitRatio": 0.5688812354,
    "researchAndDevelopmentExpenses": 0,
    "generalAndAdministrativeExpenses": 5086000000,
    "sellingAndMarketingExpenses": 121000000,
    "sellingGeneralAndAdministrativeExpenses": 5207000000,
    "otherExpenses": 1510000000,
    "operatingExpenses": 6717000000,
    "costAndExpenses": 14478000000,
    "interestIncome": 8544000000,
    "interestExpense": 7761000000,
    "depreciationAndAmortization": 259000000,
    "ebitda": 3783000000,
    "ebitdaratio": 0.2101433174,
    "operatingIncome": 3524000000,
    "operatingIncomeRatio": 0.1957560271,
    "totalOtherIncomeExpensesNet": 0,
    "incomeBeforeTax": 3524000000,
    "incomeBeforeTaxRatio": 0.1957560271,
    "incomeTaxExpense": 1212000000,
    "netIncome": 2312000000,
    "netIncomeRatio": 0.1284301744,
    "eps": 4.83,
    "epsdiluted": 4.83,
    "weightedAverageShsOut": 478299995,
    "weightedAverageShsOutDil": 478299995,
    "link": "https://www.sec.gov/Archives/edgar/data/886982/000095012306008500/0000950123-06-008500-index.htm",
    "finalLink": "https://www.sec.gov/Archives/edgar/data/886982/000095012306008500/e22624e10vq.htm"
  },
  {
    "date": "2006-02-24",
    "symbol": "GS",
    "reportedCurrency": "USD",
    "cik": "0000886982",
    "fillingDate": "2006-04-05",
    "acceptedDate": "2006-04-04 21:39:15",
    "calendarYear": "2006",
    "period": "Q1",
    "revenue": 17246000000,
    "costOfRevenue": 6813000000,
    "grossProfit": 10433000000,
    "grossProfitRatio": 0.6049518729,
    "researchAndDevelopmentExpenses": 0,
    "generalAndAdministrativeExpenses": 5301000000,
    "sellingAndMarketingExpenses": 100000000,
    "sellingGeneralAndAdministrativeExpenses": 5401000000,
    "otherExpenses": 1343000000,
    "operatingExpenses": 6744000000,
    "costAndExpenses": 13557000000,
    "interestIncome": 7535000000,
    "interestExpense": 6813000000,
    "depreciationAndAmortization": 219000000,
    "ebitda": 3908000000,
    "ebitdaratio": 0.2266032703,
    "operatingIncome": 3689000000,
    "operatingIncomeRatio": 0.2139046735,
    "totalOtherIncomeExpensesNet": 0,
    "incomeBeforeTax": 3689000000,
    "incomeBeforeTaxRatio": 0.2139046735,
    "incomeTaxExpense": 1210000000,
    "netIncome": 2479000000,
    "netIncomeRatio": 0.1437434767,
    "eps": 5.13,
    "epsdiluted": 5.13,
    "weightedAverageShsOut": 483299995,
    "weightedAverageShsOutDil": 483299995,
    "link": "https://www.sec.gov/Archives/edgar/data/886982/000095012306004234/0000950123-06-004234-index.htm",
    "finalLink": "https://www.sec.gov/Archives/edgar/data/886982/000095012306004234/e18332e10vq.htm"
  },
  {
    "date": "2005-11-25",
    "symbol": "GS",
    "reportedCurrency": "USD",
    "cik": "0000886982",
    "fillingDate": "2006-02-07",
    "acceptedDate": "2006-02-07 08:19:42",
    "calendarYear": "2005",
    "period": "Q4",
    "revenue": 12145000000,
    "costOfRevenue": 5742000000,
    "grossProfit": 6403000000,
    "grossProfitRatio": 0.5272128448,
    "researchAndDevelopmentExpenses": 0,
    "generalAndAdministrativeExpenses": 2440000000,
    "sellingAndMarketingExpenses": 110000000,
    "sellingGeneralAndAdministrativeExpenses": 2550000000,
    "otherExpenses": 1374000000,
    "operatingExpenses": 3924000000,
    "costAndExpenses": 9666000000,
    "interestIncome": 6486000000,
    "interestExpense": 5742000000,
    "depreciationAndAmortization": 216000000,
    "ebitda": 2695000000,
    "ebitdaratio": 0.2219020173,
    "operatingIncome": 2479000000,
    "operatingIncomeRatio": 0.2041169205,
    "totalOtherIncomeExpensesNet": 0,
    "incomeBeforeTax": 2479000000,
    "incomeBeforeTaxRatio": 0.2041169205,
    "incomeTaxExpense": 847000000,
    "netIncome": 1632000000,
    "netIncomeRatio": 0.1343762865,
    "eps": 3.36,
    "epsdiluted": 3.36,
    "weightedAverageShsOut": 485000000,
    "weightedAverageShsOutDil": 485000000,
    "link": "https://www.sec.gov/Archives/edgar/data/886982/000095012306001208/0000950123-06-001208-index.htm",
    "finalLink": "https://www.sec.gov/Archives/edgar/data/886982/000095012306001208/y16720e10vk.htm"
  },
  {
    "date": "2005-08-26",
    "symbol": "GS",
    "reportedCurrency": "USD",
    "cik": "0000886982",
    "fillingDate": "2005-10-05",
    "acceptedDate": "2005-10-04 19:29:45",
    "calendarYear": "2005",
    "period": "Q3",
    "revenue": 12333000000,
    "costOfRevenue": 4940000000,
    "grossProfit": 7393000000,
    "grossProfitRatio": 0.5994486337,
    "researchAndDevelopmentExpenses": 0,
    "generalAndAdministrativeExpenses": 3642000000,
    "sellingAndMarketingExpenses": 92000000,
    "sellingGeneralAndAdministrativeExpenses": 3734000000,
    "otherExpenses": 1254000000,
    "operatingExpenses": 4988000000,
    "costAndExpenses": 9928000000,
    "interestIncome": 5721000000,
    "interestExpense": 4940000000,
    "depreciationAndAmortization": 210000000,
    "ebitda": 2615000000,
    "ebitdaratio": 0.2120327576,
    "operatingIncome": 2405000000,
    "operatingIncomeRatio": 0.1950052704,
    "totalOtherIncomeExpensesNet": 0,
    "incomeBeforeTax": 2405000000,
    "incomeBeforeTaxRatio": 0.1950052704,
    "incomeTaxExpense": 788000000,
    "netIncome": 1617000000,
    "netIncomeRatio": 0.1311116517,
    "eps": 3.27,
    "epsdiluted": 3.27,
    "weightedAverageShsOut": 473299995,
    "weightedAverageShsOutDil": 494199995,
    "link": "https://www.sec.gov/Archives/edgar/data/886982/000095012305011860/0000950123-05-011860-index.htm",
    "finalLink": "https://www.sec.gov/Archives/edgar/data/886982/000095012305011860/e13136e10vq.htm"
  },
  {
    "date": "2005-05-27",
    "symbol": "GS",
    "reportedCurrency": "USD",
    "cik": "0000886982",
    "fillingDate": "2005-07-05",
    "acceptedDate": "2005-07-01 18:53:16",
    "calendarYear": "2005",
    "period": "Q2",
    "revenue": 8949000000,
    "costOfRevenue": 4022000000,
    "grossProfit": 4927000000,
    "grossProfitRatio": 0.5505643089,
    "researchAndDevelopmentExpenses": 0,
    "generalAndAdministrativeExpenses": 2403000000,
    "sellingAndMarketingExpenses": 94000000,
    "sellingGeneralAndAdministrativeExpenses": 2497000000,
    "otherExpenses": 1186000000,
    "operatingExpenses": 3683000000,
    "costAndExpenses": 7705000000,
    "interestIncome": 4867000000,
    "interestExpense": 4022000000,
    "depreciationAndAmortization": 230000000,
    "ebitda": 1474000000,
    "ebitdaratio": 0.1647111409,
    "operatingIncome": 1244000000,
    "operatingIncomeRatio": 0.1390099452,
    "totalOtherIncomeExpensesNet": 0,
    "incomeBeforeTax": 1244000000,
    "incomeBeforeTaxRatio": 0.1390099452,
    "incomeTaxExpense": 379000000,
    "netIncome": 865000000,
    "netIncomeRatio": 0.0966588446,
    "eps": 1.71,
    "epsdiluted": 1.71,
    "weightedAverageShsOut": 485399995,
    "weightedAverageShsOutDil": 506199994,
    "link": "https://www.sec.gov/Archives/edgar/data/886982/000095012305008131/0000950123-05-008131-index.htm",
    "finalLink": "https://www.sec.gov/Archives/edgar/data/886982/000095012305008131/e10350e10vq.htm"
  },
  {
    "date": "2005-02-25",
    "symbol": "GS",
    "reportedCurrency": "USD",
    "cik": "0000886982",
    "fillingDate": "2005-04-06",
    "acceptedDate": "2005-04-05 20:17:43",
    "calendarYear": "2005",
    "period": "Q1",
    "revenue": 9964000000,
    "costOfRevenue": 3449000000,
    "grossProfit": 6515000000,
    "grossProfitRatio": 0.6538538739,
    "researchAndDevelopmentExpenses": 0,
    "generalAndAdministrativeExpenses": 3203000000,
    "sellingAndMarketingExpenses": 82000000,
    "sellingGeneralAndAdministrativeExpenses": 3285000000,
    "otherExpenses": 1085000000,
    "operatingExpenses": 4370000000,
    "costAndExpenses": 7819000000,
    "interestIncome": 4176000000,
    "interestExpense": 3449000000,
    "depreciationAndAmortization": 198000000,
    "ebitda": 2343000000,
    "ebitdaratio": 0.2351465275,
    "operatingIncome": 2145000000,
    "operatingIncomeRatio": 0.21527499,
    "totalOtherIncomeExpensesNet": 0,
    "incomeBeforeTax": 2145000000,
    "incomeBeforeTaxRatio": 0.21527499,
    "incomeTaxExpense": 633000000,
    "netIncome": 1512000000,
    "netIncomeRatio": 0.1517462866,
    "eps": 2.94,
    "epsdiluted": 2.94,
    "weightedAverageShsOut": 494299995,
    "weightedAverageShsOutDil": 515099994,
    "link": "https://www.sec.gov/Archives/edgar/data/886982/000095012305004104/0000950123-05-004104-index.htm",
    "finalLink": "https://www.sec.gov/Archives/edgar/data/886982/000095012305004104/e07342e10vq.htm"
  },
  {
    "date": "2004-11-26",
    "symbol": "GS",
    "reportedCurrency": "USD",
    "cik": "0000886982",
    "fillingDate": "2005-02-08",
    "acceptedDate": "2005-02-07 21:16:42",
    "calendarYear": "2004",
    "period": "Q4",
    "revenue": 7455000000,
    "costOfRevenue": 2821000000,
    "grossProfit": 4634000000,
    "grossProfitRatio": 0.6215962441,
    "researchAndDevelopmentExpenses": 0,
    "generalAndAdministrativeExpenses": 1617000000,
    "sellingAndMarketingExpenses": 160000000,
    "sellingGeneralAndAdministrativeExpenses": 1777000000,
    "otherExpenses": 1143000000,
    "operatingExpenses": 2920000000,
    "costAndExpenses": 5741000000,
    "interestIncome": 3754000000,
    "interestExpense": 2821000000,
    "depreciationAndAmortization": 157000000,
    "ebitda": 1871000000,
    "ebitdaratio": 0.2509725017,
    "operatingIncome": 1714000000,
    "operatingIncomeRatio": 0.2299128102,
    "totalOtherIncomeExpensesNet": 0,
    "incomeBeforeTax": 1714000000,
    "incomeBeforeTaxRatio": 0.2299128102,
    "incomeTaxExpense": 520000000,
    "netIncome": 1194000000,
    "netIncomeRatio": 0.1601609658,
    "eps": 2.36,
    "epsdiluted": 2.36,
    "weightedAverageShsOut": 488899995,
    "weightedAverageShsOutDil": 506000000,
    "link": "https://www.sec.gov/Archives/edgar/data/886982/000095012305001271/0000950123-05-001271-index.htm",
    "finalLink": "https://www.sec.gov/Archives/edgar/data/886982/000095012305001271/e05053e10vk.htm"
  },
  {
    "date": "2004-08-27",
    "symbol": "GS",
    "reportedCurrency": "USD",
    "cik": "0000886982",
    "fillingDate": "2004-10-08",
    "acceptedDate": "2004-10-08 08:01:43",
    "calendarYear": "2004",
    "period": "Q3",
    "revenue": 6803000000,
    "costOfRevenue": 2156000000,
    "grossProfit": 4647000000,
    "grossProfitRatio": 0.6830809937,
    "researchAndDevelopmentExpenses": 0,
    "generalAndAdministrativeExpenses": 2269000000,
    "sellingAndMarketingExpenses": 76000000,
    "sellingGeneralAndAdministrativeExpenses": 2345000000,
    "otherExpenses": 1009000000,
    "operatingExpenses": 3354000000,
    "costAndExpenses": 5510000000,
    "interestIncome": 2905000000,
    "interestExpense": 2156000000,
    "depreciationAndAmortization": 315000000,
    "ebitda": 1608000000,
    "ebitdaratio": 0.236366309,
    "operatingIncome": 1293000000,
    "operatingIncomeRatio": 0.1900632074,
    "totalOtherIncomeExpensesNet": 0,
    "incomeBeforeTax": 1293000000,
    "incomeBeforeTaxRatio": 0.1900632074,
    "incomeTaxExpense": 414000000,
    "netIncome": 879000000,
    "netIncomeRatio": 0.1292077025,
    "eps": 1.74,
    "epsdiluted": 1.74,
    "weightedAverageShsOut": 489199995,
    "weightedAverageShsOutDil": 504999994,
    "link": "https://www.sec.gov/Archives/edgar/data/886982/000095012304011886/0000950123-04-011886-index.htm",
    "finalLink": "https://www.sec.gov/Archives/edgar/data/886982/000095012304011886/y03179e10vq.htm"
  },
  {
    "date": "2004-05-28",
    "symbol": "GS",
    "reportedCurrency": "USD",
    "cik": "0000886982",
    "fillingDate": "2004-07-09",
    "acceptedDate": "2004-07-09 08:22:34",
    "calendarYear": "2004",
    "period": "Q2",
    "revenue": 7676000000,
    "costOfRevenue": 2038000000,
    "grossProfit": 5638000000,
    "grossProfitRatio": 0.7344971339,
    "researchAndDevelopmentExpenses": 0,
    "generalAndAdministrativeExpenses": 2756000000,
    "sellingAndMarketingExpenses": 76000000,
    "sellingGeneralAndAdministrativeExpenses": 2832000000,
    "otherExpenses": 1066000000,
    "operatingExpenses": 3898000000,
    "costAndExpenses": 5936000000,
    "interestIncome": 2710000000,
    "interestExpense": 2038000000,
    "depreciationAndAmortization": 97000000,
    "ebitda": 1837000000,
    "ebitdaratio": 0.2393173528,
    "operatingIncome": 1740000000,
    "operatingIncomeRatio": 0.2266805628,
    "totalOtherIncomeExpensesNet": 0,
    "incomeBeforeTax": 1740000000,
    "incomeBeforeTaxRatio": 0.2266805628,
    "incomeTaxExpense": 553000000,
    "netIncome": 1187000000,
    "netIncomeRatio": 0.1546378322,
    "eps": 2.31,
    "epsdiluted": 2.31,
    "weightedAverageShsOut": 487899995,
    "weightedAverageShsOutDil": 513499994,
    "link": "https://www.sec.gov/Archives/edgar/data/886982/000095012304008289/0000950123-04-008289-index.htm",
    "finalLink": "https://www.sec.gov/Archives/edgar/data/886982/000095012304008289/y98832e10vq.htm"
  },
  {
    "date": "2004-02-27",
    "symbol": "GS",
    "reportedCurrency": "USD",
    "cik": "0000886982",
    "fillingDate": "2004-04-06",
    "acceptedDate": "2004-04-06 08:16:12",
    "calendarYear": "2004",
    "period": "Q1",
    "revenue": 7905000000,
    "costOfRevenue": 1873000000,
    "grossProfit": 6032000000,
    "grossProfitRatio": 0.7630613536,
    "researchAndDevelopmentExpenses": 0,
    "generalAndAdministrativeExpenses": 2964000000,
    "sellingAndMarketingExpenses": 62000000,
    "sellingGeneralAndAdministrativeExpenses": 3026000000,
    "otherExpenses": 1077000000,
    "operatingExpenses": 4103000000,
    "costAndExpenses": 5976000000,
    "interestIncome": 2545000000,
    "interestExpense": 1873000000,
    "depreciationAndAmortization": 222000000,
    "ebitda": 2151000000,
    "ebitdaratio": 0.2721062619,
    "operatingIncome": 1929000000,
    "operatingIncomeRatio": 0.2440227704,
    "totalOtherIncomeExpensesNet": 0,
    "incomeBeforeTax": 1929000000,
    "incomeBeforeTaxRatio": 0.2440227704,
    "incomeTaxExpense": 636000000,
    "netIncome": 1293000000,
    "netIncomeRatio": 0.1635673624,
    "eps": 2.5,
    "epsdiluted": 2.5,
    "weightedAverageShsOut": 491999995,
    "weightedAverageShsOutDil": 517099994,
    "link": "https://www.sec.gov/Archives/edgar/data/886982/000095012304004278/0000950123-04-004278-index.htm",
    "finalLink": "https://www.sec.gov/Archives/edgar/data/886982/000095012304004278/y95681e10vq.htm"
  },
  {
    "date": "2003-11-28",
    "symbol": "GS",
    "reportedCurrency": "USD",
    "cik": "0000886982",
    "fillingDate": "2004-02-24",
    "acceptedDate": "2004-02-24 09:05:23",
    "calendarYear": "2003",
    "period": "Q4",
    "revenue": 5829000000,
    "costOfRevenue": 1771000000,
    "grossProfit": 4058000000,
    "grossProfitRatio": 0.6961743009,
    "researchAndDevelopmentExpenses": 0,
    "generalAndAdministrativeExpenses": 1411000000,
    "sellingAndMarketingExpenses": 83000000,
    "sellingGeneralAndAdministrativeExpenses": 1494000000,
    "otherExpenses": 1155000000,
    "operatingExpenses": 2649000000,
    "costAndExpenses": 4420000000,
    "interestIncome": 2411000000,
    "interestExpense": 1771000000,
    "depreciationAndAmortization": 337000000,
    "ebitda": 1746000000,
    "ebitdaratio": 0.2995367988,
    "operatingIncome": 1409000000,
    "operatingIncomeRatio": 0.2417224224,
    "totalOtherIncomeExpensesNet": 0,
    "incomeBeforeTax": 1409000000,
    "incomeBeforeTaxRatio": 0.2417224224,
    "incomeTaxExpense": 438000000,
    "netIncome": 971000000,
    "netIncomeRatio": 0.1665808887,
    "eps": 1.89,
    "epsdiluted": 1.89,
    "weightedAverageShsOut": 489899995,
    "weightedAverageShsOutDil": 513000000,
    "link": "https://www.sec.gov/Archives/edgar/data/886982/000095012304002239/0000950123-04-002239-index.htm",
    "finalLink": "https://www.sec.gov/Archives/edgar/data/886982/000095012304002239/y94357e10vk.htm"
  },
  {
    "date": "2003-08-29",
    "symbol": "GS",
    "reportedCurrency": "USD",
    "cik": "0000886982",
    "fillingDate": "2003-10-10",
    "acceptedDate": "2003-10-10 08:14:41",
    "calendarYear": "2003",
    "period": "Q3",
    "revenue": 5715000000,
    "costOfRevenue": 1922000000,
    "grossProfit": 3793000000,
    "grossProfitRatio": 0.6636920385,
    "researchAndDevelopmentExpenses": 0,
    "generalAndAdministrativeExpenses": 1896000000,
    "sellingAndMarketingExpenses": 62000000,
    "sellingGeneralAndAdministrativeExpenses": 1958000000,
    "otherExpenses": 855000000,
    "operatingExpenses": 2813000000,
    "costAndExpenses": 4735000000,
    "interestIncome": 2841000000,
    "interestExpense": 1922000000,
    "depreciationAndAmortization": 170000000,
    "ebitda": 1150000000,
    "ebitdaratio": 0.2012248469,
    "operatingIncome": 980000000,
    "operatingIncomeRatio": 0.1714785652,
    "totalOtherIncomeExpensesNet": 0,
    "incomeBeforeTax": 980000000,
    "incomeBeforeTaxRatio": 0.1714785652,
    "incomeTaxExpense": 303000000,
    "netIncome": 677000000,
    "netIncomeRatio": 0.1184601925,
    "eps": 1.32,
    "epsdiluted": 1.32,
    "weightedAverageShsOut": 488499995,
    "weightedAverageShsOutDil": 511699994,
    "link": "https://www.sec.gov/Archives/edgar/data/886982/000095012303011277/0000950123-03-011277-index.htm",
    "finalLink": "https://www.sec.gov/Archives/edgar/data/886982/000095012303011277/y90439e10vq.htm"
  },
  {
    "date": "2003-05-30",
    "symbol": "GS",
    "reportedCurrency": "USD",
    "cik": "0000886982",
    "fillingDate": "2003-07-11",
    "acceptedDate": "2003-07-11 08:15:32",
    "calendarYear": "2003",
    "period": "Q2",
    "revenue": 5985000000,
    "costOfRevenue": 2000000000,
    "grossProfit": 3985000000,
    "grossProfitRatio": 0.6658312448,
    "researchAndDevelopmentExpenses": 0,
    "generalAndAdministrativeExpenses": 1992000000,
    "sellingAndMarketingExpenses": 64000000,
    "sellingGeneralAndAdministrativeExpenses": 2056000000,
    "otherExpenses": 891000000,
    "operatingExpenses": 2947000000,
    "costAndExpenses": 4947000000,
    "interestIncome": 2867000000,
    "interestExpense": 2000000000,
    "depreciationAndAmortization": 185000000,
    "ebitda": 1223000000,
    "ebitdaratio": 0.2043441938,
    "operatingIncome": 1038000000,
    "operatingIncomeRatio": 0.173433584,
    "totalOtherIncomeExpensesNet": 0,
    "incomeBeforeTax": 1038000000,
    "incomeBeforeTaxRatio": 0.173433584,
    "incomeTaxExpense": 343000000,
    "netIncome": 695000000,
    "netIncomeRatio": 0.1161236424,
    "eps": 1.36,
    "epsdiluted": 1.36,
    "weightedAverageShsOut": 485799995,
    "weightedAverageShsOutDil": 510199994,
    "link": "https://www.sec.gov/Archives/edgar/data/886982/000095012303008090/0000950123-03-008090-index.htm",
    "finalLink": "https://www.sec.gov/Archives/edgar/data/886982/000095012303008090/y88194e10vq.htm"
  },
  {
    "date": "2003-02-28",
    "symbol": "GS",
    "reportedCurrency": "USD",
    "cik": "0000886982",
    "fillingDate": "2003-02-28",
    "acceptedDate": "2003-02-28 00:00:00",
    "calendarYear": "2003",
    "period": "Q1",
    "revenue": 6094000000,
    "costOfRevenue": 1907000000,
    "grossProfit": 4187000000,
    "grossProfitRatio": 0.6870692484,
    "researchAndDevelopmentExpenses": 0,
    "generalAndAdministrativeExpenses": 2094000000,
    "sellingAndMarketingExpenses": 55000000,
    "sellingGeneralAndAdministrativeExpenses": 2149000000,
    "otherExpenses": 1020000000,
    "operatingExpenses": 3169000000,
    "costAndExpenses": 5076000000,
    "interestIncome": 2632000000,
    "interestExpense": 1907000000,
    "depreciationAndAmortization": 189000000,
    "ebitda": 1207000000,
    "ebitdaratio": 0.1980636692,
    "operatingIncome": 1018000000,
    "operatingIncomeRatio": 0.1670495569,
    "totalOtherIncomeExpensesNet": 0,
    "incomeBeforeTax": 1018000000,
    "incomeBeforeTaxRatio": 0.1670495569,
    "incomeTaxExpense": 356000000,
    "netIncome": 662000000,
    "netIncomeRatio": 0.1086314408,
    "eps": 1.29,
    "epsdiluted": 1.29,
    "weightedAverageShsOut": 489299995,
    "weightedAverageShsOutDil": 511999994,
    "link": null,
    "finalLink": null
  },
  {
    "date": "2002-11-29",
    "symbol": "GS",
    "reportedCurrency": "USD",
    "cik": "0000886982",
    "fillingDate": "2003-02-27",
    "acceptedDate": "2003-02-27 09:00:44",
    "calendarYear": "2002",
    "period": "Q4",
    "revenue": 5048000000,
    "costOfRevenue": 2160000000,
    "grossProfit": 2888000000,
    "grossProfitRatio": 0.5721077655,
    "researchAndDevelopmentExpenses": 0,
    "generalAndAdministrativeExpenses": 1195000000,
    "sellingAndMarketingExpenses": 75000000,
    "sellingGeneralAndAdministrativeExpenses": 1270000000,
    "otherExpenses": 899000000,
    "operatingExpenses": 2169000000,
    "costAndExpenses": 4329000000,
    "interestIncome": 2780000000,
    "interestExpense": 2160000000,
    "depreciationAndAmortization": 199000000,
    "ebitda": 918000000,
    "ebitdaratio": 0.1818541997,
    "operatingIncome": 719000000,
    "operatingIncomeRatio": 0.1424326466,
    "totalOtherIncomeExpensesNet": 0,
    "incomeBeforeTax": 719000000,
    "incomeBeforeTaxRatio": 0.1424326466,
    "incomeTaxExpense": 214000000,
    "netIncome": 505000000,
    "netIncomeRatio": 0.1000396197,
    "eps": 0.98,
    "epsdiluted": 0.98,
    "weightedAverageShsOut": 490799995,
    "weightedAverageShsOutDil": 515000000,
    "link": "https://www.sec.gov/Archives/edgar/data/886982/000095012303002099/0000950123-03-002099-index.htm",
    "finalLink": "https://www.sec.gov/Archives/edgar/data/886982/000095012303002099/y83718e10vk.htm"
  },
  {
    "date": "2002-08-30",
    "symbol": "GS",
    "reportedCurrency": "USD",
    "cik": "0000886982",
    "fillingDate": "2002-10-11",
    "acceptedDate": "2002-10-11 08:33:57",
    "calendarYear": "2002",
    "period": "Q3",
    "revenue": 5872000000,
    "costOfRevenue": 2223000000,
    "grossProfit": 3649000000,
    "grossProfitRatio": 0.6214237057,
    "researchAndDevelopmentExpenses": 0,
    "generalAndAdministrativeExpenses": 1824000000,
    "sellingAndMarketingExpenses": 75000000,
    "sellingGeneralAndAdministrativeExpenses": 1899000000,
    "otherExpenses": 956000000,
    "operatingExpenses": 2855000000,
    "costAndExpenses": 5078000000,
    "interestIncome": 2919000000,
    "interestExpense": 2223000000,
    "depreciationAndAmortization": 192000000,
    "ebitda": 986000000,
    "ebitdaratio": 0.1679155313,
    "operatingIncome": 794000000,
    "operatingIncomeRatio": 0.1352179837,
    "totalOtherIncomeExpensesNet": 0,
    "incomeBeforeTax": 794000000,
    "incomeBeforeTaxRatio": 0.1352179837,
    "incomeTaxExpense": 272000000,
    "netIncome": 522000000,
    "netIncomeRatio": 0.0888964578,
    "eps": 1,
    "epsdiluted": 1,
    "weightedAverageShsOut": 494899995,
    "weightedAverageShsOutDil": 520399994,
    "link": "https://www.sec.gov/Archives/edgar/data/886982/000095012302009633/0000950123-02-009633-index.htm",
    "finalLink": "https://www.sec.gov/Archives/edgar/data/886982/000095012302009633/y64366e10vq.htm"
  },
  {
    "date": "2002-05-31",
    "symbol": "GS",
    "reportedCurrency": "USD",
    "cik": "0000886982",
    "fillingDate": "2002-05-31",
    "acceptedDate": "2002-05-31 00:00:00",
    "calendarYear": "2002",
    "period": "Q2",
    "revenue": 6234000000,
    "costOfRevenue": 2383000000,
    "grossProfit": 3851000000,
    "grossProfitRatio": 0.617741418,
    "researchAndDevelopmentExpenses": 0,
    "generalAndAdministrativeExpenses": 1926000000,
    "sellingAndMarketingExpenses": 86000000,
    "sellingGeneralAndAdministrativeExpenses": 2012000000,
    "otherExpenses": 938000000,
    "operatingExpenses": 2950000000,
    "costAndExpenses": 5333000000,
    "interestIncome": 3056000000,
    "interestExpense": 2383000000,
    "depreciationAndAmortization": 185000000,
    "ebitda": 1086000000,
    "ebitdaratio": 0.1742059673,
    "operatingIncome": 901000000,
    "operatingIncomeRatio": 0.1445299968,
    "totalOtherIncomeExpensesNet": 0,
    "incomeBeforeTax": 901000000,
    "incomeBeforeTaxRatio": 0.1445299968,
    "incomeTaxExpense": 338000000,
    "netIncome": 563000000,
    "netIncomeRatio": 0.0903111967,
    "eps": 1.06,
    "epsdiluted": 1.06,
    "weightedAverageShsOut": 530999994,
    "weightedAverageShsOutDil": 530999994,
    "link": null,
    "finalLink": null
  },
  {
    "date": "2002-02-22",
    "symbol": "GS",
    "reportedCurrency": "USD",
    "cik": "0000886982",
    "fillingDate": "2002-04-04",
    "acceptedDate": "2002-04-04 00:00:00",
    "calendarYear": "2002",
    "period": "Q1",
    "revenue": 5700000000,
    "costOfRevenue": 2102000000,
    "grossProfit": 3598000000,
    "grossProfitRatio": 0.6312280702,
    "researchAndDevelopmentExpenses": 0,
    "generalAndAdministrativeExpenses": 1799000000,
    "sellingAndMarketingExpenses": 70000000,
    "sellingGeneralAndAdministrativeExpenses": 1869000000,
    "otherExpenses": 890000000,
    "operatingExpenses": 2759000000,
    "costAndExpenses": 4861000000,
    "interestIncome": 2514000000,
    "interestExpense": 2102000000,
    "depreciationAndAmortization": 168000000,
    "ebitda": 1007000000,
    "ebitdaratio": 0.1766666667,
    "operatingIncome": 839000000,
    "operatingIncomeRatio": 0.1471929825,
    "totalOtherIncomeExpensesNet": 0,
    "incomeBeforeTax": 839000000,
    "incomeBeforeTaxRatio": 0.1471929825,
    "incomeTaxExpense": 315000000,
    "netIncome": 524000000,
    "netIncomeRatio": 0.0919298246,
    "eps": 0.98,
    "epsdiluted": 0.98,
    "weightedAverageShsOut": 534399994,
    "weightedAverageShsOutDil": 534399994,
    "link": "https://www.sec.gov/Archives/edgar/data/886982/000095012302003379/0000950123-02-003379-index.htm",
    "finalLink": "https://www.sec.gov/Archives/edgar/data/886982/000095012302003379/y59192e10-q.htm"
  },
  {
    "date": "2001-11-30",
    "symbol": "GS",
    "reportedCurrency": "USD",
    "cik": "0000886982",
    "fillingDate": "2001-11-30",
    "acceptedDate": "2001-11-30 00:00:00",
    "calendarYear": "2001",
    "period": "Q4",
    "revenue": 6118000000,
    "costOfRevenue": 2691000000,
    "grossProfit": 3427000000,
    "grossProfitRatio": 0.5601503759,
    "researchAndDevelopmentExpenses": 0,
    "generalAndAdministrativeExpenses": 1632000000,
    "sellingAndMarketingExpenses": 90000000,
    "sellingGeneralAndAdministrativeExpenses": 1722000000,
    "otherExpenses": 981000000,
    "operatingExpenses": 2703000000,
    "costAndExpenses": 5394000000,
    "interestIncome": 3185000000,
    "interestExpense": 2691000000,
    "depreciationAndAmortization": 242000000,
    "ebitda": 966000000,
    "ebitdaratio": 0.1578947368,
    "operatingIncome": 724000000,
    "operatingIncomeRatio": 0.1183393266,
    "totalOtherIncomeExpensesNet": 0,
    "incomeBeforeTax": 724000000,
    "incomeBeforeTaxRatio": 0.1183393266,
    "incomeTaxExpense": 227000000,
    "netIncome": 497000000,
    "netIncomeRatio": 0.0812356979,
    "eps": 0.93,
    "epsdiluted": 0.93,
    "weightedAverageShsOut": 534000000,
    "weightedAverageShsOutDil": 534000000,
    "link": null,
    "finalLink": null
  },
  {
    "date": "2001-08-31",
    "symbol": "GS",
    "reportedCurrency": "USD",
    "cik": "0000886982",
    "fillingDate": "2001-10-10",
    "acceptedDate": "2001-10-10 00:00:00",
    "calendarYear": "2001",
    "period": "Q3",
    "revenue": 7360000000,
    "costOfRevenue": 3699000000,
    "grossProfit": 3661000000,
    "grossProfitRatio": 0.4974184783,
    "researchAndDevelopmentExpenses": 0,
    "generalAndAdministrativeExpenses": 1794000000,
    "sellingAndMarketingExpenses": 90000000,
    "sellingGeneralAndAdministrativeExpenses": 1884000000,
    "otherExpenses": 1010000000,
    "operatingExpenses": 2894000000,
    "costAndExpenses": 6593000000,
    "interestIncome": 3964000000,
    "interestExpense": 3699000000,
    "depreciationAndAmortization": 226000000,
    "ebitda": 993000000,
    "ebitdaratio": 0.1349184783,
    "operatingIncome": 767000000,
    "operatingIncomeRatio": 0.1042119565,
    "totalOtherIncomeExpensesNet": 0,
    "incomeBeforeTax": 767000000,
    "incomeBeforeTaxRatio": 0.1042119565,
    "incomeTaxExpense": 299000000,
    "netIncome": 468000000,
    "netIncomeRatio": 0.0635869565,
    "eps": 0.87,
    "epsdiluted": 0.87,
    "weightedAverageShsOut": 539699994,
    "weightedAverageShsOutDil": 539699994,
    "link": "https://www.sec.gov/Archives/edgar/data/886982/000095012301507097/0000950123-01-507097-index.html",
    "finalLink": "https://www.sec.gov/Archives/edgar/data/886982/000095012301507097/y53805e10-q.htm"
  },
  {
    "date": "2001-05-25",
    "symbol": "GS",
    "reportedCurrency": "USD",
    "cik": "0000886982",
    "fillingDate": "2001-07-02",
    "acceptedDate": "2001-07-02 00:00:00",
    "calendarYear": "2001",
    "period": "Q2",
    "revenue": 8158000000,
    "costOfRevenue": 4168000000,
    "grossProfit": 3990000000,
    "grossProfitRatio": 0.4890904633,
    "researchAndDevelopmentExpenses": 0,
    "generalAndAdministrativeExpenses": 1907000000,
    "sellingAndMarketingExpenses": 102000000,
    "sellingGeneralAndAdministrativeExpenses": 2009000000,
    "otherExpenses": 1035000000,
    "operatingExpenses": 3044000000,
    "costAndExpenses": 7212000000,
    "interestIncome": 4334000000,
    "interestExpense": 4168000000,
    "depreciationAndAmortization": 209000000,
    "ebitda": 1155000000,
    "ebitdaratio": 0.1415788183,
    "operatingIncome": 946000000,
    "operatingIncomeRatio": 0.1159597941,
    "totalOtherIncomeExpensesNet": 0,
    "incomeBeforeTax": 946000000,
    "incomeBeforeTaxRatio": 0.1159597941,
    "incomeTaxExpense": 369000000,
    "netIncome": 577000000,
    "netIncomeRatio": 0.0707281196,
    "eps": 1.06,
    "epsdiluted": 1.06,
    "weightedAverageShsOut": 545799994,
    "weightedAverageShsOutDil": 545799994,
    "link": "https://www.sec.gov/Archives/edgar/data/886982/000095012301504044/0000950123-01-504044-index.html",
    "finalLink": "https://www.sec.gov/Archives/edgar/data/886982/000095012301504044/y50950e10-q.htm"
  },
  {
    "date": "2001-02-23",
    "symbol": "GS",
    "reportedCurrency": "USD",
    "cik": "0000886982",
    "fillingDate": "2001-04-06",
    "acceptedDate": "2001-04-06 00:00:00",
    "calendarYear": "2001",
    "period": "Q1",
    "revenue": 9502000000,
    "costOfRevenue": 4769000000,
    "grossProfit": 4733000000,
    "grossProfitRatio": 0.498105662,
    "researchAndDevelopmentExpenses": 0,
    "generalAndAdministrativeExpenses": 2367000000,
    "sellingAndMarketingExpenses": 124000000,
    "sellingGeneralAndAdministrativeExpenses": 2491000000,
    "otherExpenses": 983000000,
    "operatingExpenses": 3474000000,
    "costAndExpenses": 8243000000,
    "interestIncome": 5137000000,
    "interestExpense": 4769000000,
    "depreciationAndAmortization": 196000000,
    "ebitda": 1455000000,
    "ebitdaratio": 0.1531256578,
    "operatingIncome": 1259000000,
    "operatingIncomeRatio": 0.1324984214,
    "totalOtherIncomeExpensesNet": 0,
    "incomeBeforeTax": 1259000000,
    "incomeBeforeTaxRatio": 0.1324984214,
    "incomeTaxExpense": 491000000,
    "netIncome": 768000000,
    "netIncomeRatio": 0.0808250895,
    "eps": 1.4,
    "epsdiluted": 1.4,
    "weightedAverageShsOut": 548599994,
    "weightedAverageShsOutDil": 548599994,
    "link": "https://www.sec.gov/Archives/edgar/data/886982/000095012301003173/0000950123-01-003173-index.htm",
    "finalLink": "https://www.sec.gov/Archives/edgar/data/886982/000095012301003173/y47512e10-q.htm"
  },
  {
    "date": "2000-11-30",
    "symbol": "GS",
    "reportedCurrency": "USD",
    "cik": "0000886982",
    "fillingDate": "2000-11-30",
    "acceptedDate": "2000-11-30 00:00:00",
    "calendarYear": "2000",
    "period": "Q4",
    "revenue": 7989000000,
    "costOfRevenue": 4574000000,
    "grossProfit": 3415000000,
    "grossProfitRatio": 0.4274627613,
    "researchAndDevelopmentExpenses": 0,
    "generalAndAdministrativeExpenses": 1186000000,
    "sellingAndMarketingExpenses": 163000000,
    "sellingGeneralAndAdministrativeExpenses": 1349000000,
    "otherExpenses": 1156000000,
    "operatingExpenses": 2505000000,
    "costAndExpenses": 7079000000,
    "interestIncome": 4817000000,
    "interestExpense": 4574000000,
    "depreciationAndAmortization": 164000000,
    "ebitda": 1074000000,
    "ebitdaratio": 0.1344348479,
    "operatingIncome": 910000000,
    "operatingIncomeRatio": 0.1139066216,
    "totalOtherIncomeExpensesNet": 0,
    "incomeBeforeTax": 910000000,
    "incomeBeforeTaxRatio": 0.1139066216,
    "incomeTaxExpense": 309000000,
    "netIncome": 601000000,
    "netIncomeRatio": 0.0752284391,
    "eps": 1.16,
    "epsdiluted": 1.16,
    "weightedAverageShsOut": 518000000,
    "weightedAverageShsOutDil": 518000000,
    "link": null,
    "finalLink": null
  },
  {
    "date": "2000-08-25",
    "symbol": "GS",
    "reportedCurrency": "USD",
    "cik": "0000886982",
    "fillingDate": "2000-10-10",
    "acceptedDate": "2000-10-10 00:00:00",
    "calendarYear": "2000",
    "period": "Q3",
    "revenue": 8851000000,
    "costOfRevenue": 4324000000,
    "grossProfit": 4527000000,
    "grossProfitRatio": 0.5114676308,
    "researchAndDevelopmentExpenses": 0,
    "generalAndAdministrativeExpenses": 2263000000,
    "sellingAndMarketingExpenses": 126000000,
    "sellingGeneralAndAdministrativeExpenses": 2389000000,
    "otherExpenses": 765000000,
    "operatingExpenses": 3154000000,
    "costAndExpenses": 7478000000,
    "interestIncome": 4551000000,
    "interestExpense": 4324000000,
    "depreciationAndAmortization": 119000000,
    "ebitda": 1492000000,
    "ebitdaratio": 0.1685685233,
    "operatingIncome": 1373000000,
    "operatingIncomeRatio": 0.1551237148,
    "totalOtherIncomeExpensesNet": 0,
    "incomeBeforeTax": 1373000000,
    "incomeBeforeTaxRatio": 0.1551237148,
    "incomeTaxExpense": 549000000,
    "netIncome": 824000000,
    "netIncomeRatio": 0.0930968252,
    "eps": 1.62,
    "epsdiluted": 1.62,
    "weightedAverageShsOut": 508894639,
    "weightedAverageShsOutDil": 508894639,
    "link": "https://www.sec.gov/Archives/edgar/data/886982/000095012300009233/0000950123-00-009233-index.html",
    "finalLink": "https://www.sec.gov/Archives/edgar/data/886982/000095012300009233/y40934e10-q.htm"
  },
  {
    "date": "2000-05-26",
    "symbol": "GS",
    "reportedCurrency": "USD",
    "cik": "0000886982",
    "fillingDate": "2000-07-05",
    "acceptedDate": "2000-07-05 00:00:00",
    "calendarYear": "2000",
    "period": "Q2",
    "revenue": 8196000000,
    "costOfRevenue": 4041000000,
    "grossProfit": 4155000000,
    "grossProfitRatio": 0.506954612,
    "researchAndDevelopmentExpenses": 0,
    "generalAndAdministrativeExpenses": 2077000000,
    "sellingAndMarketingExpenses": 111000000,
    "sellingGeneralAndAdministrativeExpenses": 2188000000,
    "otherExpenses": 709000000,
    "operatingExpenses": 2897000000,
    "costAndExpenses": 6938000000,
    "interestIncome": 4334000000,
    "interestExpense": 4041000000,
    "depreciationAndAmortization": 102000000,
    "ebitda": 1360000000,
    "ebitdaratio": 0.1659346022,
    "operatingIncome": 1258000000,
    "operatingIncomeRatio": 0.1534895071,
    "totalOtherIncomeExpensesNet": 0,
    "incomeBeforeTax": 1258000000,
    "incomeBeforeTaxRatio": 0.1534895071,
    "incomeTaxExpense": 503000000,
    "netIncome": 755000000,
    "netIncomeRatio": 0.0921181064,
    "eps": 1.48,
    "epsdiluted": 1.48,
    "weightedAverageShsOut": 510262721,
    "weightedAverageShsOutDil": 510262721,
    "link": "https://www.sec.gov/Archives/edgar/data/886982/000095012300006291/0000950123-00-006291-index.html",
    "finalLink": "https://www.sec.gov/Archives/edgar/data/886982/000095012300006291/e10-q.htm"
  },
  {
    "date": "2000-02-25",
    "symbol": "GS",
    "reportedCurrency": "USD",
    "cik": "0000886982",
    "fillingDate": "2000-04-07",
    "acceptedDate": "2000-04-07 00:00:00",
    "calendarYear": "2000",
    "period": "Q1",
    "revenue": 7964000000,
    "costOfRevenue": 3471000000,
    "grossProfit": 4493000000,
    "grossProfitRatio": 0.5641637368,
    "researchAndDevelopmentExpenses": 0,
    "generalAndAdministrativeExpenses": 2247000000,
    "sellingAndMarketingExpenses": 106000000,
    "sellingGeneralAndAdministrativeExpenses": 2353000000,
    "otherExpenses": 661000000,
    "operatingExpenses": 3014000000,
    "costAndExpenses": 6485000000,
    "interestIncome": 3694000000,
    "interestExpense": 3471000000,
    "depreciationAndAmortization": 101000000,
    "ebitda": 1580000000,
    "ebitdaratio": 0.1983927675,
    "operatingIncome": 1479000000,
    "operatingIncomeRatio": 0.1857106981,
    "totalOtherIncomeExpensesNet": 0,
    "incomeBeforeTax": 1479000000,
    "incomeBeforeTaxRatio": 0.1857106981,
    "incomeTaxExpense": 592000000,
    "netIncome": 887000000,
    "netIncomeRatio": 0.1113761929,
    "eps": 1.76,
    "epsdiluted": 1.76,
    "weightedAverageShsOut": 484576493,
    "weightedAverageShsOutDil": 505387038,
    "link": "https://www.sec.gov/Archives/edgar/data/886982/000095012300003390/0000950123-00-003390-index.htm",
    "finalLink": "https://www.sec.gov/Archives/edgar/data/886982/000095012300003390/0000950123-00-003390-d1.html"
  },
  {
    "date": "1999-11-26",
    "symbol": "GS",
    "reportedCurrency": "USD",
    "cik": "0000886982",
    "fillingDate": "2000-02-14",
    "acceptedDate": "2000-02-14 00:00:00",
    "calendarYear": "1999",
    "period": "Q4",
    "revenue": 6712000000,
    "costOfRevenue": 3239000000,
    "grossProfit": 3473000000,
    "grossProfitRatio": 0.517431466,
    "researchAndDevelopmentExpenses": 0,
    "generalAndAdministrativeExpenses": 1527000000,
    "sellingAndMarketingExpenses": 117000000,
    "sellingGeneralAndAdministrativeExpenses": 1644000000,
    "otherExpenses": 620000000,
    "operatingExpenses": 2264000000,
    "costAndExpenses": 5503000000,
    "interestIncome": 3453000000,
    "interestExpense": 3239000000,
    "depreciationAndAmortization": 108000000,
    "ebitda": 1317000000,
    "ebitdaratio": 0.196215733,
    "operatingIncome": 1209000000,
    "operatingIncomeRatio": 0.180125149,
    "totalOtherIncomeExpensesNet": 0,
    "incomeBeforeTax": 1209000000,
    "incomeBeforeTaxRatio": 0.180125149,
    "incomeTaxExpense": 486000000,
    "netIncome": 723000000,
    "netIncomeRatio": 0.1077175209,
    "eps": 1.48,
    "epsdiluted": 1.48,
    "weightedAverageShsOut": 478958846,
    "weightedAverageShsOutDil": 489000000,
    "link": "https://www.sec.gov/Archives/edgar/data/886982/000095012300001143/0000950123-00-001143-index.htm",
    "finalLink": "https://www.sec.gov/Archives/edgar/data/886982/000095012300001143/0000950123-00-001143-d1.html"
  },
  {
    "date": "1999-08-27",
    "symbol": "GS",
    "reportedCurrency": "USD",
    "cik": "0000886982",
    "fillingDate": "1999-10-07",
    "acceptedDate": "1999-10-07 00:00:00",
    "calendarYear": "1999",
    "period": "Q3",
    "revenue": 6440000000,
    "costOfRevenue": 3032000000,
    "grossProfit": 3408000000,
    "grossProfitRatio": 0.5291925466,
    "researchAndDevelopmentExpenses": 0,
    "generalAndAdministrativeExpenses": 1704000000,
    "sellingAndMarketingExpenses": 92000000,
    "sellingGeneralAndAdministrativeExpenses": 1796000000,
    "otherExpenses": 530000000,
    "operatingExpenses": 2326000000,
    "costAndExpenses": 5358000000,
    "interestIncome": 3238000000,
    "interestExpense": 3032000000,
    "depreciationAndAmortization": 71000000,
    "ebitda": 1153000000,
    "ebitdaratio": 0.1790372671,
    "operatingIncome": 1082000000,
    "operatingIncomeRatio": 0.1680124224,
    "totalOtherIncomeExpensesNet": 0,
    "incomeBeforeTax": 1082000000,
    "incomeBeforeTaxRatio": 0.1680124224,
    "incomeTaxExpense": 444000000,
    "netIncome": 638000000,
    "netIncomeRatio": 0.099068323,
    "eps": 1.32,
    "epsdiluted": 1.32,
    "weightedAverageShsOut": 476119398,
    "weightedAverageShsOutDil": 483333328,
    "link": "https://www.sec.gov/Archives/edgar/data/886982/000095012399009194/0000950123-99-009194-index.htm",
    "finalLink": "https://www.sec.gov/Archives/edgar/data/886982/000095012399009194/0000950123-99-009194-d1.html"
  },
  {
    "date": "1999-05-28",
    "symbol": "GS",
    "reportedCurrency": "USD",
    "cik": "0000886982",
    "fillingDate": "1999-07-09",
    "acceptedDate": "1999-07-09 00:00:00",
    "calendarYear": "1999",
    "period": "Q2",
    "revenue": 6355000000,
    "costOfRevenue": 2886000000,
    "grossProfit": 3469000000,
    "grossProfitRatio": 0.5458693942,
    "researchAndDevelopmentExpenses": 0,
    "generalAndAdministrativeExpenses": 1953000000,
    "sellingAndMarketingExpenses": 78000000,
    "sellingGeneralAndAdministrativeExpenses": 2031000000,
    "otherExpenses": 2925000000,
    "operatingExpenses": 4956000000,
    "costAndExpenses": 7842000000,
    "interestIncome": 3018000000,
    "interestExpense": 2886000000,
    "depreciationAndAmortization": 61000000,
    "ebitda": -1426000000,
    "ebitdaratio": -0.2243902439,
    "operatingIncome": -1487000000,
    "operatingIncomeRatio": -0.2339889851,
    "totalOtherIncomeExpensesNet": 0,
    "incomeBeforeTax": -1487000000,
    "incomeBeforeTaxRatio": -0.2339889851,
    "incomeTaxExpense": -1827000000,
    "netIncome": 340000000,
    "netIncomeRatio": 0.0535011802,
    "eps": 0.71,
    "epsdiluted": 0.71,
    "weightedAverageShsOut": 472222218,
    "weightedAverageShsOutDil": 478873235,
    "link": "https://www.sec.gov/Archives/edgar/data/886982/000095012399006394/0000950123-99-006394-index.htm",
    "finalLink": "https://www.sec.gov/Archives/edgar/data/886982/000095012399006394/0000950123-99-006394-d1.html"
  },
  {
    "date": "1999-02-28",
    "symbol": "GS",
    "reportedCurrency": "USD",
    "cik": "0000886982",
    "fillingDate": "1999-02-28",
    "acceptedDate": "1999-02-28 00:00:00",
    "calendarYear": "1999",
    "period": "Q1",
    "revenue": 3013000000,
    "costOfRevenue": 2861000000,
    "grossProfit": 152000000,
    "grossProfitRatio": 0.0504480584,
    "researchAndDevelopmentExpenses": 0,
    "generalAndAdministrativeExpenses": 1275000000,
    "sellingAndMarketingExpenses": 0,
    "sellingGeneralAndAdministrativeExpenses": 1275000000,
    "otherExpenses": -2311000000,
    "operatingExpenses": -1036000000,
    "costAndExpenses": 1825000000,
    "interestIncome": 3013000000,
    "interestExpense": 2861000000,
    "depreciationAndAmortization": 97000000,
    "ebitda": 1285000000,
    "ebitdaratio": 0.4264852307,
    "operatingIncome": 1188000000,
    "operatingIncomeRatio": 0.3942914039,
    "totalOtherIncomeExpensesNet": 0,
    "incomeBeforeTax": 1188000000,
    "incomeBeforeTaxRatio": 0.3942914039,
    "incomeTaxExpense": 181000000,
    "netIncome": 1007000000,
    "netIncomeRatio": 0.334218387,
    "eps": 2.26,
    "epsdiluted": 2.26,
    "weightedAverageShsOut": 444686000,
    "weightedAverageShsOutDil": 444686000,
    "link": null,
    "finalLink": null
  }
]