[
  {
    "date": "2024-12-31",
    "symbol": "GS",
    "reportedCurrency": "USD",
    "cik": "0000886982",
    "fillingDate": "2025-02-27",
    "acceptedDate": "2025-02-27 08:50:25",
    "calendarYear": "2024",
    "period": "FY",
    "revenue": 126853000000,
    "costOfRevenue": 74689000000,
    "grossProfit": 52164000000,
    "grossProfitRatio": 0.4112161321,
    "researchAndDevelopmentExpenses": 0,
    "generalAndAdministrativeExpenses": 16706000000,
    "sellingAndMarketingExpenses": 646000000,
    "sellingGeneralAndAdministrativeExpenses": 17352000000,
    "otherExpenses": 16415000000,
    "operatingExpenses": 33767000000,
    "costAndExpenses": 108456000000,
    "interestIncome": 81397000000,
    "interestExpense": 73341000000,
    "depreciationAndAmortization": 2392000000,
    "ebitda": 20789000000,
    "ebitdaratio": 0.1638826043,
    "operatingIncome": 18397000000,
    "operatingIncomeRatio": 0.1450261326,
    "totalOtherIncomeExpensesNet": 0,
    "incomeBeforeTax": 18397000000,
    "incomeBeforeTaxRatio": 0.1450261326,
    "incomeTaxExpense": 4121000000,
    "netIncome": 14276000000,
    "netIncomeRatio": 0.1125397113,
    "eps": 41.22,
    "epsdiluted": 40.54,
    "weightedAverageShsOut": 328100000,
    "weightedAverageShsOutDil": 333600000,
    "link": "https://www.sec.gov/Archives/edgar/data/886982/000088698225000005/0000886982-25-000005-index.htm",
    "finalLink": "https://www.sec.gov/Archives/edgar/data/886982/000088698225000005/gs-20241231.htm"
  },
  {
    "date": "2023-12-31",
    "symbol": "GS",
    "reportedCurrency": "USD",
    "cik": "0000886982",
    "fillingDate": "2024-02-28",
    "acceptedDate": "2024-02-27 21:46:02",
    "calendarYear": "2023",
    "period": "FY",
    "revenue": 108418000000,
    "costOfRevenue": 63192000000,
    "grossProfit": 45226000000,
    "grossProfitRatio": 0.4171447546,
    "researchAndDevelopmentExpenses": 0,
    "generalAndAdministrativeExpenses": 15499000000,
    "sellingAndMarketingExpenses": 629000000,
    "sellingGeneralAndAdministrativeExpenses": 16128000000,
    "otherExpenses": 18359000000,
    "operatingExpenses": 34487000000,
    "costAndExpenses": 97679000000,
    "interestIncome": 68515000000,
    "interestExpense": 62164000000,
    "depreciationAndAmortization": 4856000000,
    "ebitda": 15595000000,
    "ebitdaratio": 0.1438414285,
    "operatingIncome": 10739000000,
    "operatingIncomeRatio": 0.099051818,
    "totalOtherIncomeExpensesNet": 0,
    "incomeBeforeTax": 10739000000,
    "incomeBeforeTaxRatio": 0.099051818,
    "incomeTaxExpense": 2223000000,
    "netIncome": 8516000000,
    "netIncomeRatio": 0.0785478426,
    "eps": 23.05,
    "epsdiluted": 22.87,
    "weightedAverageShsOut": 340800000,
    "weightedAverageShsOutDil": 345800000,
    "link": "https://www.sec.gov/Archives/edgar/data/886982/000088698224000012/0000886982-24-000012-index.htm",
    "finalLink": "https://www.sec.gov/Archives/edgar/data/886982/000088698224000012/gs-20231231.htm"
  },
  {
    "date": "2022-12-31",
    "symbol": "GS",
    "reportedCurrency": "USD",
    "cik": "0000886982",
    "fillingDate": "2023-02-24",
    "acceptedDate": "2023-02-23 19:58:16",
    "calendarYear": "2022",
    "period": "FY",
    "revenue": 68711000000,
    "costOfRevenue": 24061000000,
    "grossProfit": 44650000000,
    "grossProfitRatio": 0.6498231724,
    "researchAndDevelopmentExpenses": 0,
    "generalAndAdministrativeExpenses": 15148000000,
    "sellingAndMarketingExpenses": 812000000,
    "sellingGeneralAndAdministrativeExpenses": 15960000000,
    "otherExpenses": 15204000000,
    "operatingExpenses": 31164000000,
    "costAndExpenses": 55225000000,
    "interestIncome": 29024000000,
    "interestExpense": 21346000000,
    "depreciationAndAmortization": 2455000000,
    "ebitda": 15941000000,
    "ebitdaratio": 0.2320006986,
    "operatingIncome": 13486000000,
    "operatingIncomeRatio": 0.1962713394,
    "totalOtherIncomeExpensesNet": 0,
    "incomeBeforeTax": 13486000000,
    "incomeBeforeTaxRatio": 0.1962713394,
    "incomeTaxExpense": 2225000000,
    "netIncome": 11261000000,
    "netIncomeRatio": 0.1638893336,
    "eps": 30.57,
    "epsdiluted": 30.06,
    "weightedAverageShsOut": 352100000,
    "weightedAverageShsOutDil": 358100000,
    "link": "https://www.sec.gov/Archives/edgar/data/886982/000088698223000003/0000886982-23-000003-index.htm",
    "finalLink": "https://www.sec.gov/Archives/edgar/data/886982/000088698223000003/gs-20221231.htm"
  },
  {
    "date": "2021-12-31",
    "symbol": "GS",
    "reportedCurrency": "USD",
    "cik": "0000886982",
    "fillingDate": "2022-02-25",
    "acceptedDate": "2022-02-24 21:09:11",
    "calendarYear": "2021",
    "period": "FY",
    "revenue": 64989000000,
    "costOfRevenue": 6007000000,
    "grossProfit": 58982000000,
    "grossProfitRatio": 0.9075689732,
    "researchAndDevelopmentExpenses": 0,
    "generalAndAdministrativeExpenses": 17719000000,
    "sellingAndMarketingExpenses": 553000000,
    "sellingGeneralAndAdministrativeExpenses": 18272000000,
    "otherExpenses": 13666000000,
    "operatingExpenses": 31938000000,
    "costAndExpenses": 37945000000,
    "interestIncome": 12120000000,
    "interestExpense": 5650000000,
    "depreciationAndAmortization": 2015000000,
    "ebitda": 29059000000,
    "ebitdaratio": 0.4471372078,
    "operatingIncome": 27044000000,
    "operatingIncomeRatio": 0.4161319608,
    "totalOtherIncomeExpensesNet": 0,
    "incomeBeforeTax": 27044000000,
    "incomeBeforeTaxRatio": 0.4161319608,
    "incomeTaxExpense": 5409000000,
    "netIncome": 21635000000,
    "netIncomeRatio": 0.3329024912,
    "eps": 60.35,
    "epsdiluted": 59.45,
    "weightedAverageShsOut": 350500000,
    "weightedAverageShsOutDil": 355800000,
    "link": "https://www.sec.gov/Archives/edgar/data/886982/000119312522052682/0001193125-22-052682-index.htm",
    "finalLink": "https://www.sec.gov/Archives/edgar/data/886982/000119312522052682/d192225d10k.htm"
  },
  {
    "date": "2020-12-31",
    "symbol": "GS",
    "reportedCurrency": "USD",
    "cik": "0000886982",
    "fillingDate": "2021-02-22",
    "acceptedDate": "2021-02-19 21:16:45",
    "calendarYear": "2020",
    "period": "FY",
    "revenue": 53497000000,
    "costOfRevenue": 12036000000,
    "grossProfit": 41461000000,
    "grossProfitRatio": 0.7750154214,
    "researchAndDevelopmentExpenses": 0,
    "generalAndAdministrativeExpenses": 13309000000,
    "sellingAndMarketingExpenses": 401000000,
    "sellingGeneralAndAdministrativeExpenses": 13710000000,
    "otherExpenses": 15272000000,
    "operatingExpenses": 28982000000,
    "costAndExpenses": 41018000000,
    "interestIncome": 13689000000,
    "interestExpense": 8938000000,
    "depreciationAndAmortization": 1902000000,
    "ebitda": 14381000000,
    "ebitdaratio": 0.2688188123,
    "operatingIncome": 12479000000,
    "operatingIncomeRatio": 0.2332654168,
    "totalOtherIncomeExpensesNet": 0,
    "incomeBeforeTax": 12479000000,
    "incomeBeforeTaxRatio": 0.2332654168,
    "incomeTaxExpense": 3020000000,
    "netIncome": 9459000000,
    "netIncomeRatio": 0.1768136531,
    "eps": 25.01,
    "epsdiluted": 24.74,
    "weightedAverageShsOut": 356400000,
    "weightedAverageShsOutDil": 360300000,
    "link": "https://www.sec.gov/Archives/edgar/data/886982/000119312521049380/0001193125-21-049380-index.htm",
    "finalLink": "https://www.sec.gov/Archives/edgar/data/886982/000119312521049380/d39654d10k.htm"
  },
  {
    "date": "2019-12-31",
    "symbol": "GS",
    "reportedCurrency": "USD",
    "cik": "0000886982",
    "fillingDate": "2020-02-21",
    "acceptedDate": "2020-02-20 21:09:56",
    "calendarYear": "2019",
    "period": "FY",
    "revenue": 53902000000,
    "costOfRevenue": 18441000000,
    "grossProfit": 35461000000,
    "grossProfitRatio": 0.6578791139,
    "researchAndDevelopmentExpenses": 0,
    "generalAndAdministrativeExpenses": 12353000000,
    "sellingAndMarketingExpenses": 739000000,
    "sellingGeneralAndAdministrativeExpenses": 13092000000,
    "otherExpenses": 11786000000,
    "operatingExpenses": 24878000000,
    "costAndExpenses": 43319000000,
    "interestIncome": 21738000000,
    "interestExpense": 17376000000,
    "depreciationAndAmortization": 1704000000,
    "ebitda": 12287000000,
    "ebitdaratio": 0.2279507254,
    "operatingIncome": 10583000000,
    "operatingIncomeRatio": 0.1963377982,
    "totalOtherIncomeExpensesNet": 0,
    "incomeBeforeTax": 10583000000,
    "incomeBeforeTaxRatio": 0.1963377982,
    "incomeTaxExpense": 2117000000,
    "netIncome": 8466000000,
    "netIncomeRatio": 0.1570628177,
    "eps": 21.25,
    "epsdiluted": 21.03,
    "weightedAverageShsOut": 371600000,
    "weightedAverageShsOutDil": 375500000,
    "link": "https://www.sec.gov/Archives/edgar/data/886982/000119312520043853/0001193125-20-043853-index.html",
    "finalLink": "https://www.sec.gov/Archives/edgar/data/886982/000119312520043853/d826673d10k.htm"
  },
  {
    "date": "2018-12-31",
    "symbol": "GS",
    "reportedCurrency": "USD",
    "cik": "0000886982",
    "fillingDate": "2019-02-26",
    "acceptedDate": "2019-02-25 19:51:24",
    "calendarYear": "2018",
    "period": "FY",
    "revenue": 52368000000,
    "costOfRevenue": 16586000000,
    "grossProfit": 35782000000,
    "grossProfitRatio": 0.6832798656,
    "researchAndDevelopmentExpenses": 0,
    "generalAndAdministrativeExpenses": 12328000000,
    "sellingAndMarketingExpenses": 740000000,
    "sellingGeneralAndAdministrativeExpenses": 13068000000,
    "otherExpenses": 10233000000,
    "operatingExpenses": 23301000000,
    "costAndExpenses": 39887000000,
    "interestIncome": 19679000000,
    "interestExpense": 15912000000,
    "depreciationAndAmortization": 1328000000,
    "ebitda": 13809000000,
    "ebitdaratio": 0.2636915674,
    "operatingIncome": 12481000000,
    "operatingIncomeRatio": 0.2383325695,
    "totalOtherIncomeExpensesNet": 0,
    "incomeBeforeTax": 12481000000,
    "incomeBeforeTaxRatio": 0.2383325695,
    "incomeTaxExpense": 2022000000,
    "netIncome": 10459000000,
    "netIncomeRatio": 0.1997212038,
    "eps": 25.53,
    "epsdiluted": 25.27,
    "weightedAverageShsOut": 385400000,
    "weightedAverageShsOutDil": 390200000,
    "link": "https://www.sec.gov/Archives/edgar/data/886982/000119312519050198/0001193125-19-050198-index.html",
    "finalLink": "https://www.sec.gov/Archives/edgar/data/886982/000119312519050198/d669877d10k.htm"
  },
  {
    "date": "2017-12-31",
    "symbol": "GS",
    "reportedCurrency": "USD",
    "cik": "0000886982",
    "fillingDate": "2018-02-26",
    "acceptedDate": "2018-02-23 20:16:10",
    "calendarYear": "2017",
    "period": "FY",
    "revenue": 42797000000,
    "costOfRevenue": 10838000000,
    "grossProfit": 31959000000,
    "grossProfitRatio": 0.7467579503,
    "researchAndDevelopmentExpenses": 0,
    "generalAndAdministrativeExpenses": 11653000000,
    "sellingAndMarketingExpenses": 588000000,
    "sellingGeneralAndAdministrativeExpenses": 12241000000,
    "otherExpenses": 8586000000,
    "operatingExpenses": 20827000000,
    "costAndExpenses": 31665000000,
    "interestIncome": 13113000000,
    "interestExpense": 10181000000,
    "depreciationAndAmortization": 1152000000,
    "ebitda": 12284000000,
    "ebitdaratio": 0.2870294647,
    "operatingIncome": 11132000000,
    "operatingIncomeRatio": 0.2601116901,
    "totalOtherIncomeExpensesNet": 0,
    "incomeBeforeTax": 11132000000,
    "incomeBeforeTaxRatio": 0.2601116901,
    "incomeTaxExpense": 6846000000,
    "netIncome": 4286000000,
    "netIncomeRatio": 0.1001472066,
    "eps": 9.12,
    "epsdiluted": 9.01,
    "weightedAverageShsOut": 401600000,
    "weightedAverageShsOutDil": 409100000,
    "link": "https://www.sec.gov/Archives/edgar/data/886982/000119312518056383/0001193125-18-056383-index.html",
    "finalLink": "https://www.sec.gov/Archives/edgar/data/886982/000119312518056383/d480167d10k.htm"
  },
  {
    "date": "2016-12-31",
    "symbol": "GS",
    "reportedCurrency": "USD",
    "cik": "0000886982",
    "fillingDate": "2017-02-27",
    "acceptedDate": "2017-02-24 19:08:26",
    "calendarYear": "2016",
    "period": "FY",
    "revenue": 37894000000,
    "costOfRevenue": 7286000000,
    "grossProfit": 30608000000,
    "grossProfitRatio": 0.8077268169,
    "researchAndDevelopmentExpenses": 0,
    "generalAndAdministrativeExpenses": 11448000000,
    "sellingAndMarketingExpenses": 457000000,
    "sellingGeneralAndAdministrativeExpenses": 11905000000,
    "otherExpenses": 8399000000,
    "operatingExpenses": 20304000000,
    "costAndExpenses": 27590000000,
    "interestIncome": 9691000000,
    "interestExpense": 7104000000,
    "depreciationAndAmortization": 998000000,
    "ebitda": 11302000000,
    "ebitdaratio": 0.2982530216,
    "operatingIncome": 10304000000,
    "operatingIncomeRatio": 0.2719163984,
    "totalOtherIncomeExpensesNet": 0,
    "incomeBeforeTax": 10304000000,
    "incomeBeforeTaxRatio": 0.2719163984,
    "incomeTaxExpense": 2906000000,
    "netIncome": 7398000000,
    "netIncomeRatio": 0.1952287961,
    "eps": 17,
    "epsdiluted": 17,
    "weightedAverageShsOut": 427399995,
    "weightedAverageShsOutDil": 435099995,
    "link": "https://www.sec.gov/Archives/edgar/data/886982/000119312517056804/0001193125-17-056804-index.html",
    "finalLink": "https://www.sec.gov/Archives/edgar/data/886982/000119312517056804/d308759d10k.htm"
  },
  {
    "date": "2015-12-31",
    "symbol": "GS",
    "reportedCurrency": "USD",
    "cik": "0000886982",
    "fillingDate": "2016-02-22",
    "acceptedDate": "2016-02-19 19:11:09",
    "calendarYear": "2015",
    "period": "FY",
    "revenue": 39174000000,
    "costOfRevenue": 5388000000,
    "grossProfit": 33786000000,
    "grossProfitRatio": 0.8624597948,
    "researchAndDevelopmentExpenses": 0,
    "generalAndAdministrativeExpenses": 12678000000,
    "sellingAndMarketingExpenses": 557000000,
    "sellingGeneralAndAdministrativeExpenses": 13235000000,
    "otherExpenses": 11773000000,
    "operatingExpenses": 25008000000,
    "costAndExpenses": 30396000000,
    "interestIncome": 8452000000,
    "interestExpense": 5388000000,
    "depreciationAndAmortization": 991000000,
    "ebitda": 9769000000,
    "ebitdaratio": 0.2493745852,
    "operatingIncome": 8778000000,
    "operatingIncomeRatio": 0.2240771941,
    "totalOtherIncomeExpensesNet": 0,
    "incomeBeforeTax": 8778000000,
    "incomeBeforeTaxRatio": 0.2240771941,
    "incomeTaxExpense": 2695000000,
    "netIncome": 6083000000,
    "netIncomeRatio": 0.1552815643,
    "eps": 12.35,
    "epsdiluted": 12.14,
    "weightedAverageShsOut": 448900000,
    "weightedAverageShsOutDil": 458600000,
    "link": "https://www.sec.gov/Archives/edgar/data/886982/000119312516470289/0001193125-16-470289-index.htm",
    "finalLink": "https://www.sec.gov/Archives/edgar/data/886982/000119312516470289/d107036d10k.htm"
  },
  {
    "date": "2014-12-31",
    "symbol": "GS",
    "reportedCurrency": "USD",
    "cik": "0000886982",
    "fillingDate": "2014-12-31",
    "acceptedDate": "2014-12-31 00:00:00",
    "calendarYear": "2014",
    "period": "FY",
    "revenue": 40085000000,
    "costOfRevenue": 5557000000,
    "grossProfit": 34528000000,
    "grossProfitRatio": 0.8613695896,
    "researchAndDevelopmentExpenses": 0,
    "generalAndAdministrativeExpenses": 12691000000,
    "sellingAndMarketingExpenses": 549000000,
    "sellingGeneralAndAdministrativeExpenses": 13240000000,
    "otherExpenses": 8931000000,
    "operatingExpenses": 22171000000,
    "costAndExpenses": 27728000000,
    "interestIncome": 9604000000,
    "interestExpense": 5557000000,
    "depreciationAndAmortization": 1337000000,
    "ebitda": 13694000000,
    "ebitdaratio": 0.3416240489,
    "operatingIncome": 12357000000,
    "operatingIncomeRatio": 0.3082699264,
    "totalOtherIncomeExpensesNet": 0,
    "incomeBeforeTax": 12357000000,
    "incomeBeforeTaxRatio": 0.3082699264,
    "incomeTaxExpense": 3880000000,
    "netIncome": 8477000000,
    "netIncomeRatio": 0.2114756143,
    "eps": 17.91,
    "epsdiluted": 17.91,
    "weightedAverageShsOut": 458899995,
    "weightedAverageShsOutDil": 473199995,
    "link": null,
    "finalLink": null
  },
  {
    "date": "2013-12-31",
    "symbol": "GS",
    "reportedCurrency": "USD",
    "cik": "0000886982",
    "fillingDate": "2013-12-31",
    "acceptedDate": "2013-12-31 00:00:00",
    "calendarYear": "2013",
    "period": "FY",
    "revenue": 40874000000,
    "costOfRevenue": 6668000000,
    "grossProfit": 34206000000,
    "grossProfitRatio": 0.8368645104,
    "researchAndDevelopmentExpenses": 0,
    "generalAndAdministrativeExpenses": 12789000000,
    "sellingAndMarketingExpenses": 541000000,
    "sellingGeneralAndAdministrativeExpenses": 13330000000,
    "otherExpenses": 9139000000,
    "operatingExpenses": 22469000000,
    "costAndExpenses": 29137000000,
    "interestIncome": 10060000000,
    "interestExpense": 6668000000,
    "depreciationAndAmortization": 1322000000,
    "ebitda": 13059000000,
    "ebitdaratio": 0.3194940549,
    "operatingIncome": 11737000000,
    "operatingIncomeRatio": 0.287150756,
    "totalOtherIncomeExpensesNet": 0,
    "incomeBeforeTax": 11737000000,
    "incomeBeforeTaxRatio": 0.287150756,
    "incomeTaxExpense": 3697000000,
    "netIncome": 8040000000,
    "netIncomeRatio": 0.19670206,
    "eps": 16.09,
    "epsdiluted": 16.09,
    "weightedAverageShsOut": 498048061,
    "weightedAverageShsOutDil": 499599995,
    "link": null,
    "finalLink": null
  },
  {
    "date": "2012-12-31",
    "symbol": "GS",
    "reportedCurrency": "USD",
    "cik": "0000886982",
    "fillingDate": "2013-03-01",
    "acceptedDate": "2013-02-28 21:27:42",
    "calendarYear": "2012",
    "period": "FY",
    "revenue": 41664000000,
    "costOfRevenue": 7501000000,
    "grossProfit": 34163000000,
    "grossProfitRatio": 0.8199644777,
    "researchAndDevelopmentExpenses": 0,
    "generalAndAdministrativeExpenses": 13542000000,
    "sellingAndMarketingExpenses": 509000000,
    "sellingGeneralAndAdministrativeExpenses": 14051000000,
    "otherExpenses": 8905000000,
    "operatingExpenses": 22956000000,
    "costAndExpenses": 30457000000,
    "interestIncome": 11381000000,
    "interestExpense": 7501000000,
    "depreciationAndAmortization": 1738000000,
    "ebitda": 12945000000,
    "ebitdaratio": 0.3106998848,
    "operatingIncome": 11207000000,
    "operatingIncomeRatio": 0.2689852151,
    "totalOtherIncomeExpensesNet": 0,
    "incomeBeforeTax": 11207000000,
    "incomeBeforeTaxRatio": 0.2689852151,
    "incomeTaxExpense": 3732000000,
    "netIncome": 7475000000,
    "netIncomeRatio": 0.1794114823,
    "eps": 14.48,
    "epsdiluted": 14.48,
    "weightedAverageShsOut": 496199995,
    "weightedAverageShsOutDil": 516099994,
    "link": "https://www.sec.gov/Archives/edgar/data/886982/000119312513085474/0001193125-13-085474-index.html",
    "finalLink": "https://www.sec.gov/Archives/edgar/data/886982/000119312513085474/d446679d10k.htm"
  },
  {
    "date": "2011-12-31",
    "symbol": "GS",
    "reportedCurrency": "USD",
    "cik": "0000886982",
    "fillingDate": "2012-02-28",
    "acceptedDate": "2012-02-28 17:22:17",
    "calendarYear": "2011",
    "period": "FY",
    "revenue": 36793000000,
    "costOfRevenue": 7982000000,
    "grossProfit": 28811000000,
    "grossProfitRatio": 0.7830565597,
    "researchAndDevelopmentExpenses": 0,
    "generalAndAdministrativeExpenses": 12752000000,
    "sellingAndMarketingExpenses": 640000000,
    "sellingGeneralAndAdministrativeExpenses": 13392000000,
    "otherExpenses": 9250000000,
    "operatingExpenses": 22642000000,
    "costAndExpenses": 30624000000,
    "interestIncome": 13174000000,
    "interestExpense": 7982000000,
    "depreciationAndAmortization": 1869000000,
    "ebitda": 8038000000,
    "ebitdaratio": 0.218465469,
    "operatingIncome": 6169000000,
    "operatingIncomeRatio": 0.1676677629,
    "totalOtherIncomeExpensesNet": 0,
    "incomeBeforeTax": 6169000000,
    "incomeBeforeTaxRatio": 0.1676677629,
    "incomeTaxExpense": 1727000000,
    "netIncome": 4442000000,
    "netIncomeRatio": 0.1207294866,
    "eps": 7.98,
    "epsdiluted": 7.98,
    "weightedAverageShsOut": 556899994,
    "weightedAverageShsOutDil": 556899994,
    "link": "https://www.sec.gov/Archives/edgar/data/886982/000119312512085822/0001193125-12-085822-index.html",
    "finalLink": "https://www.sec.gov/Archives/edgar/data/886982/000119312512085822/d276319d10k.htm"
  },
  {
    "date": "2010-12-31",
    "symbol": "GS",
    "reportedCurrency": "USD",
    "cik": "0000886982",
    "fillingDate": "2010-12-31",
    "acceptedDate": "2010-12-31 00:00:00",
    "calendarYear": "2010",
    "period": "FY",
    "revenue": 45967000000,
    "costOfRevenue": 6806000000,
    "grossProfit": 39161000000,
    "grossProfitRatio": 0.8519372593,
    "researchAndDevelopmentExpenses": 0,
    "generalAndAdministrativeExpenses": 15774000000,
    "sellingAndMarketingExpenses": 530000000,
    "sellingGeneralAndAdministrativeExpenses": 16304000000,
    "otherExpenses": 9965000000,
    "operatingExpenses": 26269000000,
    "costAndExpenses": 33075000000,
    "interestIncome": 12309000000,
    "interestExpense": 6806000000,
    "depreciationAndAmortization": 1904000000,
    "ebitda": 14796000000,
    "ebitdaratio": 0.32188309,
    "operatingIncome": 12892000000,
    "operatingIncomeRatio": 0.2804620706,
    "totalOtherIncomeExpensesNet": 0,
    "incomeBeforeTax": 12892000000,
    "incomeBeforeTaxRatio": 0.2804620706,
    "incomeTaxExpense": 4538000000,
    "netIncome": 8354000000,
    "netIncomeRatio": 0.1817390737,
    "eps": 14.27,
    "epsdiluted": 14.27,
    "weightedAverageShsOut": 585299994,
    "weightedAverageShsOutDil": 585299994,
    "link": null,
    "finalLink": null
  },
  {
    "date": "2009-12-31",
    "symbol": "GS",
    "reportedCurrency": "USD",
    "cik": "0000886982",
    "fillingDate": "2009-12-31",
    "acceptedDate": "2009-12-31 00:00:00",
    "calendarYear": "2009",
    "period": "FY",
    "revenue": 51673000000,
    "costOfRevenue": 6500000000,
    "grossProfit": 45173000000,
    "grossProfitRatio": 0.8742089679,
    "researchAndDevelopmentExpenses": 0,
    "generalAndAdministrativeExpenses": 16193000000,
    "sellingAndMarketingExpenses": 342000000,
    "sellingGeneralAndAdministrativeExpenses": 16535000000,
    "otherExpenses": 8809000000,
    "operatingExpenses": 25344000000,
    "costAndExpenses": 31844000000,
    "interestIncome": 13907000000,
    "interestExpense": 6500000000,
    "depreciationAndAmortization": 1943000000,
    "ebitda": 21772000000,
    "ebitdaratio": 0.4213419,
    "operatingIncome": 19829000000,
    "operatingIncomeRatio": 0.3837400577,
    "totalOtherIncomeExpensesNet": 0,
    "incomeBeforeTax": 19829000000,
    "incomeBeforeTaxRatio": 0.3837400577,
    "incomeTaxExpense": 6444000000,
    "netIncome": 13385000000,
    "netIncomeRatio": 0.2590327637,
    "eps": 24.3,
    "epsdiluted": 24.3,
    "weightedAverageShsOut": 550899994,
    "weightedAverageShsOutDil": 550899994,
    "link": null,
    "finalLink": null
  },
  {
    "date": "2008-11-28",
    "symbol": "GS",
    "reportedCurrency": "USD",
    "cik": "0000886982",
    "fillingDate": "2009-01-27",
    "acceptedDate": "2009-01-27 06:03:28",
    "calendarYear": "2008",
    "period": "FY",
    "revenue": 53579000000,
    "costOfRevenue": 31357000000,
    "grossProfit": 22222000000,
    "grossProfitRatio": 0.4147520484,
    "researchAndDevelopmentExpenses": 0,
    "generalAndAdministrativeExpenses": 10659000000,
    "sellingAndMarketingExpenses": 485000000,
    "sellingGeneralAndAdministrativeExpenses": 11144000000,
    "otherExpenses": 8742000000,
    "operatingExpenses": 19886000000,
    "costAndExpenses": 51243000000,
    "interestIncome": 35633000000,
    "interestExpense": 31357000000,
    "depreciationAndAmortization": 1625000000,
    "ebitda": 3961000000,
    "ebitdaratio": 0.0739282181,
    "operatingIncome": 2336000000,
    "operatingIncomeRatio": 0.0435991713,
    "totalOtherIncomeExpensesNet": 0,
    "incomeBeforeTax": 2336000000,
    "incomeBeforeTaxRatio": 0.0435991713,
    "incomeTaxExpense": 14000000,
    "netIncome": 2322000000,
    "netIncomeRatio": 0.0433378749,
    "eps": 5.09,
    "epsdiluted": 5.09,
    "weightedAverageShsOut": 436999995,
    "weightedAverageShsOutDil": 456199995,
    "link": "https://www.sec.gov/Archives/edgar/data/886982/000095012309001278/0000950123-09-001278-index.htm",
    "finalLink": "https://www.sec.gov/Archives/edgar/data/886982/000095012309001278/y74032e10vk.htm"
  },
  {
    "date": "2007-11-30",
    "symbol": "GS",
    "reportedCurrency": "USD",
    "cik": "0000886982",
    "fillingDate": "2007-11-30",
    "acceptedDate": "2007-11-30 00:00:00",
    "calendarYear": "2007",
    "period": "FY",
    "revenue": 87968000000,
    "costOfRevenue": 41981000000,
    "grossProfit": 45987000000,
    "grossProfitRatio": 0.5227696435,
    "researchAndDevelopmentExpenses": 0,
    "generalAndAdministrativeExpenses": 20190000000,
    "sellingAndMarketingExpenses": 601000000,
    "sellingGeneralAndAdministrativeExpenses": 20791000000,
    "otherExpenses": 7592000000,
    "operatingExpenses": 28383000000,
    "costAndExpenses": 70364000000,
    "interestIncome": 45968000000,
    "interestExpense": 41981000000,
    "depreciationAndAmortization": 1167000000,
    "ebitda": 18771000000,
    "ebitdaratio": 0.2133844125,
    "operatingIncome": 17604000000,
    "operatingIncomeRatio": 0.2001182248,
    "totalOtherIncomeExpensesNet": 0,
    "incomeBeforeTax": 17604000000,
    "incomeBeforeTaxRatio": 0.2001182248,
    "incomeTaxExpense": 6005000000,
    "netIncome": 11599000000,
    "netIncomeRatio": 0.1318547654,
    "eps": 25.15,
    "epsdiluted": 25.15,
    "weightedAverageShsOut": 461199995,
    "weightedAverageShsOutDil": 461199995,
    "link": null,
    "finalLink": null
  },
  {
    "date": "2006-11-24",
    "symbol": "GS",
    "reportedCurrency": "USD",
    "cik": "0000886982",
    "fillingDate": "2007-02-06",
    "acceptedDate": "2007-02-06 06:06:14",
    "calendarYear": "2006",
    "period": "FY",
    "revenue": 69353000000,
    "costOfRevenue": 31688000000,
    "grossProfit": 37665000000,
    "grossProfitRatio": 0.5430911424,
    "researchAndDevelopmentExpenses": 0,
    "generalAndAdministrativeExpenses": 16457000000,
    "sellingAndMarketingExpenses": 492000000,
    "sellingGeneralAndAdministrativeExpenses": 16949000000,
    "otherExpenses": 6156000000,
    "operatingExpenses": 23105000000,
    "costAndExpenses": 54793000000,
    "interestIncome": 35186000000,
    "interestExpense": 31688000000,
    "depreciationAndAmortization": 995000000,
    "ebitda": 15555000000,
    "ebitdaratio": 0.2242873416,
    "operatingIncome": 14560000000,
    "operatingIncomeRatio": 0.2099404496,
    "totalOtherIncomeExpensesNet": 0,
    "incomeBeforeTax": 14560000000,
    "incomeBeforeTaxRatio": 0.2099404496,
    "incomeTaxExpense": 5023000000,
    "netIncome": 9537000000,
    "netIncomeRatio": 0.1375138783,
    "eps": 19.98,
    "epsdiluted": 19.98,
    "weightedAverageShsOut": 477399995,
    "weightedAverageShsOutDil": 477399995,
    "link": "https://www.sec.gov/Archives/edgar/data/886982/000095012307001332/0000950123-07-001332-index.htm",
    "finalLink": "https://www.sec.gov/Archives/edgar/data/886982/000095012307001332/y29219e10vk.htm"
  },
  {
    "date": "2005-11-25",
    "symbol": "GS",
    "reportedCurrency": "USD",
    "cik": "0000886982",
    "fillingDate": "2006-02-07",
    "acceptedDate": "2006-02-07 08:19:42",
    "calendarYear": "2005",
    "period": "FY",
    "revenue": 43391000000,
    "costOfRevenue": 18153000000,
    "grossProfit": 25238000000,
    "grossProfitRatio": 0.5816413542,
    "researchAndDevelopmentExpenses": 0,
    "generalAndAdministrativeExpenses": 11758000000,
    "sellingAndMarketingExpenses": 378000000,
    "sellingGeneralAndAdministrativeExpenses": 12136000000,
    "otherExpenses": 4829000000,
    "operatingExpenses": 16965000000,
    "costAndExpenses": 35118000000,
    "interestIncome": 21250000000,
    "interestExpense": 18153000000,
    "depreciationAndAmortization": 854000000,
    "ebitda": 9127000000,
    "ebitdaratio": 0.2103431587,
    "operatingIncome": 8273000000,
    "operatingIncomeRatio": 0.1906616579,
    "totalOtherIncomeExpensesNet": 0,
    "incomeBeforeTax": 8273000000,
    "incomeBeforeTaxRatio": 0.1906616579,
    "incomeTaxExpense": 2647000000,
    "netIncome": 5626000000,
    "netIncomeRatio": 0.1296582241,
    "eps": 11.25,
    "epsdiluted": 11.25,
    "weightedAverageShsOut": 478099995,
    "weightedAverageShsOutDil": 500199994,
    "link": "https://www.sec.gov/Archives/edgar/data/886982/000095012306001208/0000950123-06-001208-index.htm",
    "finalLink": "https://www.sec.gov/Archives/edgar/data/886982/000095012306001208/y16720e10vk.htm"
  },
  {
    "date": "2004-11-26",
    "symbol": "GS",
    "reportedCurrency": "USD",
    "cik": "0000886982",
    "fillingDate": "2005-02-08",
    "acceptedDate": "2005-02-07 21:16:42",
    "calendarYear": "2004",
    "period": "FY",
    "revenue": 29839000000,
    "costOfRevenue": 8888000000,
    "grossProfit": 20951000000,
    "grossProfitRatio": 0.70213479,
    "researchAndDevelopmentExpenses": 0,
    "generalAndAdministrativeExpenses": 9681000000,
    "sellingAndMarketingExpenses": 374000000,
    "sellingGeneralAndAdministrativeExpenses": 10055000000,
    "otherExpenses": 4220000000,
    "operatingExpenses": 14275000000,
    "costAndExpenses": 23163000000,
    "interestIncome": 11914000000,
    "interestExpense": 8888000000,
    "depreciationAndAmortization": 845000000,
    "ebitda": 7521000000,
    "ebitdaratio": 0.2520526827,
    "operatingIncome": 6676000000,
    "operatingIncomeRatio": 0.2237340393,
    "totalOtherIncomeExpensesNet": 0,
    "incomeBeforeTax": 6676000000,
    "incomeBeforeTaxRatio": 0.2237340393,
    "incomeTaxExpense": 2123000000,
    "netIncome": 4553000000,
    "netIncomeRatio": 0.1525855424,
    "eps": 8.92,
    "epsdiluted": 8.92,
    "weightedAverageShsOut": 489499995,
    "weightedAverageShsOutDil": 510499994,
    "link": "https://www.sec.gov/Archives/edgar/data/886982/000095012305001271/0000950123-05-001271-index.htm",
    "finalLink": "https://www.sec.gov/Archives/edgar/data/886982/000095012305001271/e05053e10vk.htm"
  },
  {
    "date": "2003-11-28",
    "symbol": "GS",
    "reportedCurrency": "USD",
    "cik": "0000886982",
    "fillingDate": "2004-02-24",
    "acceptedDate": "2004-02-24 09:05:23",
    "calendarYear": "2003",
    "period": "FY",
    "revenue": 23623000000,
    "costOfRevenue": 7600000000,
    "grossProfit": 16023000000,
    "grossProfitRatio": 0.6782796427,
    "researchAndDevelopmentExpenses": 0,
    "generalAndAdministrativeExpenses": 7393000000,
    "sellingAndMarketingExpenses": 264000000,
    "sellingGeneralAndAdministrativeExpenses": 7657000000,
    "otherExpenses": 3921000000,
    "operatingExpenses": 11578000000,
    "costAndExpenses": 19178000000,
    "interestIncome": 10751000000,
    "interestExpense": 7600000000,
    "depreciationAndAmortization": 1145000000,
    "ebitda": 5590000000,
    "ebitdaratio": 0.2366337891,
    "operatingIncome": 4445000000,
    "operatingIncomeRatio": 0.1881640774,
    "totalOtherIncomeExpensesNet": 0,
    "incomeBeforeTax": 4445000000,
    "incomeBeforeTaxRatio": 0.1881640774,
    "incomeTaxExpense": 1440000000,
    "netIncome": 3005000000,
    "netIncomeRatio": 0.127206536,
    "eps": 5.87,
    "epsdiluted": 5.87,
    "weightedAverageShsOut": 488399995,
    "weightedAverageShsOutDil": 511899994,
    "link": "https://www.sec.gov/Archives/edgar/data/886982/000095012304002239/0000950123-04-002239-index.htm",
    "finalLink": "https://www.sec.gov/Archives/edgar/data/886982/000095012304002239/y94357e10vk.htm"
  },
  {
    "date": "2002-11-29",
    "symbol": "GS",
    "reportedCurrency": "USD",
    "cik": "0000886982",
    "fillingDate": "2003-02-27",
    "acceptedDate": "2003-02-27 09:00:44",
    "calendarYear": "2002",
    "period": "FY",
    "revenue": 22854000000,
    "costOfRevenue": 8868000000,
    "grossProfit": 13986000000,
    "grossProfitRatio": 0.6119716461,
    "researchAndDevelopmentExpenses": 0,
    "generalAndAdministrativeExpenses": 6744000000,
    "sellingAndMarketingExpenses": 306000000,
    "sellingGeneralAndAdministrativeExpenses": 7050000000,
    "otherExpenses": 3683000000,
    "operatingExpenses": 10733000000,
    "costAndExpenses": 19601000000,
    "interestIncome": 11269000000,
    "interestExpense": 8868000000,
    "depreciationAndAmortization": 744000000,
    "ebitda": 3997000000,
    "ebitdaratio": 0.1748927978,
    "operatingIncome": 3253000000,
    "operatingIncomeRatio": 0.1423383215,
    "totalOtherIncomeExpensesNet": 0,
    "incomeBeforeTax": 3253000000,
    "incomeBeforeTaxRatio": 0.1423383215,
    "incomeTaxExpense": 1139000000,
    "netIncome": 2114000000,
    "netIncomeRatio": 0.0925002188,
    "eps": 4.03,
    "epsdiluted": 4.03,
    "weightedAverageShsOut": 525099994,
    "weightedAverageShsOutDil": 525099994,
    "link": "https://www.sec.gov/Archives/edgar/data/886982/000095012303002099/0000950123-03-002099-index.htm",
    "finalLink": "https://www.sec.gov/Archives/edgar/data/886982/000095012303002099/y83718e10vk.htm"
  },
  {
    "date": "2001-11-30",
    "symbol": "GS",
    "reportedCurrency": "USD",
    "cik": "0000886982",
    "fillingDate": "2001-11-30",
    "acceptedDate": "2001-11-30 00:00:00",
    "calendarYear": "2001",
    "period": "FY",
    "revenue": 31138000000,
    "costOfRevenue": 15327000000,
    "grossProfit": 15811000000,
    "grossProfitRatio": 0.5077718543,
    "researchAndDevelopmentExpenses": 0,
    "generalAndAdministrativeExpenses": 7700000000,
    "sellingAndMarketingExpenses": 406000000,
    "sellingGeneralAndAdministrativeExpenses": 8106000000,
    "otherExpenses": 4009000000,
    "operatingExpenses": 12115000000,
    "costAndExpenses": 27442000000,
    "interestIncome": 16620000000,
    "interestExpense": 15327000000,
    "depreciationAndAmortization": 873000000,
    "ebitda": 4569000000,
    "ebitdaratio": 0.1467338943,
    "operatingIncome": 3696000000,
    "operatingIncomeRatio": 0.1186974115,
    "totalOtherIncomeExpensesNet": 0,
    "incomeBeforeTax": 3696000000,
    "incomeBeforeTaxRatio": 0.1186974115,
    "incomeTaxExpense": 1386000000,
    "netIncome": 2310000000,
    "netIncomeRatio": 0.0741858822,
    "eps": 4.26,
    "epsdiluted": 4.26,
    "weightedAverageShsOut": 541799994,
    "weightedAverageShsOutDil": 541799994,
    "link": null,
    "finalLink": null
  },
  {
    "date": "2000-11-30",
    "symbol": "GS",
    "reportedCurrency": "USD",
    "cik": "0000886982",
    "fillingDate": "2000-11-30",
    "acceptedDate": "2000-11-30 00:00:00",
    "calendarYear": "2000",
    "period": "FY",
    "revenue": 33000000000,
    "costOfRevenue": 16410000000,
    "grossProfit": 16590000000,
    "grossProfitRatio": 0.5027272727,
    "researchAndDevelopmentExpenses": 0,
    "generalAndAdministrativeExpenses": 7773000000,
    "sellingAndMarketingExpenses": 506000000,
    "sellingGeneralAndAdministrativeExpenses": 8279000000,
    "otherExpenses": 3291000000,
    "operatingExpenses": 11570000000,
    "costAndExpenses": 27980000000,
    "interestIncome": 17396000000,
    "interestExpense": 16410000000,
    "depreciationAndAmortization": 486000000,
    "ebitda": 5506000000,
    "ebitdaratio": 0.1668484848,
    "operatingIncome": 5020000000,
    "operatingIncomeRatio": 0.1521212121,
    "totalOtherIncomeExpensesNet": 0,
    "incomeBeforeTax": 5020000000,
    "incomeBeforeTaxRatio": 0.1521212121,
    "incomeTaxExpense": 1953000000,
    "netIncome": 3067000000,
    "netIncomeRatio": 0.0929393939,
    "eps": 6,
    "epsdiluted": 6,
    "weightedAverageShsOut": 511499994,
    "weightedAverageShsOutDil": 511499994,
    "link": null,
    "finalLink": null
  },
  {
    "date": "1999-11-26",
    "symbol": "GS",
    "reportedCurrency": "USD",
    "cik": "0000886982",
    "fillingDate": "2000-02-14",
    "acceptedDate": "2000-02-14 00:00:00",
    "calendarYear": "1999",
    "period": "FY",
    "revenue": 25363000000,
    "costOfRevenue": 12018000000,
    "grossProfit": 13345000000,
    "grossProfitRatio": 0.5261601546,
    "researchAndDevelopmentExpenses": 0,
    "generalAndAdministrativeExpenses": 6459000000,
    "sellingAndMarketingExpenses": 364000000,
    "sellingGeneralAndAdministrativeExpenses": 6823000000,
    "otherExpenses": 4530000000,
    "operatingExpenses": 11353000000,
    "costAndExpenses": 23371000000,
    "interestIncome": 12722000000,
    "interestExpense": 12018000000,
    "depreciationAndAmortization": 337000000,
    "ebitda": 2329000000,
    "ebitdaratio": 0.0918266767,
    "operatingIncome": 1992000000,
    "operatingIncomeRatio": 0.0785396049,
    "totalOtherIncomeExpensesNet": 0,
    "incomeBeforeTax": 1992000000,
    "incomeBeforeTaxRatio": 0.0785396049,
    "incomeTaxExpense": -716000000,
    "netIncome": 2708000000,
    "netIncomeRatio": 0.1067697039,
    "eps": 5.57,
    "epsdiluted": 5.57,
    "weightedAverageShsOut": 475899995,
    "weightedAverageShsOutDil": 485799995,
    "link": "https://www.sec.gov/Archives/edgar/data/886982/000095012300001143/0000950123-00-001143-index.htm",
    "finalLink": "https://www.sec.gov/Archives/edgar/data/886982/000095012300001143/0000950123-00-001143-d1.html"
  }
]