[
  {
    "date": "2025-06-30",
    "symbol": "GWW",
    "reportedCurrency": "USD",
    "cik": "0000277135",
    "fillingDate": "2025-08-01",
    "acceptedDate": "2025-08-01 16:38:16",
    "calendarYear": "2025",
    "period": "Q2",
    "revenue": 4554000000,
    "costOfRevenue": 2799000000,
    "grossProfit": 1755000000,
    "grossProfitRatio": 0.3853754941,
    "researchAndDevelopmentExpenses": 0,
    "generalAndAdministrativeExpenses": 0,
    "sellingAndMarketingExpenses": 0,
    "sellingGeneralAndAdministrativeExpenses": 1077000000,
    "otherExpenses": 0,
    "operatingExpenses": 1077000000,
    "costAndExpenses": 3876000000,
    "interestIncome": 0,
    "interestExpense": 20000000,
    "depreciationAndAmortization": 64000000,
    "ebitda": 745000000,
    "ebitdaratio": 0.1635924462,
    "operatingIncome": 678000000,
    "operatingIncomeRatio": 0.1488801054,
    "totalOtherIncomeExpensesNet": -17000000,
    "incomeBeforeTax": 661000000,
    "incomeBeforeTaxRatio": 0.1451471234,
    "incomeTaxExpense": 153000000,
    "netIncome": 482000000,
    "netIncomeRatio": 0.1058410189,
    "eps": 10.04,
    "epsdiluted": 10.02,
    "weightedAverageShsOut": 48100000,
    "weightedAverageShsOutDil": 48200000,
    "link": "https://www.sec.gov/Archives/edgar/data/277135/000027713525000129/0000277135-25-000129-index.htm",
    "finalLink": "https://www.sec.gov/Archives/edgar/data/277135/000027713525000129/gww-20250630.htm"
  },
  {
    "date": "2025-03-31",
    "symbol": "GWW",
    "reportedCurrency": "USD",
    "cik": "0000277135",
    "fillingDate": "2025-05-01",
    "acceptedDate": "2025-05-01 16:53:52",
    "calendarYear": "2025",
    "period": "Q1",
    "revenue": 4306000000,
    "costOfRevenue": 2596000000,
    "grossProfit": 1710000000,
    "grossProfitRatio": 0.3971202973,
    "researchAndDevelopmentExpenses": 0,
    "generalAndAdministrativeExpenses": 0,
    "sellingAndMarketingExpenses": 0,
    "sellingGeneralAndAdministrativeExpenses": 1038000000,
    "otherExpenses": 0,
    "operatingExpenses": 1038000000,
    "costAndExpenses": 3634000000,
    "interestIncome": 0,
    "interestExpense": 21000000,
    "depreciationAndAmortization": 61000000,
    "ebitda": 739000000,
    "ebitdaratio": 0.171620994,
    "operatingIncome": 672000000,
    "operatingIncomeRatio": 0.1560613098,
    "totalOtherIncomeExpensesNet": -15000000,
    "incomeBeforeTax": 657000000,
    "incomeBeforeTaxRatio": 0.1525777984,
    "incomeTaxExpense": 157000000,
    "netIncome": 479000000,
    "netIncomeRatio": 0.1112401301,
    "eps": 9.88,
    "epsdiluted": 9.86,
    "weightedAverageShsOut": 48200000,
    "weightedAverageShsOutDil": 48300000,
    "link": "https://www.sec.gov/Archives/edgar/data/277135/000027713525000067/0000277135-25-000067-index.htm",
    "finalLink": "https://www.sec.gov/Archives/edgar/data/277135/000027713525000067/gww-20250331.htm"
  },
  {
    "date": "2024-12-31",
    "symbol": "GWW",
    "reportedCurrency": "USD",
    "cik": "0000277135",
    "fillingDate": "2025-02-20",
    "acceptedDate": "2025-02-20 16:44:48",
    "calendarYear": "2024",
    "period": "Q4",
    "revenue": 4233000000,
    "costOfRevenue": 2557000000,
    "grossProfit": 1676000000,
    "grossProfitRatio": 0.3959366879,
    "researchAndDevelopmentExpenses": 0,
    "generalAndAdministrativeExpenses": 0,
    "sellingAndMarketingExpenses": 0,
    "sellingGeneralAndAdministrativeExpenses": 1043000000,
    "otherExpenses": 0,
    "operatingExpenses": 1043000000,
    "costAndExpenses": 3600000000,
    "interestIncome": 0,
    "interestExpense": 17000000,
    "depreciationAndAmortization": 62000000,
    "ebitda": 701000000,
    "ebitdaratio": 0.1656035908,
    "operatingIncome": 633000000,
    "operatingIncomeRatio": 0.1495393338,
    "totalOtherIncomeExpensesNet": -11000000,
    "incomeBeforeTax": 622000000,
    "incomeBeforeTaxRatio": 0.146940704,
    "incomeTaxExpense": 125000000,
    "netIncome": 475000000,
    "netIncomeRatio": 0.1122135601,
    "eps": 9.74,
    "epsdiluted": 9.71,
    "weightedAverageShsOut": 48600000,
    "weightedAverageShsOutDil": 48700000,
    "link": "https://www.sec.gov/Archives/edgar/data/277135/000027713525000010/0000277135-25-000010-index.htm",
    "finalLink": "https://www.sec.gov/Archives/edgar/data/277135/000027713525000010/gww-20241231.htm"
  },
  {
    "date": "2024-09-30",
    "symbol": "GWW",
    "reportedCurrency": "USD",
    "cik": "0000277135",
    "fillingDate": "2024-10-31",
    "acceptedDate": "2024-10-31 16:32:32",
    "calendarYear": "2024",
    "period": "Q3",
    "revenue": 4388000000,
    "costOfRevenue": 2668000000,
    "grossProfit": 1720000000,
    "grossProfitRatio": 0.3919781222,
    "researchAndDevelopmentExpenses": 0,
    "generalAndAdministrativeExpenses": 0,
    "sellingAndMarketingExpenses": 0,
    "sellingGeneralAndAdministrativeExpenses": 1034000000,
    "otherExpenses": 0,
    "operatingExpenses": 1034000000,
    "costAndExpenses": 3702000000,
    "interestIncome": 0,
    "interestExpense": 19000000,
    "depreciationAndAmortization": 59000000,
    "ebitda": 749000000,
    "ebitdaratio": 0.1706927985,
    "operatingIncome": 686000000,
    "operatingIncomeRatio": 0.1563354603,
    "totalOtherIncomeExpensesNet": -15000000,
    "incomeBeforeTax": 671000000,
    "incomeBeforeTaxRatio": 0.1529170465,
    "incomeTaxExpense": 166000000,
    "netIncome": 486000000,
    "netIncomeRatio": 0.1107566089,
    "eps": 9.96,
    "epsdiluted": 9.94,
    "weightedAverageShsOut": 48800000,
    "weightedAverageShsOutDil": 48900000,
    "link": "https://www.sec.gov/Archives/edgar/data/277135/000027713524000173/0000277135-24-000173-index.htm",
    "finalLink": "https://www.sec.gov/Archives/edgar/data/277135/000027713524000173/gww-20240930.htm"
  },
  {
    "date": "2024-06-30",
    "symbol": "GWW",
    "reportedCurrency": "USD",
    "cik": "0000277135",
    "fillingDate": "2024-08-01",
    "acceptedDate": "2024-08-01 16:35:37",
    "calendarYear": "2024",
    "period": "Q2",
    "revenue": 4312000000,
    "costOfRevenue": 2618000000,
    "grossProfit": 1694000000,
    "grossProfitRatio": 0.3928571429,
    "researchAndDevelopmentExpenses": 0,
    "generalAndAdministrativeExpenses": 0,
    "sellingAndMarketingExpenses": 0,
    "sellingGeneralAndAdministrativeExpenses": 1045000000,
    "otherExpenses": 0,
    "operatingExpenses": 1045000000,
    "costAndExpenses": 3663000000,
    "interestIncome": 0,
    "interestExpense": 20000000,
    "depreciationAndAmortization": 60000000,
    "ebitda": 716000000,
    "ebitdaratio": 0.1660482375,
    "operatingIncome": 649000000,
    "operatingIncomeRatio": 0.1505102041,
    "totalOtherIncomeExpensesNet": -13000000,
    "incomeBeforeTax": 636000000,
    "incomeBeforeTaxRatio": 0.1474953618,
    "incomeTaxExpense": 146000000,
    "netIncome": 470000000,
    "netIncomeRatio": 0.1089981447,
    "eps": 9.59,
    "epsdiluted": 9.55,
    "weightedAverageShsOut": 49000000,
    "weightedAverageShsOutDil": 49200000,
    "link": "https://www.sec.gov/Archives/edgar/data/277135/000027713524000133/0000277135-24-000133-index.htm",
    "finalLink": "https://www.sec.gov/Archives/edgar/data/277135/000027713524000133/gww-20240630.htm"
  },
  {
    "date": "2024-03-31",
    "symbol": "GWW",
    "reportedCurrency": "USD",
    "cik": "0000277135",
    "fillingDate": "2024-04-25",
    "acceptedDate": "2024-04-25 16:08:44",
    "calendarYear": "2024",
    "period": "Q1",
    "revenue": 4235000000,
    "costOfRevenue": 2567000000,
    "grossProfit": 1668000000,
    "grossProfitRatio": 0.3938606848,
    "researchAndDevelopmentExpenses": 0,
    "generalAndAdministrativeExpenses": 0,
    "sellingAndMarketingExpenses": 0,
    "sellingGeneralAndAdministrativeExpenses": 999000000,
    "otherExpenses": 0,
    "operatingExpenses": 999000000,
    "costAndExpenses": 3566000000,
    "interestIncome": 0,
    "interestExpense": 21000000,
    "depreciationAndAmortization": 56000000,
    "ebitda": 732000000,
    "ebitdaratio": 0.1728453365,
    "operatingIncome": 669000000,
    "operatingIncomeRatio": 0.1579693034,
    "totalOtherIncomeExpensesNet": -14000000,
    "incomeBeforeTax": 655000000,
    "incomeBeforeTaxRatio": 0.1546635183,
    "incomeTaxExpense": 158000000,
    "netIncome": 478000000,
    "netIncomeRatio": 0.1128689492,
    "eps": 9.72,
    "epsdiluted": 9.68,
    "weightedAverageShsOut": 49200000,
    "weightedAverageShsOutDil": 49400000,
    "link": "https://www.sec.gov/Archives/edgar/data/277135/000027713524000059/0000277135-24-000059-index.htm",
    "finalLink": "https://www.sec.gov/Archives/edgar/data/277135/000027713524000059/gww-20240331.htm"
  },
  {
    "date": "2023-12-31",
    "symbol": "GWW",
    "reportedCurrency": "USD",
    "cik": "0000277135",
    "fillingDate": "2024-02-22",
    "acceptedDate": "2024-02-22 16:42:01",
    "calendarYear": "2023",
    "period": "Q4",
    "revenue": 3997000000,
    "costOfRevenue": 2434000000,
    "grossProfit": 1563000000,
    "grossProfitRatio": 0.3910432825,
    "researchAndDevelopmentExpenses": 0,
    "generalAndAdministrativeExpenses": 368000000,
    "sellingAndMarketingExpenses": 638000000,
    "sellingGeneralAndAdministrativeExpenses": 1006000000,
    "otherExpenses": 0,
    "operatingExpenses": 1006000000,
    "costAndExpenses": 3440000000,
    "interestIncome": 0,
    "interestExpense": 23000000,
    "depreciationAndAmortization": 57000000,
    "ebitda": 621000000,
    "ebitdaratio": 0.1553665249,
    "operatingIncome": 557000000,
    "operatingIncomeRatio": 0.1393545159,
    "totalOtherIncomeExpensesNet": -16000000,
    "incomeBeforeTax": 541000000,
    "incomeBeforeTaxRatio": 0.1353515136,
    "incomeTaxExpense": 129000000,
    "netIncome": 395000000,
    "netIncomeRatio": 0.0988241181,
    "eps": 7.98,
    "epsdiluted": 7.95,
    "weightedAverageShsOut": 49500000,
    "weightedAverageShsOutDil": 49700000,
    "link": "https://www.sec.gov/Archives/edgar/data/277135/000027713524000011/0000277135-24-000011-index.htm",
    "finalLink": "https://www.sec.gov/Archives/edgar/data/277135/000027713524000011/gww-20231231.htm"
  },
  {
    "date": "2023-09-30",
    "symbol": "GWW",
    "reportedCurrency": "USD",
    "cik": "0000277135",
    "fillingDate": "2023-10-26",
    "acceptedDate": "2023-10-26 16:06:38",
    "calendarYear": "2023",
    "period": "Q3",
    "revenue": 4208000000,
    "costOfRevenue": 2553000000,
    "grossProfit": 1655000000,
    "grossProfitRatio": 0.3932984791,
    "researchAndDevelopmentExpenses": 0,
    "generalAndAdministrativeExpenses": 0,
    "sellingAndMarketingExpenses": 0,
    "sellingGeneralAndAdministrativeExpenses": 988000000,
    "otherExpenses": 0,
    "operatingExpenses": 988000000,
    "costAndExpenses": 3541000000,
    "interestIncome": 0,
    "interestExpense": 22000000,
    "depreciationAndAmortization": 56000000,
    "ebitda": 730000000,
    "ebitdaratio": 0.1734790875,
    "operatingIncome": 667000000,
    "operatingIncomeRatio": 0.1585076046,
    "totalOtherIncomeExpensesNet": -15000000,
    "incomeBeforeTax": 652000000,
    "incomeBeforeTaxRatio": 0.1549429658,
    "incomeTaxExpense": 159000000,
    "netIncome": 476000000,
    "netIncomeRatio": 0.1131178707,
    "eps": 9.54,
    "epsdiluted": 9.5,
    "weightedAverageShsOut": 49900000,
    "weightedAverageShsOutDil": 50100000,
    "link": "https://www.sec.gov/Archives/edgar/data/277135/000027713523000096/0000277135-23-000096-index.htm",
    "finalLink": "https://www.sec.gov/Archives/edgar/data/277135/000027713523000096/gww-20230930.htm"
  },
  {
    "date": "2023-06-30",
    "symbol": "GWW",
    "reportedCurrency": "USD",
    "cik": "0000277135",
    "fillingDate": "2023-07-27",
    "acceptedDate": "2023-07-27 16:30:52",
    "calendarYear": "2023",
    "period": "Q2",
    "revenue": 4182000000,
    "costOfRevenue": 2538000000,
    "grossProfit": 1644000000,
    "grossProfitRatio": 0.3931133429,
    "researchAndDevelopmentExpenses": 0,
    "generalAndAdministrativeExpenses": 0,
    "sellingAndMarketingExpenses": 0,
    "sellingGeneralAndAdministrativeExpenses": 983000000,
    "otherExpenses": 0,
    "operatingExpenses": 983000000,
    "costAndExpenses": 3521000000,
    "interestIncome": 0,
    "interestExpense": 24000000,
    "depreciationAndAmortization": 55000000,
    "ebitda": 724000000,
    "ebitdaratio": 0.1731229077,
    "operatingIncome": 661000000,
    "operatingIncomeRatio": 0.1580583453,
    "totalOtherIncomeExpensesNet": -16000000,
    "incomeBeforeTax": 645000000,
    "incomeBeforeTaxRatio": 0.1542324247,
    "incomeTaxExpense": 155000000,
    "netIncome": 470000000,
    "netIncomeRatio": 0.112386418,
    "eps": 9.38,
    "epsdiluted": 9.34,
    "weightedAverageShsOut": 50100000,
    "weightedAverageShsOutDil": 50300000,
    "link": "https://www.sec.gov/Archives/edgar/data/277135/000027713523000055/0000277135-23-000055-index.htm",
    "finalLink": "https://www.sec.gov/Archives/edgar/data/277135/000027713523000055/gww-20230630.htm"
  },
  {
    "date": "2023-03-31",
    "symbol": "GWW",
    "reportedCurrency": "USD",
    "cik": "0000277135",
    "fillingDate": "2023-04-27",
    "acceptedDate": "2023-04-27 16:37:22",
    "calendarYear": "2023",
    "period": "Q1",
    "revenue": 4091000000,
    "costOfRevenue": 2457000000,
    "grossProfit": 1634000000,
    "grossProfitRatio": 0.3994133464,
    "researchAndDevelopmentExpenses": 0,
    "generalAndAdministrativeExpenses": 0,
    "sellingAndMarketingExpenses": 0,
    "sellingGeneralAndAdministrativeExpenses": 954000000,
    "otherExpenses": 0,
    "operatingExpenses": 954000000,
    "costAndExpenses": 3411000000,
    "interestIncome": 0,
    "interestExpense": 24000000,
    "depreciationAndAmortization": 51000000,
    "ebitda": 737000000,
    "ebitdaratio": 0.1801515522,
    "operatingIncome": 680000000,
    "operatingIncomeRatio": 0.1662185285,
    "totalOtherIncomeExpensesNet": -18000000,
    "incomeBeforeTax": 662000000,
    "incomeBeforeTaxRatio": 0.1618186263,
    "incomeTaxExpense": 154000000,
    "netIncome": 488000000,
    "netIncomeRatio": 0.1192862381,
    "eps": 9.72,
    "epsdiluted": 9.66,
    "weightedAverageShsOut": 50200000,
    "weightedAverageShsOutDil": 50500000,
    "link": "https://www.sec.gov/Archives/edgar/data/277135/000027713523000024/0000277135-23-000024-index.htm",
    "finalLink": "https://www.sec.gov/Archives/edgar/data/277135/000027713523000024/gww-20230331.htm"
  },
  {
    "date": "2022-12-31",
    "symbol": "GWW",
    "reportedCurrency": "USD",
    "cik": "0000277135",
    "fillingDate": "2023-02-21",
    "acceptedDate": "2023-02-21 16:52:21",
    "calendarYear": "2022",
    "period": "Q4",
    "revenue": 3802000000,
    "costOfRevenue": 2296000000,
    "grossProfit": 1506000000,
    "grossProfitRatio": 0.3961073119,
    "researchAndDevelopmentExpenses": 0,
    "generalAndAdministrativeExpenses": 443000000,
    "sellingAndMarketingExpenses": 519000000,
    "sellingGeneralAndAdministrativeExpenses": 962000000,
    "otherExpenses": 0,
    "operatingExpenses": 962000000,
    "costAndExpenses": 3258000000,
    "interestIncome": 0,
    "interestExpense": 23000000,
    "depreciationAndAmortization": 58000000,
    "ebitda": 607000000,
    "ebitdaratio": 0.1596528143,
    "operatingIncome": 544000000,
    "operatingIncomeRatio": 0.1430825881,
    "totalOtherIncomeExpensesNet": -19000000,
    "incomeBeforeTax": 525000000,
    "incomeBeforeTaxRatio": 0.1380852183,
    "incomeTaxExpense": 128000000,
    "netIncome": 384000000,
    "netIncomeRatio": 0.100999474,
    "eps": 7.58,
    "epsdiluted": 7.53,
    "weightedAverageShsOut": 50400000,
    "weightedAverageShsOutDil": 50700000,
    "link": "https://www.sec.gov/Archives/edgar/data/277135/000027713523000014/0000277135-23-000014-index.htm",
    "finalLink": "https://www.sec.gov/Archives/edgar/data/277135/000027713523000014/gww-20221231.htm"
  },
  {
    "date": "2022-09-30",
    "symbol": "GWW",
    "reportedCurrency": "USD",
    "cik": "0000277135",
    "fillingDate": "2022-10-28",
    "acceptedDate": "2022-10-28 16:11:18",
    "calendarYear": "2022",
    "period": "Q3",
    "revenue": 3942000000,
    "costOfRevenue": 2423000000,
    "grossProfit": 1519000000,
    "grossProfitRatio": 0.3853373922,
    "researchAndDevelopmentExpenses": 0,
    "generalAndAdministrativeExpenses": 0,
    "sellingAndMarketingExpenses": 0,
    "sellingGeneralAndAdministrativeExpenses": 916000000,
    "otherExpenses": 0,
    "operatingExpenses": 916000000,
    "costAndExpenses": 3339000000,
    "interestIncome": 0,
    "interestExpense": 25000000,
    "depreciationAndAmortization": 52000000,
    "ebitda": 664000000,
    "ebitdaratio": 0.168442415,
    "operatingIncome": 603000000,
    "operatingIncomeRatio": 0.1529680365,
    "totalOtherIncomeExpensesNet": -16000000,
    "incomeBeforeTax": 587000000,
    "incomeBeforeTaxRatio": 0.1489091832,
    "incomeTaxExpense": 145000000,
    "netIncome": 426000000,
    "netIncomeRatio": 0.1080669711,
    "eps": 8.39,
    "epsdiluted": 8.34,
    "weightedAverageShsOut": 50800000,
    "weightedAverageShsOutDil": 51100000,
    "link": "https://www.sec.gov/Archives/edgar/data/277135/000027713522000043/0000277135-22-000043-index.htm",
    "finalLink": "https://www.sec.gov/Archives/edgar/data/277135/000027713522000043/gww-20220930.htm"
  },
  {
    "date": "2022-06-30",
    "symbol": "GWW",
    "reportedCurrency": "USD",
    "cik": "0000277135",
    "fillingDate": "2022-07-29",
    "acceptedDate": "2022-07-29 16:16:30",
    "calendarYear": "2022",
    "period": "Q2",
    "revenue": 3837000000,
    "costOfRevenue": 2396000000,
    "grossProfit": 1441000000,
    "grossProfitRatio": 0.3755538181,
    "researchAndDevelopmentExpenses": 0,
    "generalAndAdministrativeExpenses": 0,
    "sellingAndMarketingExpenses": 0,
    "sellingGeneralAndAdministrativeExpenses": 907000000,
    "otherExpenses": 0,
    "operatingExpenses": 907000000,
    "costAndExpenses": 3303000000,
    "interestIncome": 0,
    "interestExpense": 22000000,
    "depreciationAndAmortization": 55000000,
    "ebitda": 594000000,
    "ebitdaratio": 0.1548084441,
    "operatingIncome": 534000000,
    "operatingIncomeRatio": 0.1391712275,
    "totalOtherIncomeExpensesNet": -17000000,
    "incomeBeforeTax": 517000000,
    "incomeBeforeTaxRatio": 0.1347406828,
    "incomeTaxExpense": 128000000,
    "netIncome": 371000000,
    "netIncomeRatio": 0.0966901225,
    "eps": 7.22,
    "epsdiluted": 7.19,
    "weightedAverageShsOut": 51000000,
    "weightedAverageShsOutDil": 51300000,
    "link": "https://www.sec.gov/Archives/edgar/data/277135/000027713522000022/0000277135-22-000022-index.htm",
    "finalLink": "https://www.sec.gov/Archives/edgar/data/277135/000027713522000022/gww-20220630.htm"
  },
  {
    "date": "2022-03-31",
    "symbol": "GWW",
    "reportedCurrency": "USD",
    "cik": "0000277135",
    "fillingDate": "2022-04-28",
    "acceptedDate": "2022-04-28 16:05:13",
    "calendarYear": "2022",
    "period": "Q1",
    "revenue": 3647000000,
    "costOfRevenue": 2264000000,
    "grossProfit": 1383000000,
    "grossProfitRatio": 0.3792157938,
    "researchAndDevelopmentExpenses": 0,
    "generalAndAdministrativeExpenses": 0,
    "sellingAndMarketingExpenses": 0,
    "sellingGeneralAndAdministrativeExpenses": 849000000,
    "otherExpenses": 0,
    "operatingExpenses": 849000000,
    "costAndExpenses": 3113000000,
    "interestIncome": 0,
    "interestExpense": 23000000,
    "depreciationAndAmortization": 52000000,
    "ebitda": 592000000,
    "ebitdaratio": 0.1623251988,
    "operatingIncome": 534000000,
    "operatingIncomeRatio": 0.1464217165,
    "totalOtherIncomeExpensesNet": -17000000,
    "incomeBeforeTax": 517000000,
    "incomeBeforeTaxRatio": 0.141760351,
    "incomeTaxExpense": 132000000,
    "netIncome": 366000000,
    "netIncomeRatio": 0.1003564574,
    "eps": 7.16,
    "epsdiluted": 7.12,
    "weightedAverageShsOut": 51100000,
    "weightedAverageShsOutDil": 51400000,
    "link": "https://www.sec.gov/Archives/edgar/data/277135/000027713522000019/0000277135-22-000019-index.htm",
    "finalLink": "https://www.sec.gov/Archives/edgar/data/277135/000027713522000019/gww-20220331.htm"
  },
  {
    "date": "2021-12-31",
    "symbol": "GWW",
    "reportedCurrency": "USD",
    "cik": "0000277135",
    "fillingDate": "2022-02-23",
    "acceptedDate": "2022-02-23 17:11:12",
    "calendarYear": "2021",
    "period": "Q4",
    "revenue": 3359000000,
    "costOfRevenue": 2106000000,
    "grossProfit": 1253000000,
    "grossProfitRatio": 0.3730276868,
    "researchAndDevelopmentExpenses": 0,
    "generalAndAdministrativeExpenses": 434000000,
    "sellingAndMarketingExpenses": 402000000,
    "sellingGeneralAndAdministrativeExpenses": 836000000,
    "otherExpenses": 0,
    "operatingExpenses": 836000000,
    "costAndExpenses": 2942000000,
    "interestIncome": 0,
    "interestExpense": 22000000,
    "depreciationAndAmortization": 48000000,
    "ebitda": 471000000,
    "ebitdaratio": 0.1402203037,
    "operatingIncome": 417000000,
    "operatingIncomeRatio": 0.1241440905,
    "totalOtherIncomeExpensesNet": -16000000,
    "incomeBeforeTax": 401000000,
    "incomeBeforeTaxRatio": 0.1193807681,
    "incomeTaxExpense": 100000000,
    "netIncome": 283000000,
    "netIncomeRatio": 0.0842512653,
    "eps": 5.47,
    "epsdiluted": 5.44,
    "weightedAverageShsOut": 51400000,
    "weightedAverageShsOutDil": 51700000,
    "link": "https://www.sec.gov/Archives/edgar/data/277135/000027713522000012/0000277135-22-000012-index.htm",
    "finalLink": "https://www.sec.gov/Archives/edgar/data/277135/000027713522000012/gww-20211231.htm"
  },
  {
    "date": "2021-09-30",
    "symbol": "GWW",
    "reportedCurrency": "USD",
    "cik": "0000277135",
    "fillingDate": "2021-10-29",
    "acceptedDate": "2021-10-29 16:12:49",
    "calendarYear": "2021",
    "period": "Q3",
    "revenue": 3372000000,
    "costOfRevenue": 2122000000,
    "grossProfit": 1250000000,
    "grossProfitRatio": 0.3706998814,
    "researchAndDevelopmentExpenses": 0,
    "generalAndAdministrativeExpenses": 0,
    "sellingAndMarketingExpenses": 0,
    "sellingGeneralAndAdministrativeExpenses": 812000000,
    "otherExpenses": 0,
    "operatingExpenses": 812000000,
    "costAndExpenses": 2934000000,
    "interestIncome": 0,
    "interestExpense": 22000000,
    "depreciationAndAmortization": 45000000,
    "ebitda": 489000000,
    "ebitdaratio": 0.1450177936,
    "operatingIncome": 438000000,
    "operatingIncomeRatio": 0.1298932384,
    "totalOtherIncomeExpensesNet": -16000000,
    "incomeBeforeTax": 422000000,
    "incomeBeforeTaxRatio": 0.12514828,
    "incomeTaxExpense": 107000000,
    "netIncome": 297000000,
    "netIncomeRatio": 0.0880782918,
    "eps": 5.68,
    "epsdiluted": 5.65,
    "weightedAverageShsOut": 51800000,
    "weightedAverageShsOutDil": 52100000,
    "link": "https://www.sec.gov/Archives/edgar/data/277135/000027713521000026/0000277135-21-000026-index.htm",
    "finalLink": "https://www.sec.gov/Archives/edgar/data/277135/000027713521000026/gww-20210930.htm"
  },
  {
    "date": "2021-06-30",
    "symbol": "GWW",
    "reportedCurrency": "USD",
    "cik": "0000277135",
    "fillingDate": "2021-07-30",
    "acceptedDate": "2021-07-30 16:27:54",
    "calendarYear": "2021",
    "period": "Q2",
    "revenue": 3207000000,
    "costOfRevenue": 2083000000,
    "grossProfit": 1124000000,
    "grossProfitRatio": 0.3504833177,
    "researchAndDevelopmentExpenses": 0,
    "generalAndAdministrativeExpenses": 0,
    "sellingAndMarketingExpenses": 0,
    "sellingGeneralAndAdministrativeExpenses": 790000000,
    "otherExpenses": 0,
    "operatingExpenses": 790000000,
    "costAndExpenses": 2873000000,
    "interestIncome": 0,
    "interestExpense": 22000000,
    "depreciationAndAmortization": 49000000,
    "ebitda": 390000000,
    "ebitdaratio": 0.1216089804,
    "operatingIncome": 334000000,
    "operatingIncomeRatio": 0.104147178,
    "totalOtherIncomeExpensesNet": -15000000,
    "incomeBeforeTax": 319000000,
    "incomeBeforeTaxRatio": 0.0994699096,
    "incomeTaxExpense": 76000000,
    "netIncome": 225000000,
    "netIncomeRatio": 0.0701590271,
    "eps": 4.3,
    "epsdiluted": 4.27,
    "weightedAverageShsOut": 52200000,
    "weightedAverageShsOutDil": 52500000,
    "link": "https://www.sec.gov/Archives/edgar/data/277135/000027713521000019/0000277135-21-000019-index.htm",
    "finalLink": "https://www.sec.gov/Archives/edgar/data/277135/000027713521000019/gww-20210630.htm"
  },
  {
    "date": "2021-03-31",
    "symbol": "GWW",
    "reportedCurrency": "USD",
    "cik": "0000277135",
    "fillingDate": "2021-04-30",
    "acceptedDate": "2021-04-30 16:10:05",
    "calendarYear": "2021",
    "period": "Q1",
    "revenue": 3084000000,
    "costOfRevenue": 1991000000,
    "grossProfit": 1093000000,
    "grossProfitRatio": 0.3544098573,
    "researchAndDevelopmentExpenses": 0,
    "generalAndAdministrativeExpenses": 0,
    "sellingAndMarketingExpenses": 0,
    "sellingGeneralAndAdministrativeExpenses": 735000000,
    "otherExpenses": 0,
    "operatingExpenses": 735000000,
    "costAndExpenses": 2726000000,
    "interestIncome": 0,
    "interestExpense": 21000000,
    "depreciationAndAmortization": 43000000,
    "ebitda": 407000000,
    "ebitdaratio": 0.1319714656,
    "operatingIncome": 358000000,
    "operatingIncomeRatio": 0.1160830091,
    "totalOtherIncomeExpensesNet": -15000000,
    "incomeBeforeTax": 343000000,
    "incomeBeforeTaxRatio": 0.1112191958,
    "incomeTaxExpense": 88000000,
    "netIncome": 238000000,
    "netIncomeRatio": 0.0771725032,
    "eps": 4.51,
    "epsdiluted": 4.48,
    "weightedAverageShsOut": 52300000,
    "weightedAverageShsOutDil": 52600000,
    "link": "https://www.sec.gov/Archives/edgar/data/277135/000027713521000014/0000277135-21-000014-index.htm",
    "finalLink": "https://www.sec.gov/Archives/edgar/data/277135/000027713521000014/gww-20210331.htm"
  },
  {
    "date": "2020-12-31",
    "symbol": "GWW",
    "reportedCurrency": "USD",
    "cik": "0000277135",
    "fillingDate": "2021-02-24",
    "acceptedDate": "2021-02-24 17:03:46",
    "calendarYear": "2020",
    "period": "Q4",
    "revenue": 2941000000,
    "costOfRevenue": 1914000000,
    "grossProfit": 1027000000,
    "grossProfitRatio": 0.3492009521,
    "researchAndDevelopmentExpenses": 0,
    "generalAndAdministrativeExpenses": 433000000,
    "sellingAndMarketingExpenses": 319000000,
    "sellingGeneralAndAdministrativeExpenses": 752000000,
    "otherExpenses": 0,
    "operatingExpenses": 752000000,
    "costAndExpenses": 2666000000,
    "interestIncome": 0,
    "interestExpense": 21000000,
    "depreciationAndAmortization": 45000000,
    "ebitda": 325000000,
    "ebitdaratio": 0.1105066304,
    "operatingIncome": 275000000,
    "operatingIncomeRatio": 0.0935056103,
    "totalOtherIncomeExpensesNet": -16000000,
    "incomeBeforeTax": 259000000,
    "incomeBeforeTaxRatio": 0.0880652839,
    "incomeTaxExpense": 74000000,
    "netIncome": 168000000,
    "netIncomeRatio": 0.0571234274,
    "eps": 3.14,
    "epsdiluted": 3.12,
    "weightedAverageShsOut": 53300000,
    "weightedAverageShsOutDil": 53600000,
    "link": "https://www.sec.gov/Archives/edgar/data/277135/000027713521000007/0000277135-21-000007-index.htm",
    "finalLink": "https://www.sec.gov/Archives/edgar/data/277135/000027713521000007/gww-20201231.htm"
  },
  {
    "date": "2020-09-30",
    "symbol": "GWW",
    "reportedCurrency": "USD",
    "cik": "0000277135",
    "fillingDate": "2020-10-22",
    "acceptedDate": "2020-10-22 16:34:10",
    "calendarYear": "2020",
    "period": "Q3",
    "revenue": 3018000000,
    "costOfRevenue": 1944000000,
    "grossProfit": 1074000000,
    "grossProfitRatio": 0.3558648111,
    "researchAndDevelopmentExpenses": 0,
    "generalAndAdministrativeExpenses": 0,
    "sellingAndMarketingExpenses": 0,
    "sellingGeneralAndAdministrativeExpenses": 694000000,
    "otherExpenses": 0,
    "operatingExpenses": 694000000,
    "costAndExpenses": 2638000000,
    "interestIncome": 0,
    "interestExpense": 23000000,
    "depreciationAndAmortization": 42000000,
    "ebitda": 427000000,
    "ebitdaratio": 0.1414844268,
    "operatingIncome": 380000000,
    "operatingIncomeRatio": 0.1259111995,
    "totalOtherIncomeExpensesNet": -18000000,
    "incomeBeforeTax": 362000000,
    "incomeBeforeTaxRatio": 0.1199469848,
    "incomeTaxExpense": 106000000,
    "netIncome": 240000000,
    "netIncomeRatio": 0.0795228628,
    "eps": 4.43,
    "epsdiluted": 4.41,
    "weightedAverageShsOut": 53600000,
    "weightedAverageShsOutDil": 53900000,
    "link": "https://www.sec.gov/Archives/edgar/data/277135/000027713520000028/0000277135-20-000028-index.htm",
    "finalLink": "https://www.sec.gov/Archives/edgar/data/277135/000027713520000028/gww-20200930.htm"
  },
  {
    "date": "2020-06-30",
    "symbol": "GWW",
    "reportedCurrency": "USD",
    "cik": "0000277135",
    "fillingDate": "2020-07-23",
    "acceptedDate": "2020-07-23 16:25:13",
    "calendarYear": "2020",
    "period": "Q2",
    "revenue": 2837000000,
    "costOfRevenue": 1821000000,
    "grossProfit": 1016000000,
    "grossProfitRatio": 0.3581247797,
    "researchAndDevelopmentExpenses": 0,
    "generalAndAdministrativeExpenses": 0,
    "sellingAndMarketingExpenses": 0,
    "sellingGeneralAndAdministrativeExpenses": 811000000,
    "otherExpenses": 0,
    "operatingExpenses": 811000000,
    "costAndExpenses": 2632000000,
    "interestIncome": 0,
    "interestExpense": 28000000,
    "depreciationAndAmortization": 50000000,
    "ebitda": 262000000,
    "ebitdaratio": 0.0923510751,
    "operatingIncome": 205000000,
    "operatingIncomeRatio": 0.072259429,
    "totalOtherIncomeExpensesNet": -21000000,
    "incomeBeforeTax": 184000000,
    "incomeBeforeTaxRatio": 0.0648572436,
    "incomeTaxExpense": 55000000,
    "netIncome": 114000000,
    "netIncomeRatio": 0.0401832922,
    "eps": 2.11,
    "epsdiluted": 2.1,
    "weightedAverageShsOut": 53500000,
    "weightedAverageShsOutDil": 53700000,
    "link": "https://www.sec.gov/Archives/edgar/data/277135/000027713520000021/0000277135-20-000021-index.htm",
    "finalLink": "https://www.sec.gov/Archives/edgar/data/277135/000027713520000021/gww-20200630.htm"
  },
  {
    "date": "2020-03-31",
    "symbol": "GWW",
    "reportedCurrency": "USD",
    "cik": "0000277135",
    "fillingDate": "2020-04-23",
    "acceptedDate": "2020-04-23 16:30:49",
    "calendarYear": "2020",
    "period": "Q1",
    "revenue": 3001000000,
    "costOfRevenue": 1880000000,
    "grossProfit": 1121000000,
    "grossProfitRatio": 0.3735421526,
    "researchAndDevelopmentExpenses": 0,
    "generalAndAdministrativeExpenses": 0,
    "sellingAndMarketingExpenses": 0,
    "sellingGeneralAndAdministrativeExpenses": 962000000,
    "otherExpenses": 0,
    "operatingExpenses": 962000000,
    "costAndExpenses": 2842000000,
    "interestIncome": 0,
    "interestExpense": 21000000,
    "depreciationAndAmortization": 45000000,
    "ebitda": 208000000,
    "ebitdaratio": 0.0693102299,
    "operatingIncome": 159000000,
    "operatingIncomeRatio": 0.0529823392,
    "totalOtherIncomeExpensesNet": -17000000,
    "incomeBeforeTax": 142000000,
    "incomeBeforeTaxRatio": 0.0473175608,
    "incomeTaxExpense": -43000000,
    "netIncome": 173000000,
    "netIncomeRatio": 0.0576474508,
    "eps": 3.2,
    "epsdiluted": 3.19,
    "weightedAverageShsOut": 53600000,
    "weightedAverageShsOutDil": 53800000,
    "link": "https://www.sec.gov/Archives/edgar/data/277135/000027713520000014/0000277135-20-000014-index.htm",
    "finalLink": "https://www.sec.gov/Archives/edgar/data/277135/000027713520000014/gww2020033120-10q.htm"
  },
  {
    "date": "2019-12-31",
    "symbol": "GWW",
    "reportedCurrency": "USD",
    "cik": "0000277135",
    "fillingDate": "2020-02-20",
    "acceptedDate": "2020-02-20 07:54:17",
    "calendarYear": "2019",
    "period": "Q4",
    "revenue": 2847000000,
    "costOfRevenue": 1765000000,
    "grossProfit": 1082000000,
    "grossProfitRatio": 0.3800491746,
    "researchAndDevelopmentExpenses": 0,
    "generalAndAdministrativeExpenses": 361000000,
    "sellingAndMarketingExpenses": 316000000,
    "sellingGeneralAndAdministrativeExpenses": 677000000,
    "otherExpenses": 0,
    "operatingExpenses": 901000000,
    "costAndExpenses": 2666000000,
    "interestIncome": 0,
    "interestExpense": 19000000,
    "depreciationAndAmortization": 58000000,
    "ebitda": 247000000,
    "ebitdaratio": 0.0867579909,
    "operatingIncome": 181000000,
    "operatingIncomeRatio": 0.0635756937,
    "totalOtherIncomeExpensesNet": -11000000,
    "incomeBeforeTax": 170000000,
    "incomeBeforeTaxRatio": 0.0597119775,
    "incomeTaxExpense": 53000000,
    "netIncome": 103000000,
    "netIncomeRatio": 0.0361784334,
    "eps": 1.89,
    "epsdiluted": 1.88,
    "weightedAverageShsOut": 53800000,
    "weightedAverageShsOutDil": 54100000,
    "link": "https://www.sec.gov/Archives/edgar/data/277135/000027713520000007/0000277135-20-000007-index.htm",
    "finalLink": "https://www.sec.gov/Archives/edgar/data/277135/000027713520000007/gww20191231-10k.htm"
  },
  {
    "date": "2019-09-30",
    "symbol": "GWW",
    "reportedCurrency": "USD",
    "cik": "0000277135",
    "fillingDate": "2019-10-23",
    "acceptedDate": "2019-10-23 16:35:32",
    "calendarYear": "2019",
    "period": "Q3",
    "revenue": 2947000000,
    "costOfRevenue": 1848000000,
    "grossProfit": 1099000000,
    "grossProfitRatio": 0.3729216152,
    "researchAndDevelopmentExpenses": 0,
    "generalAndAdministrativeExpenses": 761000000,
    "sellingAndMarketingExpenses": 0,
    "sellingGeneralAndAdministrativeExpenses": 761000000,
    "otherExpenses": 0,
    "operatingExpenses": 761000000,
    "costAndExpenses": 2609000000,
    "interestIncome": 1000000,
    "interestExpense": 21000000,
    "depreciationAndAmortization": 58000000,
    "ebitda": 401000000,
    "ebitdaratio": 0.1360705803,
    "operatingIncome": 338000000,
    "operatingIncomeRatio": 0.114692908,
    "totalOtherIncomeExpensesNet": -16000000,
    "incomeBeforeTax": 322000000,
    "incomeBeforeTaxRatio": 0.109263658,
    "incomeTaxExpense": 78000000,
    "netIncome": 233000000,
    "netIncomeRatio": 0.0790634544,
    "eps": 4.27,
    "epsdiluted": 4.25,
    "weightedAverageShsOut": 54100000,
    "weightedAverageShsOutDil": 54400000,
    "link": "https://www.sec.gov/Archives/edgar/data/277135/000027713519000031/0000277135-19-000031-index.htm",
    "finalLink": "https://www.sec.gov/Archives/edgar/data/277135/000027713519000031/gww2019093019-10q.htm"
  },
  {
    "date": "2019-06-30",
    "symbol": "GWW",
    "reportedCurrency": "USD",
    "cik": "0000277135",
    "fillingDate": "2019-07-24",
    "acceptedDate": "2019-07-24 16:20:14",
    "calendarYear": "2019",
    "period": "Q2",
    "revenue": 2893000000,
    "costOfRevenue": 1772000000,
    "grossProfit": 1121000000,
    "grossProfitRatio": 0.3874870377,
    "researchAndDevelopmentExpenses": 0,
    "generalAndAdministrativeExpenses": 741000000,
    "sellingAndMarketingExpenses": 0,
    "sellingGeneralAndAdministrativeExpenses": 741000000,
    "otherExpenses": 0,
    "operatingExpenses": 741000000,
    "costAndExpenses": 2513000000,
    "interestIncome": 1000000,
    "interestExpense": 22000000,
    "depreciationAndAmortization": 56000000,
    "ebitda": 444000000,
    "ebitdaratio": 0.1534739025,
    "operatingIncome": 380000000,
    "operatingIncomeRatio": 0.1313515382,
    "totalOtherIncomeExpensesNet": -14000000,
    "incomeBeforeTax": 366000000,
    "incomeBeforeTaxRatio": 0.126512271,
    "incomeTaxExpense": 94000000,
    "netIncome": 260000000,
    "netIncomeRatio": 0.0898721051,
    "eps": 4.69,
    "epsdiluted": 4.67,
    "weightedAverageShsOut": 55100000,
    "weightedAverageShsOutDil": 55400000,
    "link": "https://www.sec.gov/Archives/edgar/data/277135/000027713519000024/0000277135-19-000024-index.htm",
    "finalLink": "https://www.sec.gov/Archives/edgar/data/277135/000027713519000024/gww2019063019-10q.htm"
  },
  {
    "date": "2019-03-31",
    "symbol": "GWW",
    "reportedCurrency": "USD",
    "cik": "0000277135",
    "fillingDate": "2019-04-22",
    "acceptedDate": "2019-04-22 17:11:25",
    "calendarYear": "2019",
    "period": "Q1",
    "revenue": 2799000000,
    "costOfRevenue": 1704000000,
    "grossProfit": 1095000000,
    "grossProfitRatio": 0.3912111468,
    "researchAndDevelopmentExpenses": 0,
    "generalAndAdministrativeExpenses": 732000000,
    "sellingAndMarketingExpenses": 0,
    "sellingGeneralAndAdministrativeExpenses": 732000000,
    "otherExpenses": 0,
    "operatingExpenses": 732000000,
    "costAndExpenses": 2436000000,
    "interestIncome": 2000000,
    "interestExpense": 21000000,
    "depreciationAndAmortization": 57000000,
    "ebitda": 429000000,
    "ebitdaratio": 0.1532690247,
    "operatingIncome": 363000000,
    "operatingIncomeRatio": 0.1296891747,
    "totalOtherIncomeExpensesNet": -12000000,
    "incomeBeforeTax": 351000000,
    "incomeBeforeTaxRatio": 0.1254019293,
    "incomeTaxExpense": 89000000,
    "netIncome": 253000000,
    "netIncomeRatio": 0.0903894248,
    "eps": 4.5,
    "epsdiluted": 4.48,
    "weightedAverageShsOut": 55600000,
    "weightedAverageShsOutDil": 55900000,
    "link": "https://www.sec.gov/Archives/edgar/data/277135/000027713519000015/0000277135-19-000015-index.htm",
    "finalLink": "https://www.sec.gov/Archives/edgar/data/277135/000027713519000015/gww2019033119-10q.htm"
  },
  {
    "date": "2018-12-31",
    "symbol": "GWW",
    "reportedCurrency": "USD",
    "cik": "0000277135",
    "fillingDate": "2019-02-28",
    "acceptedDate": "2019-02-28 16:51:08",
    "calendarYear": "2018",
    "period": "Q4",
    "revenue": 2763000000,
    "costOfRevenue": 1697000000,
    "grossProfit": 1066000000,
    "grossProfitRatio": 0.3858125226,
    "researchAndDevelopmentExpenses": 0,
    "generalAndAdministrativeExpenses": 776003000,
    "sellingAndMarketingExpenses": -3000,
    "sellingGeneralAndAdministrativeExpenses": 776000000,
    "otherExpenses": 0,
    "operatingExpenses": 776000000,
    "costAndExpenses": 2473000000,
    "interestIncome": 2355000,
    "interestExpense": 18058000,
    "depreciationAndAmortization": 65000000,
    "ebitda": 362000000,
    "ebitdaratio": 0.1310170105,
    "operatingIncome": 290000000,
    "operatingIncomeRatio": 0.1049583786,
    "totalOtherIncomeExpensesNet": -11000000,
    "incomeBeforeTax": 279000000,
    "incomeBeforeTaxRatio": 0.1009771987,
    "incomeTaxExpense": 60000000,
    "netIncome": 209000000,
    "netIncomeRatio": 0.0756424177,
    "eps": 3.71,
    "epsdiluted": 3.68,
    "weightedAverageShsOut": 56058000,
    "weightedAverageShsOutDil": 56377000,
    "link": "https://www.sec.gov/Archives/edgar/data/277135/000027713519000010/0000277135-19-000010-index.htm",
    "finalLink": "https://www.sec.gov/Archives/edgar/data/277135/000027713519000010/gww20181231-10k.htm"
  },
  {
    "date": "2018-09-30",
    "symbol": "GWW",
    "reportedCurrency": "USD",
    "cik": "0000277135",
    "fillingDate": "2018-11-01",
    "acceptedDate": "2018-11-01 16:39:12",
    "calendarYear": "2018",
    "period": "Q3",
    "revenue": 2831429000,
    "costOfRevenue": 1752194000,
    "grossProfit": 1079235000,
    "grossProfitRatio": 0.3811626567,
    "researchAndDevelopmentExpenses": 0,
    "generalAndAdministrativeExpenses": 890113000,
    "sellingAndMarketingExpenses": 0,
    "sellingGeneralAndAdministrativeExpenses": 890113000,
    "otherExpenses": 0,
    "operatingExpenses": 890113000,
    "costAndExpenses": 2642307000,
    "interestIncome": 2000000,
    "interestExpense": 22000000,
    "depreciationAndAmortization": 63871000,
    "ebitda": 257241000,
    "ebitdaratio": 0.0908520044,
    "operatingIncome": 189122000,
    "operatingIncomeRatio": 0.0667938345,
    "totalOtherIncomeExpensesNet": -18105000,
    "incomeBeforeTax": 171017000,
    "incomeBeforeTaxRatio": 0.0603995368,
    "incomeTaxExpense": 55972000,
    "netIncome": 104377000,
    "netIncomeRatio": 0.0368637179,
    "eps": 1.84,
    "epsdiluted": 1.82,
    "weightedAverageShsOut": 56340000,
    "weightedAverageShsOutDil": 56804000,
    "link": "https://www.sec.gov/Archives/edgar/data/277135/000027713518000029/0000277135-18-000029-index.htm",
    "finalLink": "https://www.sec.gov/Archives/edgar/data/277135/000027713518000029/gww2018093018-10q.htm"
  },
  {
    "date": "2018-06-30",
    "symbol": "GWW",
    "reportedCurrency": "USD",
    "cik": "0000277135",
    "fillingDate": "2018-07-26",
    "acceptedDate": "2018-07-26 17:04:51",
    "calendarYear": "2018",
    "period": "Q2",
    "revenue": 2860212000,
    "costOfRevenue": 1749271000,
    "grossProfit": 1110941000,
    "grossProfitRatio": 0.3884121177,
    "researchAndDevelopmentExpenses": 0,
    "generalAndAdministrativeExpenses": 766955000,
    "sellingAndMarketingExpenses": 0,
    "sellingGeneralAndAdministrativeExpenses": 766955000,
    "otherExpenses": 0,
    "operatingExpenses": 766955000,
    "costAndExpenses": 2516226000,
    "interestIncome": 2000000,
    "interestExpense": 23000000,
    "depreciationAndAmortization": 63800000,
    "ebitda": 410084000,
    "ebitdaratio": 0.1433753862,
    "operatingIncome": 343986000,
    "operatingIncomeRatio": 0.1202659104,
    "totalOtherIncomeExpensesNet": -20626000,
    "incomeBeforeTax": 323360000,
    "incomeBeforeTaxRatio": 0.1130545568,
    "incomeTaxExpense": 75617000,
    "netIncome": 236981000,
    "netIncomeRatio": 0.0828543479,
    "eps": 4.19,
    "epsdiluted": 4.16,
    "weightedAverageShsOut": 56110000,
    "weightedAverageShsOutDil": 56553000,
    "link": "https://www.sec.gov/Archives/edgar/data/277135/000027713518000023/0000277135-18-000023-index.htm",
    "finalLink": "https://www.sec.gov/Archives/edgar/data/277135/000027713518000023/gww2018063018-10q.htm"
  },
  {
    "date": "2018-03-31",
    "symbol": "GWW",
    "reportedCurrency": "USD",
    "cik": "0000277135",
    "fillingDate": "2018-04-27",
    "acceptedDate": "2018-04-27 16:42:31",
    "calendarYear": "2018",
    "period": "Q1",
    "revenue": 2766401000,
    "costOfRevenue": 1674642000,
    "grossProfit": 1091759000,
    "grossProfitRatio": 0.3946495826,
    "researchAndDevelopmentExpenses": 0,
    "generalAndAdministrativeExpenses": 756929000,
    "sellingAndMarketingExpenses": 0,
    "sellingGeneralAndAdministrativeExpenses": 756929000,
    "otherExpenses": 0,
    "operatingExpenses": 756929000,
    "costAndExpenses": 2431571000,
    "interestIncome": 0,
    "interestExpense": 25000000,
    "depreciationAndAmortization": 63931000,
    "ebitda": 395590000,
    "ebitdaratio": 0.1429980686,
    "operatingIncome": 334830000,
    "operatingIncomeRatio": 0.1210345138,
    "totalOtherIncomeExpensesNet": -27836000,
    "incomeBeforeTax": 306994000,
    "incomeBeforeTaxRatio": 0.1109723428,
    "incomeTaxExpense": 66209000,
    "netIncome": 231535000,
    "netIncomeRatio": 0.0836953862,
    "eps": 4.09,
    "epsdiluted": 4.07,
    "weightedAverageShsOut": 56063000,
    "weightedAverageShsOutDil": 56403000,
    "link": "https://www.sec.gov/Archives/edgar/data/277135/000027713518000016/0000277135-18-000016-index.htm",
    "finalLink": "https://www.sec.gov/Archives/edgar/data/277135/000027713518000016/gww2018033118-10q.htm"
  },
  {
    "date": "2017-12-31",
    "symbol": "GWW",
    "reportedCurrency": "USD",
    "cik": "0000277135",
    "fillingDate": "2018-02-26",
    "acceptedDate": "2018-02-26 17:02:16",
    "calendarYear": "2017",
    "period": "Q4",
    "revenue": 2632461000,
    "costOfRevenue": 1611232000,
    "grossProfit": 1021229000,
    "grossProfitRatio": 0.3879369913,
    "researchAndDevelopmentExpenses": 0,
    "generalAndAdministrativeExpenses": 469875000,
    "sellingAndMarketingExpenses": 187000000,
    "sellingGeneralAndAdministrativeExpenses": 656875000,
    "otherExpenses": 0,
    "operatingExpenses": 781290000,
    "costAndExpenses": 2392522000,
    "interestIncome": 1205000,
    "interestExpense": 21809000,
    "depreciationAndAmortization": 69726000,
    "ebitda": 298992000,
    "ebitdaratio": 0.1135788906,
    "operatingIncome": 239939000,
    "operatingIncomeRatio": 0.0911462696,
    "totalOtherIncomeExpensesNet": -32482000,
    "incomeBeforeTax": 207457000,
    "incomeBeforeTaxRatio": 0.0788072454,
    "incomeTaxExpense": 45642000,
    "netIncome": 151059000,
    "netIncomeRatio": 0.0573831863,
    "eps": 2.64,
    "epsdiluted": 2.63,
    "weightedAverageShsOut": 56681000,
    "weightedAverageShsOutDil": 56954000,
    "link": "https://www.sec.gov/Archives/edgar/data/277135/000027713518000007/0000277135-18-000007-index.htm",
    "finalLink": "https://www.sec.gov/Archives/edgar/data/277135/000027713518000007/gww20171231-10k.htm"
  },
  {
    "date": "2017-09-30",
    "symbol": "GWW",
    "reportedCurrency": "USD",
    "cik": "0000277135",
    "fillingDate": "2017-10-26",
    "acceptedDate": "2017-10-26 17:14:21",
    "calendarYear": "2017",
    "period": "Q3",
    "revenue": 2635999000,
    "costOfRevenue": 1618819000,
    "grossProfit": 1017180000,
    "grossProfitRatio": 0.3858802678,
    "researchAndDevelopmentExpenses": 0,
    "generalAndAdministrativeExpenses": 736010000,
    "sellingAndMarketingExpenses": 0,
    "sellingGeneralAndAdministrativeExpenses": 736010000,
    "otherExpenses": 0,
    "operatingExpenses": 736010000,
    "costAndExpenses": 2354829000,
    "interestIncome": 707000,
    "interestExpense": 23790000,
    "depreciationAndAmortization": 66143000,
    "ebitda": 337906000,
    "ebitdaratio": 0.1281889712,
    "operatingIncome": 281170000,
    "operatingIncomeRatio": 0.1066654426,
    "totalOtherIncomeExpensesNet": -27740000,
    "incomeBeforeTax": 249998000,
    "incomeBeforeTaxRatio": 0.0948399449,
    "incomeTaxExpense": 79182000,
    "netIncome": 162006000,
    "netIncomeRatio": 0.0614590521,
    "eps": 2.8,
    "epsdiluted": 2.79,
    "weightedAverageShsOut": 57317000,
    "weightedAverageShsOutDil": 57521000,
    "link": "https://www.sec.gov/Archives/edgar/data/277135/000027713517000040/0000277135-17-000040-index.htm",
    "finalLink": "https://www.sec.gov/Archives/edgar/data/277135/000027713517000040/gww2017093017-10q.htm"
  },
  {
    "date": "2017-06-30",
    "symbol": "GWW",
    "reportedCurrency": "USD",
    "cik": "0000277135",
    "fillingDate": "2017-07-27",
    "acceptedDate": "2017-07-27 17:21:47",
    "calendarYear": "2017",
    "period": "Q2",
    "revenue": 2615269000,
    "costOfRevenue": 1575313000,
    "grossProfit": 1039956000,
    "grossProfitRatio": 0.3976478137,
    "researchAndDevelopmentExpenses": 0,
    "generalAndAdministrativeExpenses": 807891000,
    "sellingAndMarketingExpenses": 0,
    "sellingGeneralAndAdministrativeExpenses": 807891000,
    "otherExpenses": 0,
    "operatingExpenses": 807891000,
    "costAndExpenses": 2383204000,
    "interestIncome": 465000,
    "interestExpense": 22468000,
    "depreciationAndAmortization": 65946000,
    "ebitda": 293047000,
    "ebitdaratio": 0.1120523357,
    "operatingIncome": 232065000,
    "operatingIncomeRatio": 0.0887346579,
    "totalOtherIncomeExpensesNet": -21884000,
    "incomeBeforeTax": 207196000,
    "incomeBeforeTaxRatio": 0.0792255022,
    "incomeTaxExpense": 100237000,
    "netIncome": 97921000,
    "netIncomeRatio": 0.0374420375,
    "eps": 1.68,
    "epsdiluted": 1.67,
    "weightedAverageShsOut": 58013000,
    "weightedAverageShsOutDil": 58287000,
    "link": "https://www.sec.gov/Archives/edgar/data/277135/000027713517000026/0000277135-17-000026-index.htm",
    "finalLink": "https://www.sec.gov/Archives/edgar/data/277135/000027713517000026/gww2017063017-10q.htm"
  },
  {
    "date": "2017-03-31",
    "symbol": "GWW",
    "reportedCurrency": "USD",
    "cik": "0000277135",
    "fillingDate": "2017-04-27",
    "acceptedDate": "2017-04-27 16:46:29",
    "calendarYear": "2017",
    "period": "Q1",
    "revenue": 2541129000,
    "costOfRevenue": 1521937000,
    "grossProfit": 1019192000,
    "grossProfitRatio": 0.4010784183,
    "researchAndDevelopmentExpenses": 0,
    "generalAndAdministrativeExpenses": 723704000,
    "sellingAndMarketingExpenses": 0,
    "sellingGeneralAndAdministrativeExpenses": 723704000,
    "otherExpenses": 0,
    "operatingExpenses": 723704000,
    "costAndExpenses": 2245641000,
    "interestIncome": 193000,
    "interestExpense": 18713000,
    "depreciationAndAmortization": 62249000,
    "ebitda": 349901000,
    "ebitdaratio": 0.1376950954,
    "operatingIncome": 295488000,
    "operatingIncomeRatio": 0.1162821722,
    "totalOtherIncomeExpensesNet": -16593000,
    "incomeBeforeTax": 270673000,
    "incomeBeforeTaxRatio": 0.1065168278,
    "incomeTaxExpense": 87820000,
    "netIncome": 174744000,
    "netIncomeRatio": 0.0687662846,
    "eps": 2.95,
    "epsdiluted": 2.93,
    "weightedAverageShsOut": 58720000,
    "weightedAverageShsOutDil": 59203000,
    "link": "https://www.sec.gov/Archives/edgar/data/277135/000027713517000018/0000277135-17-000018-index.htm",
    "finalLink": "https://www.sec.gov/Archives/edgar/data/277135/000027713517000018/gww2017033117-10q.htm"
  },
  {
    "date": "2016-12-31",
    "symbol": "GWW",
    "reportedCurrency": "USD",
    "cik": "0000277135",
    "fillingDate": "2017-02-28",
    "acceptedDate": "2017-02-28 17:20:59",
    "calendarYear": "2016",
    "period": "Q4",
    "revenue": 2470710000,
    "costOfRevenue": 1481017000,
    "grossProfit": 989693000,
    "grossProfitRatio": 0.4005702814,
    "researchAndDevelopmentExpenses": 0,
    "generalAndAdministrativeExpenses": 550790000,
    "sellingAndMarketingExpenses": 180000000,
    "sellingGeneralAndAdministrativeExpenses": 730790000,
    "otherExpenses": 0,
    "operatingExpenses": 815464000,
    "costAndExpenses": 2296481000,
    "interestIncome": 243000,
    "interestExpense": 17777000,
    "depreciationAndAmortization": 71462000,
    "ebitda": 234548000,
    "ebitdaratio": 0.0949314165,
    "operatingIncome": 174229000,
    "operatingIncomeRatio": 0.0705177864,
    "totalOtherIncomeExpensesNet": -28920000,
    "incomeBeforeTax": 145309000,
    "incomeBeforeTaxRatio": 0.058812649,
    "incomeTaxExpense": 76969000,
    "netIncome": 60666000,
    "netIncomeRatio": 0.0245540755,
    "eps": 1.02,
    "epsdiluted": 1.01,
    "weightedAverageShsOut": 59171000,
    "weightedAverageShsOutDil": 59566000,
    "link": "https://www.sec.gov/Archives/edgar/data/277135/000027713517000007/0000277135-17-000007-index.htm",
    "finalLink": "https://www.sec.gov/Archives/edgar/data/277135/000027713517000007/gww20161231-10k.htm"
  },
  {
    "date": "2016-09-30",
    "symbol": "GWW",
    "reportedCurrency": "USD",
    "cik": "0000277135",
    "fillingDate": "2016-10-28",
    "acceptedDate": "2016-10-27 18:26:46",
    "calendarYear": "2016",
    "period": "Q3",
    "revenue": 2596288000,
    "costOfRevenue": 1556536000,
    "grossProfit": 1039752000,
    "grossProfitRatio": 0.4004763724,
    "researchAndDevelopmentExpenses": 0,
    "generalAndAdministrativeExpenses": 717165000,
    "sellingAndMarketingExpenses": 0,
    "sellingGeneralAndAdministrativeExpenses": 717165000,
    "otherExpenses": 0,
    "operatingExpenses": 717165000,
    "costAndExpenses": 2273701000,
    "interestIncome": 147000,
    "interestExpense": 18024000,
    "depreciationAndAmortization": 63899000,
    "ebitda": 375108000,
    "ebitdaratio": 0.1444785786,
    "operatingIncome": 322587000,
    "operatingIncomeRatio": 0.1242493129,
    "totalOtherIncomeExpensesNet": -29402000,
    "incomeBeforeTax": 293185000,
    "incomeBeforeTaxRatio": 0.1129246832,
    "incomeTaxExpense": 99776000,
    "netIncome": 185873000,
    "netIncomeRatio": 0.0715918265,
    "eps": 3.07,
    "epsdiluted": 3.05,
    "weightedAverageShsOut": 60017000,
    "weightedAverageShsOutDil": 60416000,
    "link": "https://www.sec.gov/Archives/edgar/data/277135/000027713516000067/0000277135-16-000067-index.htm",
    "finalLink": "https://www.sec.gov/Archives/edgar/data/277135/000027713516000067/gww2016093016-10q.htm"
  },
  {
    "date": "2016-06-30",
    "symbol": "GWW",
    "reportedCurrency": "USD",
    "cik": "0000277135",
    "fillingDate": "2016-07-28",
    "acceptedDate": "2016-07-28 15:04:58",
    "calendarYear": "2016",
    "period": "Q2",
    "revenue": 2563668000,
    "costOfRevenue": 1523609000,
    "grossProfit": 1040059000,
    "grossProfitRatio": 0.4056917666,
    "researchAndDevelopmentExpenses": 0,
    "generalAndAdministrativeExpenses": 734470000,
    "sellingAndMarketingExpenses": 0,
    "sellingGeneralAndAdministrativeExpenses": 734470000,
    "otherExpenses": -538000,
    "operatingExpenses": 734470000,
    "costAndExpenses": 2258079000,
    "interestIncome": 162000,
    "interestExpense": 16806000,
    "depreciationAndAmortization": 57202000,
    "ebitda": 356988000,
    "ebitdaratio": 0.1392489199,
    "operatingIncome": 305589000,
    "operatingIncomeRatio": 0.119199912,
    "totalOtherIncomeExpensesNet": -22609000,
    "incomeBeforeTax": 282980000,
    "incomeBeforeTaxRatio": 0.1103809074,
    "incomeTaxExpense": 103535000,
    "netIncome": 172676000,
    "netIncomeRatio": 0.0673550553,
    "eps": 2.81,
    "epsdiluted": 2.79,
    "weightedAverageShsOut": 60891000,
    "weightedAverageShsOutDil": 61302000,
    "link": "https://www.sec.gov/Archives/edgar/data/277135/000027713516000052/0000277135-16-000052-index.htm",
    "finalLink": "https://www.sec.gov/Archives/edgar/data/277135/000027713516000052/gww2016063016-10q.htm"
  },
  {
    "date": "2016-03-31",
    "symbol": "GWW",
    "reportedCurrency": "USD",
    "cik": "0000277135",
    "fillingDate": "2016-04-28",
    "acceptedDate": "2016-04-28 15:00:13",
    "calendarYear": "2016",
    "period": "Q1",
    "revenue": 2506538000,
    "costOfRevenue": 1461485000,
    "grossProfit": 1045053000,
    "grossProfitRatio": 0.4169308425,
    "researchAndDevelopmentExpenses": 0,
    "generalAndAdministrativeExpenses": 727961000,
    "sellingAndMarketingExpenses": 0,
    "sellingGeneralAndAdministrativeExpenses": 727961000,
    "otherExpenses": 440000,
    "operatingExpenses": 727961000,
    "costAndExpenses": 2189446000,
    "interestIncome": 165000,
    "interestExpense": 13725000,
    "depreciationAndAmortization": 56294000,
    "ebitda": 367603000,
    "ebitdaratio": 0.1466576609,
    "operatingIncome": 317092000,
    "operatingIncomeRatio": 0.1265059616,
    "totalOtherIncomeExpensesNet": -19508000,
    "incomeBeforeTax": 297584000,
    "incomeBeforeTaxRatio": 0.1187231153,
    "incomeTaxExpense": 105940000,
    "netIncome": 186713000,
    "netIncomeRatio": 0.0744903927,
    "eps": 3,
    "epsdiluted": 2.98,
    "weightedAverageShsOut": 61669000,
    "weightedAverageShsOutDil": 62100000,
    "link": "https://www.sec.gov/Archives/edgar/data/277135/000027713516000046/0000277135-16-000046-index.htm",
    "finalLink": "https://www.sec.gov/Archives/edgar/data/277135/000027713516000046/gww2016033116-10q.htm"
  },
  {
    "date": "2015-12-31",
    "symbol": "GWW",
    "reportedCurrency": "USD",
    "cik": "0000277135",
    "fillingDate": "2016-02-29",
    "acceptedDate": "2016-02-29 12:10:31",
    "calendarYear": "2015",
    "period": "Q4",
    "revenue": 2478258000,
    "costOfRevenue": 1475883000,
    "grossProfit": 1002375000,
    "grossProfitRatio": 0.4044675736,
    "researchAndDevelopmentExpenses": 0,
    "generalAndAdministrativeExpenses": 750749000,
    "sellingAndMarketingExpenses": 0,
    "sellingGeneralAndAdministrativeExpenses": 750749000,
    "otherExpenses": -1606000,
    "operatingExpenses": 750749000,
    "costAndExpenses": 2226632000,
    "interestIncome": 232000,
    "interestExpense": 13852000,
    "depreciationAndAmortization": 63767000,
    "ebitda": 312552000,
    "ebitdaratio": 0.1261176197,
    "operatingIncome": 251626000,
    "operatingIncomeRatio": 0.1015334158,
    "totalOtherIncomeExpensesNet": -16693000,
    "incomeBeforeTax": 234933000,
    "incomeBeforeTaxRatio": 0.0947976361,
    "incomeTaxExpense": 85762000,
    "netIncome": 145232000,
    "netIncomeRatio": 0.0586024538,
    "eps": 2.32,
    "epsdiluted": 2.3,
    "weightedAverageShsOut": 62100000,
    "weightedAverageShsOutDil": 62550000,
    "link": "https://www.sec.gov/Archives/edgar/data/277135/000027713516000037/0000277135-16-000037-index.htm",
    "finalLink": "https://www.sec.gov/Archives/edgar/data/277135/000027713516000037/gww20151231-10k.htm"
  },
  {
    "date": "2015-09-30",
    "symbol": "GWW",
    "reportedCurrency": "USD",
    "cik": "0000277135",
    "fillingDate": "2015-10-29",
    "acceptedDate": "2015-10-29 13:59:04",
    "calendarYear": "2015",
    "period": "Q3",
    "revenue": 2532900000,
    "costOfRevenue": 1471021000,
    "grossProfit": 1061879000,
    "grossProfitRatio": 0.4192344743,
    "researchAndDevelopmentExpenses": 0,
    "generalAndAdministrativeExpenses": 721150000,
    "sellingAndMarketingExpenses": 0,
    "sellingGeneralAndAdministrativeExpenses": 721150000,
    "otherExpenses": -1875000,
    "operatingExpenses": 721150000,
    "costAndExpenses": 2192171000,
    "interestIncome": 464000,
    "interestExpense": 13899000,
    "depreciationAndAmortization": 57263000,
    "ebitda": 390609000,
    "ebitdaratio": 0.1542141419,
    "operatingIncome": 340729000,
    "operatingIncomeRatio": 0.1345212997,
    "totalOtherIncomeExpensesNet": -21282000,
    "incomeBeforeTax": 319447000,
    "incomeBeforeTaxRatio": 0.126119073,
    "incomeTaxExpense": 122825000,
    "netIncome": 192201000,
    "netIncomeRatio": 0.0758817956,
    "eps": 2.94,
    "epsdiluted": 2.92,
    "weightedAverageShsOut": 64720000,
    "weightedAverageShsOutDil": 65289000,
    "link": "https://www.sec.gov/Archives/edgar/data/277135/000027713515000029/0000277135-15-000029-index.htm",
    "finalLink": "https://www.sec.gov/Archives/edgar/data/277135/000027713515000029/gww2015093015-10q.htm"
  },
  {
    "date": "2015-06-30",
    "symbol": "GWW",
    "reportedCurrency": "USD",
    "cik": "0000277135",
    "fillingDate": "2015-07-30",
    "acceptedDate": "2015-07-30 13:43:18",
    "calendarYear": "2015",
    "period": "Q2",
    "revenue": 2522565000,
    "costOfRevenue": 1449133000,
    "grossProfit": 1073432000,
    "grossProfitRatio": 0.4255319486,
    "researchAndDevelopmentExpenses": 0,
    "generalAndAdministrativeExpenses": 716715000,
    "sellingAndMarketingExpenses": 0,
    "sellingGeneralAndAdministrativeExpenses": 716715000,
    "otherExpenses": 178000,
    "operatingExpenses": 716715000,
    "costAndExpenses": 2165848000,
    "interestIncome": 277000,
    "interestExpense": 4184000,
    "depreciationAndAmortization": 54526000,
    "ebitda": 407396000,
    "ebitdaratio": 0.1615006947,
    "operatingIncome": 356717000,
    "operatingIncomeRatio": 0.1414104295,
    "totalOtherIncomeExpensesNet": -8031000,
    "incomeBeforeTax": 348686000,
    "incomeBeforeTaxRatio": 0.1382267652,
    "incomeTaxExpense": 123451000,
    "netIncome": 220548000,
    "netIncomeRatio": 0.0874300563,
    "eps": 3.28,
    "epsdiluted": 3.25,
    "weightedAverageShsOut": 66652000,
    "weightedAverageShsOutDil": 67317000,
    "link": "https://www.sec.gov/Archives/edgar/data/277135/000027713515000020/0000277135-15-000020-index.htm",
    "finalLink": "https://www.sec.gov/Archives/edgar/data/277135/000027713515000020/gww2015063015-10q.htm"
  },
  {
    "date": "2015-03-31",
    "symbol": "GWW",
    "reportedCurrency": "USD",
    "cik": "0000277135",
    "fillingDate": "2015-04-30",
    "acceptedDate": "2015-04-30 13:26:38",
    "calendarYear": "2015",
    "period": "Q1",
    "revenue": 2439661000,
    "costOfRevenue": 1345918000,
    "grossProfit": 1093743000,
    "grossProfitRatio": 0.4483176146,
    "researchAndDevelopmentExpenses": 0,
    "generalAndAdministrativeExpenses": 742496000,
    "sellingAndMarketingExpenses": 0,
    "sellingGeneralAndAdministrativeExpenses": 742496000,
    "otherExpenses": -2164000,
    "operatingExpenses": 742496000,
    "costAndExpenses": 2088414000,
    "interestIncome": 192000,
    "interestExpense": 1636000,
    "depreciationAndAmortization": 52411000,
    "ebitda": 401686000,
    "ebitdaratio": 0.1646482852,
    "operatingIncome": 351247000,
    "operatingIncomeRatio": 0.1439736914,
    "totalOtherIncomeExpensesNet": -3608000,
    "incomeBeforeTax": 347639000,
    "incomeBeforeTaxRatio": 0.1424947974,
    "incomeTaxExpense": 133493000,
    "netIncome": 211015000,
    "netIncomeRatio": 0.0864935743,
    "eps": 3.11,
    "epsdiluted": 3.07,
    "weightedAverageShsOut": 67230000,
    "weightedAverageShsOutDil": 67982000,
    "link": "https://www.sec.gov/Archives/edgar/data/277135/000027713515000013/0000277135-15-000013-index.htm",
    "finalLink": "https://www.sec.gov/Archives/edgar/data/277135/000027713515000013/gww2015033115-10q.htm"
  },
  {
    "date": "2014-12-31",
    "symbol": "GWW",
    "reportedCurrency": "USD",
    "cik": "0000277135",
    "fillingDate": "2015-02-27",
    "acceptedDate": "2015-02-27 14:22:14",
    "calendarYear": "2014",
    "period": "Q4",
    "revenue": 2510959000,
    "costOfRevenue": 1456158000,
    "grossProfit": 1054801000,
    "grossProfitRatio": 0.420078942,
    "researchAndDevelopmentExpenses": 0,
    "generalAndAdministrativeExpenses": 788287000,
    "sellingAndMarketingExpenses": 0,
    "sellingGeneralAndAdministrativeExpenses": 788287000,
    "otherExpenses": -3089000,
    "operatingExpenses": 788287000,
    "costAndExpenses": 2244445000,
    "interestIncome": 384000,
    "interestExpense": 2096000,
    "depreciationAndAmortization": 60575000,
    "ebitda": 324384000,
    "ebitdaratio": 0.1291872946,
    "operatingIncome": 266514000,
    "operatingIncomeRatio": 0.1061403233,
    "totalOtherIncomeExpensesNet": -4801000,
    "incomeBeforeTax": 261713000,
    "incomeBeforeTaxRatio": 0.1042283048,
    "incomeTaxExpense": 110599000,
    "netIncome": 148839000,
    "netIncomeRatio": 0.0592757588,
    "eps": 2.17,
    "epsdiluted": 2.14,
    "weightedAverageShsOut": 67899000,
    "weightedAverageShsOutDil": 68705000,
    "link": "https://www.sec.gov/Archives/edgar/data/277135/000027713515000005/0000277135-15-000005-index.htm",
    "finalLink": "https://www.sec.gov/Archives/edgar/data/277135/000027713515000005/gww20141231-10k.htm"
  },
  {
    "date": "2014-09-30",
    "symbol": "GWW",
    "reportedCurrency": "USD",
    "cik": "0000277135",
    "fillingDate": "2014-10-30",
    "acceptedDate": "2014-10-30 15:40:33",
    "calendarYear": "2014",
    "period": "Q3",
    "revenue": 2562263000,
    "costOfRevenue": 1459479000,
    "grossProfit": 1102784000,
    "grossProfitRatio": 0.430394538,
    "researchAndDevelopmentExpenses": 0,
    "generalAndAdministrativeExpenses": 717271000,
    "sellingAndMarketingExpenses": 0,
    "sellingGeneralAndAdministrativeExpenses": 717271000,
    "otherExpenses": -1131000,
    "operatingExpenses": 717271000,
    "costAndExpenses": 2176750000,
    "interestIncome": 630000,
    "interestExpense": 2377000,
    "depreciationAndAmortization": 53955000,
    "ebitda": 438967000,
    "ebitdaratio": 0.1713200401,
    "operatingIncome": 385513000,
    "operatingIncomeRatio": 0.1504580131,
    "totalOtherIncomeExpensesNet": -2878000,
    "incomeBeforeTax": 382635000,
    "incomeBeforeTaxRatio": 0.1493347873,
    "incomeTaxExpense": 149585000,
    "netIncome": 230322000,
    "netIncomeRatio": 0.0898900698,
    "eps": 3.33,
    "epsdiluted": 3.3,
    "weightedAverageShsOut": 68296000,
    "weightedAverageShsOutDil": 69112000,
    "link": "https://www.sec.gov/Archives/edgar/data/277135/000027713514000033/0000277135-14-000033-index.htm",
    "finalLink": "https://www.sec.gov/Archives/edgar/data/277135/000027713514000033/gww201493014-10q.htm"
  },
  {
    "date": "2014-06-30",
    "symbol": "GWW",
    "reportedCurrency": "USD",
    "cik": "0000277135",
    "fillingDate": "2014-07-31",
    "acceptedDate": "2014-07-31 15:32:12",
    "calendarYear": "2014",
    "period": "Q2",
    "revenue": 2506104000,
    "costOfRevenue": 1425418000,
    "grossProfit": 1080686000,
    "grossProfitRatio": 0.4312215295,
    "researchAndDevelopmentExpenses": 0,
    "generalAndAdministrativeExpenses": 739935000,
    "sellingAndMarketingExpenses": 0,
    "sellingGeneralAndAdministrativeExpenses": 739935000,
    "otherExpenses": 18000,
    "operatingExpenses": 739935000,
    "costAndExpenses": 2165353000,
    "interestIncome": 413000,
    "interestExpense": 2757000,
    "depreciationAndAmortization": 48020000,
    "ebitda": 389202000,
    "ebitdaratio": 0.1553016156,
    "operatingIncome": 340751000,
    "operatingIncomeRatio": 0.1359684195,
    "totalOtherIncomeExpensesNet": -2326000,
    "incomeBeforeTax": 338425000,
    "incomeBeforeTaxRatio": 0.1350402856,
    "incomeTaxExpense": 129348000,
    "netIncome": 205915000,
    "netIncomeRatio": 0.082165385,
    "eps": 2.97,
    "epsdiluted": 2.94,
    "weightedAverageShsOut": 68454000,
    "weightedAverageShsOutDil": 69342000,
    "link": "https://www.sec.gov/Archives/edgar/data/277135/000027713514000024/0000277135-14-000024-index.htm",
    "finalLink": "https://www.sec.gov/Archives/edgar/data/277135/000027713514000024/gww201463014-10q.htm"
  },
  {
    "date": "2014-03-31",
    "symbol": "GWW",
    "reportedCurrency": "USD",
    "cik": "0000277135",
    "fillingDate": "2014-05-01",
    "acceptedDate": "2014-05-01 13:51:15",
    "calendarYear": "2014",
    "period": "Q1",
    "revenue": 2385627000,
    "costOfRevenue": 1309656000,
    "grossProfit": 1075971000,
    "grossProfitRatio": 0.4510223099,
    "researchAndDevelopmentExpenses": 0,
    "generalAndAdministrativeExpenses": 721632000,
    "sellingAndMarketingExpenses": 0,
    "sellingGeneralAndAdministrativeExpenses": 721632000,
    "otherExpenses": -503000,
    "operatingExpenses": 721632000,
    "costAndExpenses": 2031288000,
    "interestIncome": 640000,
    "interestExpense": 2863000,
    "depreciationAndAmortization": 45776000,
    "ebitda": 400252000,
    "ebitdaratio": 0.1677764378,
    "operatingIncome": 354339000,
    "operatingIncomeRatio": 0.1485307636,
    "totalOtherIncomeExpensesNet": -2726000,
    "incomeBeforeTax": 351613000,
    "incomeBeforeTaxRatio": 0.1473880871,
    "incomeTaxExpense": 132558000,
    "netIncome": 216653000,
    "netIncomeRatio": 0.0908159574,
    "eps": 3.11,
    "epsdiluted": 3.07,
    "weightedAverageShsOut": 68700000,
    "weightedAverageShsOutDil": 69677000,
    "link": "https://www.sec.gov/Archives/edgar/data/277135/000027713514000016/0000277135-14-000016-index.htm",
    "finalLink": "https://www.sec.gov/Archives/edgar/data/277135/000027713514000016/gww2014033114-10q.htm"
  },
  {
    "date": "2013-12-31",
    "symbol": "GWW",
    "reportedCurrency": "USD",
    "cik": "0000277135",
    "fillingDate": "2014-02-27",
    "acceptedDate": "2014-02-27 11:26:35",
    "calendarYear": "2013",
    "period": "Q4",
    "revenue": 2377232000,
    "costOfRevenue": 1370835000,
    "grossProfit": 1006397000,
    "grossProfitRatio": 0.423348247,
    "researchAndDevelopmentExpenses": 0,
    "generalAndAdministrativeExpenses": 749634000,
    "sellingAndMarketingExpenses": 1000,
    "sellingGeneralAndAdministrativeExpenses": 749635000,
    "otherExpenses": -63000,
    "operatingExpenses": 749635000,
    "costAndExpenses": 2120470000,
    "interestIncome": 719000,
    "interestExpense": 3123000,
    "depreciationAndAmortization": 54449000,
    "ebitda": 311867000,
    "ebitdaratio": 0.1311891309,
    "operatingIncome": 256762000,
    "operatingIncomeRatio": 0.1080088102,
    "totalOtherIncomeExpensesNet": -2468000,
    "incomeBeforeTax": 254295000,
    "incomeBeforeTaxRatio": 0.1069710487,
    "incomeTaxExpense": 94902000,
    "netIncome": 156749000,
    "netIncomeRatio": 0.0659376115,
    "eps": 2.24,
    "epsdiluted": 2.2,
    "weightedAverageShsOut": 69140000,
    "weightedAverageShsOutDil": 70191000,
    "link": "https://www.sec.gov/Archives/edgar/data/277135/000027713514000008/0000277135-14-000008-index.htm",
    "finalLink": "https://www.sec.gov/Archives/edgar/data/277135/000027713514000008/gww20131231-10k.htm"
  },
  {
    "date": "2013-09-30",
    "symbol": "GWW",
    "reportedCurrency": "USD",
    "cik": "0000277135",
    "fillingDate": "2013-10-31",
    "acceptedDate": "2013-10-31 11:45:17",
    "calendarYear": "2013",
    "period": "Q3",
    "revenue": 2398530000,
    "costOfRevenue": 1347164000,
    "grossProfit": 1051366000,
    "grossProfitRatio": 0.4383376485,
    "researchAndDevelopmentExpenses": 0,
    "generalAndAdministrativeExpenses": 704651000,
    "sellingAndMarketingExpenses": 0,
    "sellingGeneralAndAdministrativeExpenses": 704651000,
    "otherExpenses": 58000,
    "operatingExpenses": 704651000,
    "costAndExpenses": 2051815000,
    "interestIncome": 822000,
    "interestExpense": 3734000,
    "depreciationAndAmortization": 45351000,
    "ebitda": 392946000,
    "ebitdaratio": 0.1638278446,
    "operatingIncome": 346715000,
    "operatingIncomeRatio": 0.1445531221,
    "totalOtherIncomeExpensesNet": -2854000,
    "incomeBeforeTax": 343861000,
    "incomeBeforeTaxRatio": 0.1433632266,
    "incomeTaxExpense": 130786000,
    "netIncome": 210789000,
    "netIncomeRatio": 0.0878825781,
    "eps": 2.99,
    "epsdiluted": 2.95,
    "weightedAverageShsOut": 69461000,
    "weightedAverageShsOutDil": 70547000,
    "link": "https://www.sec.gov/Archives/edgar/data/277135/000027713513000038/0000277135-13-000038-index.htm",
    "finalLink": "https://www.sec.gov/Archives/edgar/data/277135/000027713513000038/gww201309301310q.htm"
  },
  {
    "date": "2013-06-30",
    "symbol": "GWW",
    "reportedCurrency": "USD",
    "cik": "0000277135",
    "fillingDate": "2013-08-01",
    "acceptedDate": "2013-08-01 12:18:27",
    "calendarYear": "2013",
    "period": "Q2",
    "revenue": 2381561000,
    "costOfRevenue": 1334577000,
    "grossProfit": 1046984000,
    "grossProfitRatio": 0.4396209041,
    "researchAndDevelopmentExpenses": 0,
    "generalAndAdministrativeExpenses": 696912000,
    "sellingAndMarketingExpenses": 0,
    "sellingGeneralAndAdministrativeExpenses": 696912000,
    "otherExpenses": -147000,
    "operatingExpenses": 696912000,
    "costAndExpenses": 2031489000,
    "interestIncome": 796000,
    "interestExpense": 3201000,
    "depreciationAndAmortization": 41868000,
    "ebitda": 392589000,
    "ebitdaratio": 0.1648452423,
    "operatingIncome": 350072000,
    "operatingIncomeRatio": 0.1469926657,
    "totalOtherIncomeExpensesNet": -2552000,
    "incomeBeforeTax": 347520000,
    "incomeBeforeTaxRatio": 0.1459210996,
    "incomeTaxExpense": 126767000,
    "netIncome": 217660000,
    "netIncomeRatio": 0.0913938379,
    "eps": 3.08,
    "epsdiluted": 3.03,
    "weightedAverageShsOut": 69665000,
    "weightedAverageShsOutDil": 70801000,
    "link": "https://www.sec.gov/Archives/edgar/data/277135/000027713513000029/0000277135-13-000029-index.htm",
    "finalLink": "https://www.sec.gov/Archives/edgar/data/277135/000027713513000029/gww201306301310q.htm"
  },
  {
    "date": "2013-03-31",
    "symbol": "GWW",
    "reportedCurrency": "USD",
    "cik": "0000277135",
    "fillingDate": "2013-04-25",
    "acceptedDate": "2013-04-25 11:21:38",
    "calendarYear": "2013",
    "period": "Q1",
    "revenue": 2280435000,
    "costOfRevenue": 1248699000,
    "grossProfit": 1031736000,
    "grossProfitRatio": 0.4524294707,
    "researchAndDevelopmentExpenses": 0,
    "generalAndAdministrativeExpenses": 688431000,
    "sellingAndMarketingExpenses": 0,
    "sellingGeneralAndAdministrativeExpenses": 688431000,
    "otherExpenses": 887000,
    "operatingExpenses": 688431000,
    "costAndExpenses": 1937130000,
    "interestIncome": 898000,
    "interestExpense": 3166000,
    "depreciationAndAmortization": 38945000,
    "ebitda": 384035000,
    "ebitdaratio": 0.1684042737,
    "operatingIncome": 343305000,
    "operatingIncomeRatio": 0.1505436463,
    "totalOtherIncomeExpensesNet": -1381000,
    "incomeBeforeTax": 341924000,
    "incomeBeforeTaxRatio": 0.1499380601,
    "incomeTaxExpense": 127397000,
    "netIncome": 211838000,
    "netIncomeRatio": 0.0928936804,
    "eps": 2.99,
    "epsdiluted": 2.94,
    "weightedAverageShsOut": 69562000,
    "weightedAverageShsOutDil": 70775000,
    "link": "https://www.sec.gov/Archives/edgar/data/277135/000027713513000018/0000277135-13-000018-index.htm",
    "finalLink": "https://www.sec.gov/Archives/edgar/data/277135/000027713513000018/gww201303311310q.htm"
  },
  {
    "date": "2012-12-31",
    "symbol": "GWW",
    "reportedCurrency": "USD",
    "cik": "0000277135",
    "fillingDate": "2013-02-28",
    "acceptedDate": "2013-02-27 18:32:43",
    "calendarYear": "2012",
    "period": "Q4",
    "revenue": 2226120000,
    "costOfRevenue": 1256595000,
    "grossProfit": 969525000,
    "grossProfitRatio": 0.4355223438,
    "researchAndDevelopmentExpenses": 0,
    "generalAndAdministrativeExpenses": 711087000,
    "sellingAndMarketingExpenses": 0,
    "sellingGeneralAndAdministrativeExpenses": 711087000,
    "otherExpenses": -7000,
    "operatingExpenses": 711087000,
    "costAndExpenses": 1967682000,
    "interestIncome": 756000,
    "interestExpense": 5360000,
    "depreciationAndAmortization": 45711000,
    "ebitda": 304898000,
    "ebitdaratio": 0.1369638654,
    "operatingIncome": 258438000,
    "operatingIncomeRatio": 0.1160934721,
    "totalOtherIncomeExpensesNet": -4611000,
    "incomeBeforeTax": 253827000,
    "incomeBeforeTaxRatio": 0.1140221551,
    "incomeTaxExpense": 95341000,
    "netIncome": 156267000,
    "netIncomeRatio": 0.0701970244,
    "eps": 2.21,
    "epsdiluted": 2.17,
    "weightedAverageShsOut": 69557000,
    "weightedAverageShsOutDil": 70809000,
    "link": "https://www.sec.gov/Archives/edgar/data/277135/000027713513000009/0000277135-13-000009-index.htm",
    "finalLink": "https://www.sec.gov/Archives/edgar/data/277135/000027713513000009/gww20121231-10k.htm"
  },
  {
    "date": "2012-09-30",
    "symbol": "GWW",
    "reportedCurrency": "USD",
    "cik": "0000277135",
    "fillingDate": "2012-11-01",
    "acceptedDate": "2012-11-01 11:15:38",
    "calendarYear": "2012",
    "period": "Q3",
    "revenue": 2281205000,
    "costOfRevenue": 1287245000,
    "grossProfit": 993960000,
    "grossProfitRatio": 0.4357170881,
    "researchAndDevelopmentExpenses": 0,
    "generalAndAdministrativeExpenses": 739634000,
    "sellingAndMarketingExpenses": 0,
    "sellingGeneralAndAdministrativeExpenses": 739634000,
    "otherExpenses": 0,
    "operatingExpenses": 739634000,
    "costAndExpenses": 2026879000,
    "interestIncome": 707000,
    "interestExpense": 4751000,
    "depreciationAndAmortization": 39896000,
    "ebitda": 295367000,
    "ebitdaratio": 0.1294784993,
    "operatingIncome": 254326000,
    "operatingIncomeRatio": 0.1114875691,
    "totalOtherIncomeExpensesNet": -3606000,
    "incomeBeforeTax": 250720000,
    "incomeBeforeTaxRatio": 0.1099068256,
    "incomeTaxExpense": 92916000,
    "netIncome": 155394000,
    "netIncomeRatio": 0.0681192615,
    "eps": 2.19,
    "epsdiluted": 2.15,
    "weightedAverageShsOut": 69625000,
    "weightedAverageShsOutDil": 70961000,
    "link": "https://www.sec.gov/Archives/edgar/data/277135/000027713512000038/0000277135-12-000038-index.htm",
    "finalLink": "https://www.sec.gov/Archives/edgar/data/277135/000027713512000038/gww201209301210q.htm"
  },
  {
    "date": "2012-06-30",
    "symbol": "GWW",
    "reportedCurrency": "USD",
    "cik": "0000277135",
    "fillingDate": "2012-07-26",
    "acceptedDate": "2012-07-26 13:57:33",
    "calendarYear": "2012",
    "period": "Q2",
    "revenue": 2249275000,
    "costOfRevenue": 1270932000,
    "grossProfit": 978343000,
    "grossProfitRatio": 0.4349592647,
    "researchAndDevelopmentExpenses": 0,
    "generalAndAdministrativeExpenses": 664343000,
    "sellingAndMarketingExpenses": 0,
    "sellingGeneralAndAdministrativeExpenses": 664343000,
    "otherExpenses": 0,
    "operatingExpenses": 664343000,
    "costAndExpenses": 1935275000,
    "interestIncome": 602000,
    "interestExpense": 2910000,
    "depreciationAndAmortization": 36763000,
    "ebitda": 350402000,
    "ebitdaratio": 0.1557844194,
    "operatingIncome": 314000000,
    "operatingIncomeRatio": 0.139600538,
    "totalOtherIncomeExpensesNet": -3271000,
    "incomeBeforeTax": 310729000,
    "incomeBeforeTaxRatio": 0.1381462916,
    "incomeTaxExpense": 117628000,
    "netIncome": 190704000,
    "netIncomeRatio": 0.0847846528,
    "eps": 2.68,
    "epsdiluted": 2.63,
    "weightedAverageShsOut": 69937000,
    "weightedAverageShsOutDil": 71308000,
    "link": "https://www.sec.gov/Archives/edgar/data/277135/000027713512000031/0000277135-12-000031-index.htm",
    "finalLink": "https://www.sec.gov/Archives/edgar/data/277135/000027713512000031/gww201206301210q.htm"
  },
  {
    "date": "2012-03-31",
    "symbol": "GWW",
    "reportedCurrency": "USD",
    "cik": "0000277135",
    "fillingDate": "2012-04-26",
    "acceptedDate": "2012-04-26 12:22:46",
    "calendarYear": "2012",
    "period": "Q1",
    "revenue": 2193445000,
    "costOfRevenue": 1219113000,
    "grossProfit": 974332000,
    "grossProfitRatio": 0.444201701,
    "researchAndDevelopmentExpenses": 0,
    "generalAndAdministrativeExpenses": 669971000,
    "sellingAndMarketingExpenses": 0,
    "sellingGeneralAndAdministrativeExpenses": 669971000,
    "otherExpenses": 0,
    "operatingExpenses": 669971000,
    "costAndExpenses": 1889084000,
    "interestIncome": 595000,
    "interestExpense": 3057000,
    "depreciationAndAmortization": 36679000,
    "ebitda": 342249000,
    "ebitdaratio": 0.1560326336,
    "operatingIncome": 304361000,
    "operatingIncomeRatio": 0.1387593489,
    "totalOtherIncomeExpensesNet": -1848000,
    "incomeBeforeTax": 302513000,
    "incomeBeforeTaxRatio": 0.1379168386,
    "incomeTaxExpense": 113055000,
    "netIncome": 187516000,
    "netIncomeRatio": 0.0854892646,
    "eps": 2.63,
    "epsdiluted": 2.57,
    "weightedAverageShsOut": 70133000,
    "weightedAverageShsOutDil": 71656000,
    "link": "https://www.sec.gov/Archives/edgar/data/277135/000027713512000022/0000277135-12-000022-index.htm",
    "finalLink": "https://www.sec.gov/Archives/edgar/data/277135/000027713512000022/gww201203311210q.htm"
  },
  {
    "date": "2011-12-31",
    "symbol": "GWW",
    "reportedCurrency": "USD",
    "cik": "0000277135",
    "fillingDate": "2012-02-28",
    "acceptedDate": "2012-02-27 17:34:36",
    "calendarYear": "2011",
    "period": "Q4",
    "revenue": 2076904000,
    "costOfRevenue": 1171119000,
    "grossProfit": 905785000,
    "grossProfitRatio": 0.4361227096,
    "researchAndDevelopmentExpenses": 0,
    "generalAndAdministrativeExpenses": 684292000,
    "sellingAndMarketingExpenses": 0,
    "sellingGeneralAndAdministrativeExpenses": 684292000,
    "otherExpenses": 0,
    "operatingExpenses": 684292000,
    "costAndExpenses": 1855411000,
    "interestIncome": 508000,
    "interestExpense": 2654000,
    "depreciationAndAmortization": 45627000,
    "ebitda": 274359000,
    "ebitdaratio": 0.1320999911,
    "operatingIncome": 221493000,
    "operatingIncomeRatio": 0.1066457573,
    "totalOtherIncomeExpensesNet": 4585000,
    "incomeBeforeTax": 226078000,
    "incomeBeforeTaxRatio": 0.1088533702,
    "incomeTaxExpense": 74370000,
    "netIncome": 148484000,
    "netIncomeRatio": 0.071492953,
    "eps": 2.12,
    "epsdiluted": 2.12,
    "weightedAverageShsOut": 69898469,
    "weightedAverageShsOutDil": 70133000,
    "link": "https://www.sec.gov/Archives/edgar/data/277135/000027713512000008/0000277135-12-000008-index.htm",
    "finalLink": "https://www.sec.gov/Archives/edgar/data/277135/000027713512000008/gww20111231-10k.htm"
  },
  {
    "date": "2011-09-30",
    "symbol": "GWW",
    "reportedCurrency": "USD",
    "cik": "0000277135",
    "fillingDate": "2011-10-27",
    "acceptedDate": "2011-10-27 10:56:57",
    "calendarYear": "2011",
    "period": "Q3",
    "revenue": 2114647000,
    "costOfRevenue": 1201648000,
    "grossProfit": 912999000,
    "grossProfitRatio": 0.4317500746,
    "researchAndDevelopmentExpenses": 0,
    "generalAndAdministrativeExpenses": 609959000,
    "sellingAndMarketingExpenses": 0,
    "sellingGeneralAndAdministrativeExpenses": 609959000,
    "otherExpenses": 0,
    "operatingExpenses": 609959000,
    "costAndExpenses": 1811607000,
    "interestIncome": 553000,
    "interestExpense": 2579000,
    "depreciationAndAmortization": 37529000,
    "ebitda": 340567000,
    "ebitdaratio": 0.1610514663,
    "operatingIncome": 303040000,
    "operatingIncomeRatio": 0.143305242,
    "totalOtherIncomeExpensesNet": -2581000,
    "incomeBeforeTax": 300459000,
    "incomeBeforeTaxRatio": 0.1420847073,
    "incomeTaxExpense": 116412000,
    "netIncome": 182121000,
    "netIncomeRatio": 0.0861235942,
    "eps": 2.56,
    "epsdiluted": 2.51,
    "weightedAverageShsOut": 69846000,
    "weightedAverageShsOutDil": 71280000,
    "link": "https://www.sec.gov/Archives/edgar/data/277135/000027713511000052/0000277135-11-000052-index.htm",
    "finalLink": "https://www.sec.gov/Archives/edgar/data/277135/000027713511000052/gww2011930-10q.htm"
  },
  {
    "date": "2011-06-30",
    "symbol": "GWW",
    "reportedCurrency": "USD",
    "cik": "0000277135",
    "fillingDate": "2011-07-28",
    "acceptedDate": "2011-07-28 11:11:40",
    "calendarYear": "2011",
    "period": "Q2",
    "revenue": 2003022000,
    "costOfRevenue": 1140628000,
    "grossProfit": 862394000,
    "grossProfitRatio": 0.4305464443,
    "researchAndDevelopmentExpenses": 0,
    "generalAndAdministrativeExpenses": 597112000,
    "sellingAndMarketingExpenses": 0,
    "sellingGeneralAndAdministrativeExpenses": 597112000,
    "otherExpenses": 0,
    "operatingExpenses": 597112000,
    "costAndExpenses": 1737740000,
    "interestIncome": 527000,
    "interestExpense": 1980000,
    "depreciationAndAmortization": 33473000,
    "ebitda": 299279000,
    "ebitdaratio": 0.1494137358,
    "operatingIncome": 265282000,
    "operatingIncomeRatio": 0.1324408818,
    "totalOtherIncomeExpensesNet": -1456000,
    "incomeBeforeTax": 263826000,
    "incomeBeforeTaxRatio": 0.1317139802,
    "incomeTaxExpense": 92257000,
    "netIncome": 169885000,
    "netIncomeRatio": 0.0848143455,
    "eps": 2.39,
    "epsdiluted": 2.34,
    "weightedAverageShsOut": 69609000,
    "weightedAverageShsOutDil": 71123000,
    "link": "https://www.sec.gov/Archives/edgar/data/277135/000027713511000044/0000277135-11-000044-index.htm",
    "finalLink": "https://www.sec.gov/Archives/edgar/data/277135/000027713511000044/gww2011630-10q.htm"
  },
  {
    "date": "2011-03-31",
    "symbol": "GWW",
    "reportedCurrency": "USD",
    "cik": "0000277135",
    "fillingDate": "2011-04-28",
    "acceptedDate": "2011-04-28 15:41:55",
    "calendarYear": "2011",
    "period": "Q1",
    "revenue": 1883612000,
    "costOfRevenue": 1053998000,
    "grossProfit": 829614000,
    "grossProfitRatio": 0.4404378396,
    "researchAndDevelopmentExpenses": 0,
    "generalAndAdministrativeExpenses": 567000000,
    "sellingAndMarketingExpenses": 0,
    "sellingGeneralAndAdministrativeExpenses": 567000000,
    "otherExpenses": 0,
    "operatingExpenses": 567000000,
    "costAndExpenses": 1620998000,
    "interestIncome": 480000,
    "interestExpense": 1878000,
    "depreciationAndAmortization": 32571000,
    "ebitda": 295613000,
    "ebitdaratio": 0.1569394334,
    "operatingIncome": 262614000,
    "operatingIncomeRatio": 0.1394204327,
    "totalOtherIncomeExpensesNet": -1450000,
    "incomeBeforeTax": 261164000,
    "incomeBeforeTaxRatio": 0.1386506351,
    "incomeTaxExpense": 102076000,
    "netIncome": 157933000,
    "netIncomeRatio": 0.0838458239,
    "eps": 2.23,
    "epsdiluted": 2.18,
    "weightedAverageShsOut": 69403000,
    "weightedAverageShsOutDil": 70907000,
    "link": "https://www.sec.gov/Archives/edgar/data/277135/000027713511000024/0000277135-11-000024-index.htm",
    "finalLink": "https://www.sec.gov/Archives/edgar/data/277135/000027713511000024/form10q12011.htm"
  },
  {
    "date": "2010-12-31",
    "symbol": "GWW",
    "reportedCurrency": "USD",
    "cik": "0000277135",
    "fillingDate": "2011-02-28",
    "acceptedDate": "2011-02-28 16:12:08",
    "calendarYear": "2010",
    "period": "Q4",
    "revenue": 1826696000,
    "costOfRevenue": 1063564000,
    "grossProfit": 763132000,
    "grossProfitRatio": 0.417766284,
    "researchAndDevelopmentExpenses": 0,
    "generalAndAdministrativeExpenses": 551730000,
    "sellingAndMarketingExpenses": 0,
    "sellingGeneralAndAdministrativeExpenses": 551730000,
    "otherExpenses": 0,
    "operatingExpenses": 551730000,
    "costAndExpenses": 1615294000,
    "interestIncome": 370000,
    "interestExpense": 1983000,
    "depreciationAndAmortization": 40455000,
    "ebitda": 252586000,
    "ebitdaratio": 0.1382747868,
    "operatingIncome": 211402000,
    "operatingIncomeRatio": 0.1157291635,
    "totalOtherIncomeExpensesNet": -1254000,
    "incomeBeforeTax": 210148000,
    "incomeBeforeTaxRatio": 0.1150426781,
    "incomeTaxExpense": 76947000,
    "netIncome": 132210000,
    "netIncomeRatio": 0.072376575,
    "eps": 1.9,
    "epsdiluted": 1.9,
    "weightedAverageShsOut": 69194877,
    "weightedAverageShsOutDil": 69403000,
    "link": "https://www.sec.gov/Archives/edgar/data/277135/000027713511000011/0000277135-11-000011-index.htm",
    "finalLink": "https://www.sec.gov/Archives/edgar/data/277135/000027713511000011/form10k123110.htm"
  },
  {
    "date": "2010-09-30",
    "symbol": "GWW",
    "reportedCurrency": "USD",
    "cik": "0000277135",
    "fillingDate": "2010-10-28",
    "acceptedDate": "2010-10-28 16:50:51",
    "calendarYear": "2010",
    "period": "Q3",
    "revenue": 1899412000,
    "costOfRevenue": 1109688000,
    "grossProfit": 789724000,
    "grossProfitRatio": 0.4157728813,
    "researchAndDevelopmentExpenses": 0,
    "generalAndAdministrativeExpenses": 538451000,
    "sellingAndMarketingExpenses": 0,
    "sellingGeneralAndAdministrativeExpenses": 538451000,
    "otherExpenses": 0,
    "operatingExpenses": 538451000,
    "costAndExpenses": 1648139000,
    "interestIncome": 324000,
    "interestExpense": 1954000,
    "depreciationAndAmortization": 37322000,
    "ebitda": 289120000,
    "ebitdaratio": 0.1522155278,
    "operatingIncome": 251273000,
    "operatingIncomeRatio": 0.1322898876,
    "totalOtherIncomeExpensesNet": -1429000,
    "incomeBeforeTax": 249844000,
    "incomeBeforeTaxRatio": 0.1315375495,
    "incomeTaxExpense": 98547000,
    "netIncome": 150405000,
    "netIncomeRatio": 0.079185032,
    "eps": 2.1,
    "epsdiluted": 2.06,
    "weightedAverageShsOut": 69924000,
    "weightedAverageShsOutDil": 71168000,
    "link": "https://www.sec.gov/Archives/edgar/data/277135/000027713510000058/0000277135-10-000058-index.htm",
    "finalLink": "https://www.sec.gov/Archives/edgar/data/277135/000027713510000058/form10q32010.htm"
  },
  {
    "date": "2010-06-30",
    "symbol": "GWW",
    "reportedCurrency": "USD",
    "cik": "0000277135",
    "fillingDate": "2010-07-29",
    "acceptedDate": "2010-07-29 11:19:21",
    "calendarYear": "2010",
    "period": "Q2",
    "revenue": 1783696000,
    "costOfRevenue": 1036610000,
    "grossProfit": 747086000,
    "grossProfitRatio": 0.4188415515,
    "researchAndDevelopmentExpenses": 0,
    "generalAndAdministrativeExpenses": 532171000,
    "sellingAndMarketingExpenses": 0,
    "sellingGeneralAndAdministrativeExpenses": 532171000,
    "otherExpenses": 0,
    "operatingExpenses": 532171000,
    "costAndExpenses": 1568781000,
    "interestIncome": 280000,
    "interestExpense": 2220000,
    "depreciationAndAmortization": 35977000,
    "ebitda": 251068000,
    "ebitdaratio": 0.1407571694,
    "operatingIncome": 214915000,
    "operatingIncomeRatio": 0.120488581,
    "totalOtherIncomeExpensesNet": -2119000,
    "incomeBeforeTax": 212796000,
    "incomeBeforeTaxRatio": 0.1193005983,
    "incomeTaxExpense": 83129000,
    "netIncome": 129077000,
    "netIncomeRatio": 0.0723649097,
    "eps": 1.76,
    "epsdiluted": 1.73,
    "weightedAverageShsOut": 71692000,
    "weightedAverageShsOutDil": 72931000,
    "link": "https://www.sec.gov/Archives/edgar/data/277135/000027713510000044/0000277135-10-000044-index.htm",
    "finalLink": "https://www.sec.gov/Archives/edgar/data/277135/000027713510000044/form10q22010.htm"
  },
  {
    "date": "2010-03-31",
    "symbol": "GWW",
    "reportedCurrency": "USD",
    "cik": "0000277135",
    "fillingDate": "2010-04-29",
    "acceptedDate": "2010-04-29 12:08:31",
    "calendarYear": "2010",
    "period": "Q1",
    "revenue": 1672354000,
    "costOfRevenue": 966612000,
    "grossProfit": 705742000,
    "grossProfitRatio": 0.4220051496,
    "researchAndDevelopmentExpenses": 0,
    "generalAndAdministrativeExpenses": 522857000,
    "sellingAndMarketingExpenses": 0,
    "sellingGeneralAndAdministrativeExpenses": 522857000,
    "otherExpenses": 0,
    "operatingExpenses": 522857000,
    "costAndExpenses": 1489469000,
    "interestIncome": 241000,
    "interestExpense": 2030000,
    "depreciationAndAmortization": 35924000,
    "ebitda": 218869000,
    "ebitdaratio": 0.1308748028,
    "operatingIncome": 182885000,
    "operatingIncomeRatio": 0.1093578273,
    "totalOtherIncomeExpensesNet": -1895000,
    "incomeBeforeTax": 180990000,
    "incomeBeforeTaxRatio": 0.1082246941,
    "incomeTaxExpense": 81573000,
    "netIncome": 99173000,
    "netIncomeRatio": 0.0593014398,
    "eps": 1.34,
    "epsdiluted": 1.31,
    "weightedAverageShsOut": 72577000,
    "weightedAverageShsOutDil": 73855000,
    "link": "https://www.sec.gov/Archives/edgar/data/277135/000027713510000030/0000277135-10-000030-index.htm",
    "finalLink": "https://www.sec.gov/Archives/edgar/data/277135/000027713510000030/form10q33110.htm"
  },
  {
    "date": "2009-12-31",
    "symbol": "GWW",
    "reportedCurrency": "USD",
    "cik": "0000277135",
    "fillingDate": "2010-02-25",
    "acceptedDate": "2010-02-25 11:09:46",
    "calendarYear": "2009",
    "period": "Q4",
    "revenue": 1633815000,
    "costOfRevenue": 949617000,
    "grossProfit": 684198000,
    "grossProfitRatio": 0.4187732393,
    "researchAndDevelopmentExpenses": 0,
    "generalAndAdministrativeExpenses": 518837000,
    "sellingAndMarketingExpenses": 0,
    "sellingGeneralAndAdministrativeExpenses": 518837000,
    "otherExpenses": 0,
    "operatingExpenses": 518837000,
    "costAndExpenses": 1468454000,
    "interestIncome": 310000,
    "interestExpense": 2032000,
    "depreciationAndAmortization": 43438000,
    "ebitda": 209293000,
    "ebitdaratio": 0.1281007948,
    "operatingIncome": 165361000,
    "operatingIncomeRatio": 0.1012115815,
    "totalOtherIncomeExpensesNet": -1538000,
    "incomeBeforeTax": 163823000,
    "incomeBeforeTaxRatio": 0.1002702264,
    "incomeTaxExpense": 66459000,
    "netIncome": 97058000,
    "netIncomeRatio": 0.0594057467,
    "eps": 1.34,
    "epsdiluted": 1.34,
    "weightedAverageShsOut": 72577000,
    "weightedAverageShsOutDil": 72577000,
    "link": "https://www.sec.gov/Archives/edgar/data/277135/000027713510000011/0000277135-10-000011-index.htm",
    "finalLink": "https://www.sec.gov/Archives/edgar/data/277135/000027713510000011/form10k123109.htm"
  },
  {
    "date": "2009-09-30",
    "symbol": "GWW",
    "reportedCurrency": "USD",
    "cik": "0000277135",
    "fillingDate": "2009-10-29",
    "acceptedDate": "2009-10-29 14:19:44",
    "calendarYear": "2009",
    "period": "Q3",
    "revenue": 1589665000,
    "costOfRevenue": 929720000,
    "grossProfit": 659945000,
    "grossProfitRatio": 0.4151472166,
    "researchAndDevelopmentExpenses": 0,
    "generalAndAdministrativeExpenses": 473225000,
    "sellingAndMarketingExpenses": 0,
    "sellingGeneralAndAdministrativeExpenses": 473225000,
    "otherExpenses": 0,
    "operatingExpenses": 473225000,
    "costAndExpenses": 1402945000,
    "interestIncome": 374000,
    "interestExpense": 2198000,
    "depreciationAndAmortization": 35588000,
    "ebitda": 271206000,
    "ebitdaratio": 0.1706057566,
    "operatingIncome": 186720000,
    "operatingIncomeRatio": 0.1174587099,
    "totalOtherIncomeExpensesNet": 46700000,
    "incomeBeforeTax": 233420000,
    "incomeBeforeTaxRatio": 0.1468359686,
    "incomeTaxExpense": 88856000,
    "netIncome": 144564000,
    "netIncomeRatio": 0.090939915,
    "eps": 1.91,
    "epsdiluted": 1.88,
    "weightedAverageShsOut": 74048000,
    "weightedAverageShsOutDil": 75203000,
    "link": "https://www.sec.gov/Archives/edgar/data/277135/000027713509000043/0000277135-09-000043-index.htm",
    "finalLink": "https://www.sec.gov/Archives/edgar/data/277135/000027713509000043/form10qq32009.htm"
  },
  {
    "date": "2009-06-30",
    "symbol": "GWW",
    "reportedCurrency": "USD",
    "cik": "0000277135",
    "fillingDate": "2009-07-31",
    "acceptedDate": "2009-07-31 11:12:29",
    "calendarYear": "2009",
    "period": "Q2",
    "revenue": 1533263000,
    "costOfRevenue": 908295000,
    "grossProfit": 624968000,
    "grossProfitRatio": 0.4076065228,
    "researchAndDevelopmentExpenses": 0,
    "generalAndAdministrativeExpenses": 471039000,
    "sellingAndMarketingExpenses": 0,
    "sellingGeneralAndAdministrativeExpenses": 471039000,
    "otherExpenses": 0,
    "operatingExpenses": 471039000,
    "costAndExpenses": 1379334000,
    "interestIncome": 273000,
    "interestExpense": 2318000,
    "depreciationAndAmortization": 34872000,
    "ebitda": 188816000,
    "ebitdaratio": 0.1231465182,
    "operatingIncome": 153929000,
    "operatingIncomeRatio": 0.1003930832,
    "totalOtherIncomeExpensesNet": -2303000,
    "incomeBeforeTax": 151626000,
    "incomeBeforeTaxRatio": 0.0988910578,
    "incomeTaxExpense": 59160000,
    "netIncome": 92466000,
    "netIncomeRatio": 0.0603066793,
    "eps": 1.23,
    "epsdiluted": 1.21,
    "weightedAverageShsOut": 73443000,
    "weightedAverageShsOutDil": 74559000,
    "link": "https://www.sec.gov/Archives/edgar/data/277135/000027713509000023/0000277135-09-000023-index.htm",
    "finalLink": "https://www.sec.gov/Archives/edgar/data/277135/000027713509000023/form10qq22009.htm"
  },
  {
    "date": "2009-03-31",
    "symbol": "GWW",
    "reportedCurrency": "USD",
    "cik": "0000277135",
    "fillingDate": "2009-05-04",
    "acceptedDate": "2009-05-01 17:38:35",
    "calendarYear": "2009",
    "period": "Q1",
    "revenue": 1465248000,
    "costOfRevenue": 835833000,
    "grossProfit": 629415000,
    "grossProfitRatio": 0.4295620946,
    "researchAndDevelopmentExpenses": 0,
    "generalAndAdministrativeExpenses": 470201000,
    "sellingAndMarketingExpenses": 0,
    "sellingGeneralAndAdministrativeExpenses": 470201000,
    "otherExpenses": 0,
    "operatingExpenses": 470201000,
    "costAndExpenses": 1306034000,
    "interestIncome": 401000,
    "interestExpense": 2218000,
    "depreciationAndAmortization": 33633000,
    "ebitda": 194319000,
    "ebitdaratio": 0.1326185055,
    "operatingIncome": 159214000,
    "operatingIncomeRatio": 0.108660104,
    "totalOtherIncomeExpensesNet": -746000,
    "incomeBeforeTax": 158468000,
    "incomeBeforeTaxRatio": 0.1081509751,
    "incomeTaxExpense": 62090000,
    "netIncome": 96378000,
    "netIncomeRatio": 0.065775896,
    "eps": 1.27,
    "epsdiluted": 1.25,
    "weightedAverageShsOut": 74260401,
    "weightedAverageShsOutDil": 75142460,
    "link": "https://www.sec.gov/Archives/edgar/data/277135/000027713509000012/0000277135-09-000012-index.htm",
    "finalLink": "https://www.sec.gov/Archives/edgar/data/277135/000027713509000012/form10qq12009.htm"
  },
  {
    "date": "2008-12-31",
    "symbol": "GWW",
    "reportedCurrency": "USD",
    "cik": "0000277135",
    "fillingDate": "2009-02-27",
    "acceptedDate": "2009-02-26 18:07:55",
    "calendarYear": "2008",
    "period": "Q4",
    "revenue": 1592655000,
    "costOfRevenue": 912592000,
    "grossProfit": 680063000,
    "grossProfitRatio": 0.4269995699,
    "researchAndDevelopmentExpenses": 0,
    "generalAndAdministrativeExpenses": 499506000,
    "sellingAndMarketingExpenses": 0,
    "sellingGeneralAndAdministrativeExpenses": 499506000,
    "otherExpenses": 0,
    "operatingExpenses": 499506000,
    "costAndExpenses": 1412098000,
    "interestIncome": 0,
    "interestExpense": 6909000,
    "depreciationAndAmortization": 38805000,
    "ebitda": 224393000,
    "ebitdaratio": 0.1408924092,
    "operatingIncome": 180557000,
    "operatingIncomeRatio": 0.1133685575,
    "totalOtherIncomeExpensesNet": -6909000,
    "incomeBeforeTax": 173648000,
    "incomeBeforeTaxRatio": 0.1090305182,
    "incomeTaxExpense": 65733000,
    "netIncome": 107915000,
    "netIncomeRatio": 0.0677579262,
    "eps": 1.45,
    "epsdiluted": 1.45,
    "weightedAverageShsOut": 74260401,
    "weightedAverageShsOutDil": 74260401,
    "link": "https://www.sec.gov/Archives/edgar/data/277135/000027713509000005/0000277135-09-000005-index.htm",
    "finalLink": "https://www.sec.gov/Archives/edgar/data/277135/000027713509000005/form10k123108.htm"
  },
  {
    "date": "2008-09-30",
    "symbol": "GWW",
    "reportedCurrency": "USD",
    "cik": "0000277135",
    "fillingDate": "2008-10-30",
    "acceptedDate": "2008-10-30 11:44:46",
    "calendarYear": "2008",
    "period": "Q3",
    "revenue": 1839475000,
    "costOfRevenue": 1097127000,
    "grossProfit": 742348000,
    "grossProfitRatio": 0.4035651477,
    "researchAndDevelopmentExpenses": 0,
    "generalAndAdministrativeExpenses": 510891000,
    "sellingAndMarketingExpenses": 0,
    "sellingGeneralAndAdministrativeExpenses": 510891000,
    "otherExpenses": 0,
    "operatingExpenses": 510891000,
    "costAndExpenses": 1608018000,
    "interestIncome": 1602000,
    "interestExpense": 2767000,
    "depreciationAndAmortization": 35870000,
    "ebitda": 231457000,
    "ebitdaratio": 0.1258277498,
    "operatingIncome": 231457000,
    "operatingIncomeRatio": 0.1258277498,
    "totalOtherIncomeExpensesNet": -2767000,
    "incomeBeforeTax": 228690000,
    "incomeBeforeTaxRatio": 0.1243235162,
    "incomeTaxExpense": 88667000,
    "netIncome": 140023000,
    "netIncomeRatio": 0.0761211759,
    "eps": 1.84,
    "epsdiluted": 1.79,
    "weightedAverageShsOut": 75967774,
    "weightedAverageShsOutDil": 78279422,
    "link": "https://www.sec.gov/Archives/edgar/data/277135/000027713508000027/0000277135-08-000027-index.htm",
    "finalLink": "https://www.sec.gov/Archives/edgar/data/277135/000027713508000027/form10qq32008.htm"
  },
  {
    "date": "2008-06-30",
    "symbol": "GWW",
    "reportedCurrency": "USD",
    "cik": "0000277135",
    "fillingDate": "2008-07-31",
    "acceptedDate": "2008-07-31 10:18:55",
    "calendarYear": "2008",
    "period": "Q2",
    "revenue": 1756856000,
    "costOfRevenue": 1050979000,
    "grossProfit": 705877000,
    "grossProfitRatio": 0.40178421,
    "researchAndDevelopmentExpenses": 0,
    "generalAndAdministrativeExpenses": 521042000,
    "sellingAndMarketingExpenses": 0,
    "sellingGeneralAndAdministrativeExpenses": 521042000,
    "otherExpenses": 0,
    "operatingExpenses": 521042000,
    "costAndExpenses": 1572021000,
    "interestIncome": 1236000,
    "interestExpense": 455000,
    "depreciationAndAmortization": 33339000,
    "ebitda": 184835000,
    "ebitdaratio": 0.1052078258,
    "operatingIncome": 184835000,
    "operatingIncomeRatio": 0.1052078258,
    "totalOtherIncomeExpensesNet": -455000,
    "incomeBeforeTax": 184380000,
    "incomeBeforeTaxRatio": 0.1049488404,
    "incomeTaxExpense": 71201000,
    "netIncome": 113179000,
    "netIncomeRatio": 0.0644213299,
    "eps": 1.48,
    "epsdiluted": 1.43,
    "weightedAverageShsOut": 76542071,
    "weightedAverageShsOutDil": 79012567,
    "link": "https://www.sec.gov/Archives/edgar/data/277135/000027713508000021/0000277135-08-000021-index.htm",
    "finalLink": "https://www.sec.gov/Archives/edgar/data/277135/000027713508000021/form10q22008.htm"
  },
  {
    "date": "2008-03-31",
    "symbol": "GWW",
    "reportedCurrency": "USD",
    "cik": "0000277135",
    "fillingDate": "2008-05-08",
    "acceptedDate": "2008-05-08 17:28:03",
    "calendarYear": "2008",
    "period": "Q1",
    "revenue": 1661046000,
    "costOfRevenue": 981112000,
    "grossProfit": 679934000,
    "grossProfitRatio": 0.4093408611,
    "researchAndDevelopmentExpenses": 0,
    "generalAndAdministrativeExpenses": 494111000,
    "sellingAndMarketingExpenses": 0,
    "sellingGeneralAndAdministrativeExpenses": 494111000,
    "otherExpenses": 0,
    "operatingExpenses": 494111000,
    "costAndExpenses": 1475223000,
    "interestIncome": 0,
    "interestExpense": 0,
    "depreciationAndAmortization": 31556000,
    "ebitda": 185823000,
    "ebitdaratio": 0.111871074,
    "operatingIncome": 185823000,
    "operatingIncomeRatio": 0.111871074,
    "totalOtherIncomeExpensesNet": 677000,
    "incomeBeforeTax": 186500000,
    "incomeBeforeTaxRatio": 0.1122786485,
    "incomeTaxExpense": 72262000,
    "netIncome": 114238000,
    "netIncomeRatio": 0.0687747359,
    "eps": 1.47,
    "epsdiluted": 1.43,
    "weightedAverageShsOut": 77933996,
    "weightedAverageShsOutDil": 80131555,
    "link": "https://www.sec.gov/Archives/edgar/data/277135/000027713508000015/0000277135-08-000015-index.htm",
    "finalLink": "https://www.sec.gov/Archives/edgar/data/277135/000027713508000015/form10q12008.htm"
  },
  {
    "date": "2007-12-31",
    "symbol": "GWW",
    "reportedCurrency": "USD",
    "cik": "0000277135",
    "fillingDate": "2008-02-27",
    "acceptedDate": "2008-02-27 15:16:41",
    "calendarYear": "2007",
    "period": "Q4",
    "revenue": 1611753000,
    "costOfRevenue": 940272000,
    "grossProfit": 671481000,
    "grossProfitRatio": 0.4166153251,
    "researchAndDevelopmentExpenses": 0,
    "generalAndAdministrativeExpenses": 504320000,
    "sellingAndMarketingExpenses": 0,
    "sellingGeneralAndAdministrativeExpenses": 504320000,
    "otherExpenses": 0,
    "operatingExpenses": 504320000,
    "costAndExpenses": 1444592000,
    "interestIncome": 0,
    "interestExpense": 0,
    "depreciationAndAmortization": 38400000,
    "ebitda": 205561000,
    "ebitdaratio": 0.127538773,
    "operatingIncome": 167161000,
    "operatingIncomeRatio": 0.1037137824,
    "totalOtherIncomeExpensesNet": 1543000,
    "incomeBeforeTax": 168704000,
    "incomeBeforeTaxRatio": 0.1046711252,
    "incomeTaxExpense": 64312000,
    "netIncome": 104392000,
    "netIncomeRatio": 0.0647692295,
    "eps": 1.34,
    "epsdiluted": 1.34,
    "weightedAverageShsOut": 77933996,
    "weightedAverageShsOutDil": 77933996,
    "link": "https://www.sec.gov/Archives/edgar/data/277135/000027713508000006/0000277135-08-000006-index.htm",
    "finalLink": "https://www.sec.gov/Archives/edgar/data/277135/000027713508000006/form10k2007.htm"
  },
  {
    "date": "2007-09-30",
    "symbol": "GWW",
    "reportedCurrency": "USD",
    "cik": "0000277135",
    "fillingDate": "2007-11-02",
    "acceptedDate": "2007-11-02 11:00:28",
    "calendarYear": "2007",
    "period": "Q3",
    "revenue": 1658592000,
    "costOfRevenue": 999003000,
    "grossProfit": 659589000,
    "grossProfitRatio": 0.3976800805,
    "researchAndDevelopmentExpenses": 0,
    "generalAndAdministrativeExpenses": 485257000,
    "sellingAndMarketingExpenses": 0,
    "sellingGeneralAndAdministrativeExpenses": 485257000,
    "otherExpenses": 0,
    "operatingExpenses": 485257000,
    "costAndExpenses": 1484260000,
    "interestIncome": 0,
    "interestExpense": 0,
    "depreciationAndAmortization": 32872000,
    "ebitda": 174332000,
    "ebitdaratio": 0.1051084293,
    "operatingIncome": 174332000,
    "operatingIncomeRatio": 0.1051084293,
    "totalOtherIncomeExpensesNet": 2852000,
    "incomeBeforeTax": 177184000,
    "incomeBeforeTaxRatio": 0.1068279601,
    "incomeTaxExpense": 68034000,
    "netIncome": 109150000,
    "netIncomeRatio": 0.0658088306,
    "eps": 1.33,
    "epsdiluted": 1.29,
    "weightedAverageShsOut": 82233231,
    "weightedAverageShsOutDil": 84864258,
    "link": "https://www.sec.gov/Archives/edgar/data/277135/000027713507000025/0000277135-07-000025-index.htm",
    "finalLink": "https://www.sec.gov/Archives/edgar/data/277135/000027713507000025/form10q32007.htm"
  },
  {
    "date": "2007-06-30",
    "symbol": "GWW",
    "reportedCurrency": "USD",
    "cik": "0000277135",
    "fillingDate": "2007-08-02",
    "acceptedDate": "2007-08-02 10:47:29",
    "calendarYear": "2007",
    "period": "Q2",
    "revenue": 1601011000,
    "costOfRevenue": 960546000,
    "grossProfit": 640465000,
    "grossProfitRatio": 0.4000378511,
    "researchAndDevelopmentExpenses": 0,
    "generalAndAdministrativeExpenses": 473890000,
    "sellingAndMarketingExpenses": 0,
    "sellingGeneralAndAdministrativeExpenses": 473890000,
    "otherExpenses": 0,
    "operatingExpenses": 473890000,
    "costAndExpenses": 1434436000,
    "interestIncome": 0,
    "interestExpense": 0,
    "depreciationAndAmortization": 30804000,
    "ebitda": 166575000,
    "ebitdaratio": 0.1040436324,
    "operatingIncome": 166575000,
    "operatingIncomeRatio": 0.1040436324,
    "totalOtherIncomeExpensesNet": 3677000,
    "incomeBeforeTax": 170252000,
    "incomeBeforeTaxRatio": 0.1063403062,
    "incomeTaxExpense": 65461000,
    "netIncome": 104791000,
    "netIncomeRatio": 0.0654530169,
    "eps": 1.25,
    "epsdiluted": 1.21,
    "weightedAverageShsOut": 84130074,
    "weightedAverageShsOutDil": 86775154,
    "link": "https://www.sec.gov/Archives/edgar/data/277135/000027713507000021/0000277135-07-000021-index.htm",
    "finalLink": "https://www.sec.gov/Archives/edgar/data/277135/000027713507000021/form10q22007.htm"
  },
  {
    "date": "2007-03-31",
    "symbol": "GWW",
    "reportedCurrency": "USD",
    "cik": "0000277135",
    "fillingDate": "2007-05-02",
    "acceptedDate": "2007-05-02 12:31:43",
    "calendarYear": "2007",
    "period": "Q1",
    "revenue": 1546658000,
    "costOfRevenue": 914570000,
    "grossProfit": 632088000,
    "grossProfitRatio": 0.4086798762,
    "researchAndDevelopmentExpenses": 0,
    "generalAndAdministrativeExpenses": 469503000,
    "sellingAndMarketingExpenses": 0,
    "sellingGeneralAndAdministrativeExpenses": 469503000,
    "otherExpenses": 0,
    "operatingExpenses": 469503000,
    "costAndExpenses": 1384073000,
    "interestIncome": 0,
    "interestExpense": 0,
    "depreciationAndAmortization": 29923000,
    "ebitda": 162585000,
    "ebitdaratio": 0.1051202011,
    "operatingIncome": 162585000,
    "operatingIncomeRatio": 0.1051202011,
    "totalOtherIncomeExpensesNet": 3136000,
    "incomeBeforeTax": 165721000,
    "incomeBeforeTaxRatio": 0.1071477987,
    "incomeTaxExpense": 63934000,
    "netIncome": 101787000,
    "netIncomeRatio": 0.0658109291,
    "eps": 1.21,
    "epsdiluted": 1.17,
    "weightedAverageShsOut": 83979114,
    "weightedAverageShsOutDil": 86758949,
    "link": "https://www.sec.gov/Archives/edgar/data/277135/000027713507000014/0000277135-07-000014-index.htm",
    "finalLink": "https://www.sec.gov/Archives/edgar/data/277135/000027713507000014/form10q12007.htm"
  },
  {
    "date": "2006-12-31",
    "symbol": "GWW",
    "reportedCurrency": "USD",
    "cik": "0000277135",
    "fillingDate": "2007-02-27",
    "acceptedDate": "2007-02-27 16:08:54",
    "calendarYear": "2006",
    "period": "Q4",
    "revenue": 1462158000,
    "costOfRevenue": 860727000,
    "grossProfit": 601431000,
    "grossProfitRatio": 0.41133106,
    "researchAndDevelopmentExpenses": 0,
    "generalAndAdministrativeExpenses": 453634000,
    "sellingAndMarketingExpenses": 0,
    "sellingGeneralAndAdministrativeExpenses": 453634000,
    "otherExpenses": 0,
    "operatingExpenses": 453634000,
    "costAndExpenses": 1314361000,
    "interestIncome": 0,
    "interestExpense": 0,
    "depreciationAndAmortization": 34196000,
    "ebitda": 181993000,
    "ebitdaratio": 0.1244687647,
    "operatingIncome": 147797000,
    "operatingIncomeRatio": 0.1010814153,
    "totalOtherIncomeExpensesNet": 5186000,
    "incomeBeforeTax": 152983000,
    "incomeBeforeTaxRatio": 0.1046282276,
    "incomeTaxExpense": 54050000,
    "netIncome": 98933000,
    "netIncomeRatio": 0.0676623183,
    "eps": 1.18,
    "epsdiluted": 1.18,
    "weightedAverageShsOut": 83979114,
    "weightedAverageShsOutDil": 83979114,
    "link": "https://www.sec.gov/Archives/edgar/data/277135/000027713507000010/0000277135-07-000010-index.htm",
    "finalLink": "https://www.sec.gov/Archives/edgar/data/277135/000027713507000010/form10k2006.htm"
  },
  {
    "date": "2006-09-30",
    "symbol": "GWW",
    "reportedCurrency": "USD",
    "cik": "0000277135",
    "fillingDate": "2006-11-02",
    "acceptedDate": "2006-11-02 16:10:22",
    "calendarYear": "2006",
    "period": "Q3",
    "revenue": 1519499000,
    "costOfRevenue": 920412000,
    "grossProfit": 599087000,
    "grossProfitRatio": 0.3942661364,
    "researchAndDevelopmentExpenses": 0,
    "generalAndAdministrativeExpenses": 447774000,
    "sellingAndMarketingExpenses": 0,
    "sellingGeneralAndAdministrativeExpenses": 447774000,
    "otherExpenses": 0,
    "operatingExpenses": 447774000,
    "costAndExpenses": 1368186000,
    "interestIncome": 0,
    "interestExpense": 0,
    "depreciationAndAmortization": 29548000,
    "ebitda": 151313000,
    "ebitdaratio": 0.0995808487,
    "operatingIncome": 151313000,
    "operatingIncomeRatio": 0.0995808487,
    "totalOtherIncomeExpensesNet": 5491000,
    "incomeBeforeTax": 156804000,
    "incomeBeforeTaxRatio": 0.1031945398,
    "incomeTaxExpense": 52310000,
    "netIncome": 104494000,
    "netIncomeRatio": 0.0687687192,
    "eps": 1.2,
    "epsdiluted": 1.16,
    "weightedAverageShsOut": 87258559,
    "weightedAverageShsOutDil": 89682032,
    "link": "https://www.sec.gov/Archives/edgar/data/277135/000027713506000040/0000277135-06-000040-index.htm",
    "finalLink": "https://www.sec.gov/Archives/edgar/data/277135/000027713506000040/form10q32006.htm"
  },
  {
    "date": "2006-06-30",
    "symbol": "GWW",
    "reportedCurrency": "USD",
    "cik": "0000277135",
    "fillingDate": "2006-08-02",
    "acceptedDate": "2006-08-02 11:30:12",
    "calendarYear": "2006",
    "period": "Q2",
    "revenue": 1482880000,
    "costOfRevenue": 899575000,
    "grossProfit": 583305000,
    "grossProfitRatio": 0.3933595436,
    "researchAndDevelopmentExpenses": 0,
    "generalAndAdministrativeExpenses": 438761000,
    "sellingAndMarketingExpenses": 0,
    "sellingGeneralAndAdministrativeExpenses": 438761000,
    "otherExpenses": 0,
    "operatingExpenses": 438761000,
    "costAndExpenses": 1338336000,
    "interestIncome": 0,
    "interestExpense": 0,
    "depreciationAndAmortization": 27707000,
    "ebitda": 144544000,
    "ebitdaratio": 0.0974751834,
    "operatingIncome": 144544000,
    "operatingIncomeRatio": 0.0974751834,
    "totalOtherIncomeExpensesNet": 8325000,
    "incomeBeforeTax": 152869000,
    "incomeBeforeTaxRatio": 0.1030892587,
    "incomeTaxExpense": 59130000,
    "netIncome": 93739000,
    "netIncomeRatio": 0.0632141508,
    "eps": 1.05,
    "epsdiluted": 1.02,
    "weightedAverageShsOut": 89342642,
    "weightedAverageShsOutDil": 92104424,
    "link": "https://www.sec.gov/Archives/edgar/data/277135/000027713506000031/0000277135-06-000031-index.htm",
    "finalLink": "https://www.sec.gov/Archives/edgar/data/277135/000027713506000031/form10q22006.htm"
  },
  {
    "date": "2006-03-31",
    "symbol": "GWW",
    "reportedCurrency": "USD",
    "cik": "0000277135",
    "fillingDate": "2006-05-02",
    "acceptedDate": "2006-05-02 14:18:39",
    "calendarYear": "2006",
    "period": "Q1",
    "revenue": 1419117000,
    "costOfRevenue": 848790000,
    "grossProfit": 570327000,
    "grossProfitRatio": 0.4018886392,
    "researchAndDevelopmentExpenses": 0,
    "generalAndAdministrativeExpenses": 435910000,
    "sellingAndMarketingExpenses": 0,
    "sellingGeneralAndAdministrativeExpenses": 435910000,
    "otherExpenses": 0,
    "operatingExpenses": 435910000,
    "costAndExpenses": 1284700000,
    "interestIncome": 0,
    "interestExpense": 0,
    "depreciationAndAmortization": 27117000,
    "ebitda": 134417000,
    "ebitdaratio": 0.0947187582,
    "operatingIncome": 134417000,
    "operatingIncomeRatio": 0.0947187582,
    "totalOtherIncomeExpensesNet": 5950000,
    "incomeBeforeTax": 140367000,
    "incomeBeforeTaxRatio": 0.0989115062,
    "incomeTaxExpense": 54134000,
    "netIncome": 86233000,
    "netIncomeRatio": 0.0607652505,
    "eps": 0.96,
    "epsdiluted": 0.93,
    "weightedAverageShsOut": 89637735,
    "weightedAverageShsOutDil": 92484701,
    "link": "https://www.sec.gov/Archives/edgar/data/277135/000027713506000021/0000277135-06-000021-index.htm",
    "finalLink": "https://www.sec.gov/Archives/edgar/data/277135/000027713506000021/form10q12006.htm"
  },
  {
    "date": "2005-12-31",
    "symbol": "GWW",
    "reportedCurrency": "USD",
    "cik": "0000277135",
    "fillingDate": "2006-03-06",
    "acceptedDate": "2006-03-03 19:12:50",
    "calendarYear": "2005",
    "period": "Q4",
    "revenue": 1390606000,
    "costOfRevenue": 803232000,
    "grossProfit": 587374000,
    "grossProfitRatio": 0.4223870744,
    "researchAndDevelopmentExpenses": 0,
    "generalAndAdministrativeExpenses": 439622000,
    "sellingAndMarketingExpenses": 0,
    "sellingGeneralAndAdministrativeExpenses": 439622000,
    "otherExpenses": 0,
    "operatingExpenses": 439622000,
    "costAndExpenses": 1242854000,
    "interestIncome": 0,
    "interestExpense": 0,
    "depreciationAndAmortization": 29433000,
    "ebitda": 177185000,
    "ebitdaratio": 0.1274156735,
    "operatingIncome": 147752000,
    "operatingIncomeRatio": 0.1062500809,
    "totalOtherIncomeExpensesNet": 1263000,
    "incomeBeforeTax": 149015000,
    "incomeBeforeTaxRatio": 0.107158318,
    "incomeTaxExpense": 45181000,
    "netIncome": 103834000,
    "netIncomeRatio": 0.0746681663,
    "eps": 1.16,
    "epsdiluted": 1.16,
    "weightedAverageShsOut": 89325386,
    "weightedAverageShsOutDil": 89637735,
    "link": "https://www.sec.gov/Archives/edgar/data/277135/000027713506000013/0000277135-06-000013-index.htm",
    "finalLink": "https://www.sec.gov/Archives/edgar/data/277135/000027713506000013/form10k2005.htm"
  },
  {
    "date": "2005-09-30",
    "symbol": "GWW",
    "reportedCurrency": "USD",
    "cik": "0000277135",
    "fillingDate": "2005-11-02",
    "acceptedDate": "2005-11-02 15:29:14",
    "calendarYear": "2005",
    "period": "Q3",
    "revenue": 1428342000,
    "costOfRevenue": 880180000,
    "grossProfit": 548162000,
    "grossProfitRatio": 0.3837750343,
    "researchAndDevelopmentExpenses": 0,
    "generalAndAdministrativeExpenses": 412567000,
    "sellingAndMarketingExpenses": 0,
    "sellingGeneralAndAdministrativeExpenses": 412567000,
    "otherExpenses": 0,
    "operatingExpenses": 412567000,
    "costAndExpenses": 1292747000,
    "interestIncome": 0,
    "interestExpense": 0,
    "depreciationAndAmortization": 26553000,
    "ebitda": 162435000,
    "ebitdaratio": 0.1137227639,
    "operatingIncome": 135595000,
    "operatingIncomeRatio": 0.094931746,
    "totalOtherIncomeExpensesNet": 3785000,
    "incomeBeforeTax": 139380000,
    "incomeBeforeTaxRatio": 0.0975816716,
    "incomeTaxExpense": 51271000,
    "netIncome": 88109000,
    "netIncomeRatio": 0.0616862068,
    "eps": 0.98,
    "epsdiluted": 0.97,
    "weightedAverageShsOut": 89064690,
    "weightedAverageShsOutDil": 91130323,
    "link": "https://www.sec.gov/Archives/edgar/data/277135/000119312505214280/0001193125-05-214280-index.htm",
    "finalLink": "https://www.sec.gov/Archives/edgar/data/277135/000119312505214280/d10q.htm"
  },
  {
    "date": "2005-06-30",
    "symbol": "GWW",
    "reportedCurrency": "USD",
    "cik": "0000277135",
    "fillingDate": "2005-08-02",
    "acceptedDate": "2005-08-02 09:41:03",
    "calendarYear": "2005",
    "period": "Q2",
    "revenue": 1372808000,
    "costOfRevenue": 845679000,
    "grossProfit": 527129000,
    "grossProfitRatio": 0.3839786773,
    "researchAndDevelopmentExpenses": 0,
    "generalAndAdministrativeExpenses": 400163000,
    "sellingAndMarketingExpenses": 0,
    "sellingGeneralAndAdministrativeExpenses": 400163000,
    "otherExpenses": 0,
    "operatingExpenses": 400163000,
    "costAndExpenses": 1245842000,
    "interestIncome": 0,
    "interestExpense": 0,
    "depreciationAndAmortization": 26362000,
    "ebitda": 152555000,
    "ebitdaratio": 0.1111262464,
    "operatingIncome": 126966000,
    "operatingIncomeRatio": 0.0924863491,
    "totalOtherIncomeExpensesNet": 2017000,
    "incomeBeforeTax": 128983000,
    "incomeBeforeTaxRatio": 0.0939556005,
    "incomeTaxExpense": 47394000,
    "netIncome": 81589000,
    "netIncomeRatio": 0.0594322003,
    "eps": 0.91,
    "epsdiluted": 0.89,
    "weightedAverageShsOut": 89489470,
    "weightedAverageShsOutDil": 91080031,
    "link": "https://www.sec.gov/Archives/edgar/data/277135/000027713505000032/0000277135-05-000032-index.htm",
    "finalLink": "https://www.sec.gov/Archives/edgar/data/277135/000027713505000032/form10q2q2005.htm"
  },
  {
    "date": "2005-03-31",
    "symbol": "GWW",
    "reportedCurrency": "USD",
    "cik": "0000277135",
    "fillingDate": "2005-05-03",
    "acceptedDate": "2005-05-03 14:23:14",
    "calendarYear": "2005",
    "period": "Q1",
    "revenue": 1334880000,
    "costOfRevenue": 836004000,
    "grossProfit": 498876000,
    "grossProfitRatio": 0.3737234808,
    "researchAndDevelopmentExpenses": 0,
    "generalAndAdministrativeExpenses": 390200000,
    "sellingAndMarketingExpenses": 0,
    "sellingGeneralAndAdministrativeExpenses": 390200000,
    "otherExpenses": 0,
    "operatingExpenses": 390200000,
    "costAndExpenses": 1226204000,
    "interestIncome": 0,
    "interestExpense": 0,
    "depreciationAndAmortization": 26434000,
    "ebitda": 108676000,
    "ebitdaratio": 0.0814125614,
    "operatingIncome": 108676000,
    "operatingIncomeRatio": 0.0814125614,
    "totalOtherIncomeExpensesNet": 6620000,
    "incomeBeforeTax": 115296000,
    "incomeBeforeTaxRatio": 0.0863718087,
    "incomeTaxExpense": 42504000,
    "netIncome": 72792000,
    "netIncomeRatio": 0.0545307443,
    "eps": 0.81,
    "epsdiluted": 0.79,
    "weightedAverageShsOut": 90395437,
    "weightedAverageShsOutDil": 92460093,
    "link": "https://www.sec.gov/Archives/edgar/data/277135/000027713505000024/0000277135-05-000024-index.htm",
    "finalLink": "https://www.sec.gov/Archives/edgar/data/277135/000027713505000024/form10q1q2005.htm"
  },
  {
    "date": "2004-12-31",
    "symbol": "GWW",
    "reportedCurrency": "USD",
    "cik": "0000277135",
    "fillingDate": "2005-02-28",
    "acceptedDate": "2005-02-28 16:22:08",
    "calendarYear": "2004",
    "period": "Q4",
    "revenue": 1264955000,
    "costOfRevenue": 744878000,
    "grossProfit": 520077000,
    "grossProfitRatio": 0.4111426889,
    "researchAndDevelopmentExpenses": 0,
    "generalAndAdministrativeExpenses": 395856000,
    "sellingAndMarketingExpenses": 0,
    "sellingGeneralAndAdministrativeExpenses": 395856000,
    "otherExpenses": 0,
    "operatingExpenses": 395856000,
    "costAndExpenses": 1140734000,
    "interestIncome": 0,
    "interestExpense": 0,
    "depreciationAndAmortization": 21917000,
    "ebitda": 146138000,
    "ebitdaratio": 0.1155282204,
    "operatingIncome": 124447000,
    "operatingIncomeRatio": 0.0983805748,
    "totalOtherIncomeExpensesNet": -154866000,
    "incomeBeforeTax": 127797000,
    "incomeBeforeTaxRatio": 0.1010288904,
    "incomeTaxExpense": 37741000,
    "netIncome": 90056000,
    "netIncomeRatio": 0.0711930464,
    "eps": 1,
    "epsdiluted": 1,
    "weightedAverageShsOut": 90076399,
    "weightedAverageShsOutDil": 90395437,
    "link": "https://www.sec.gov/Archives/edgar/data/277135/000027713505000008/0000277135-05-000008-index.htm",
    "finalLink": "https://www.sec.gov/Archives/edgar/data/277135/000027713505000008/form10k2004.htm"
  },
  {
    "date": "2004-09-30",
    "symbol": "GWW",
    "reportedCurrency": "USD",
    "cik": "0000277135",
    "fillingDate": "2004-11-04",
    "acceptedDate": "2004-11-04 10:13:08",
    "calendarYear": "2004",
    "period": "Q3",
    "revenue": 1301057000,
    "costOfRevenue": 821774000,
    "grossProfit": 479283000,
    "grossProfitRatio": 0.3683797097,
    "researchAndDevelopmentExpenses": 0,
    "generalAndAdministrativeExpenses": 371839000,
    "sellingAndMarketingExpenses": 0,
    "sellingGeneralAndAdministrativeExpenses": 371839000,
    "otherExpenses": 0,
    "operatingExpenses": 371839000,
    "costAndExpenses": 1193613000,
    "interestIncome": 0,
    "interestExpense": 0,
    "depreciationAndAmortization": 25643000,
    "ebitda": 107444000,
    "ebitdaratio": 0.0825820852,
    "operatingIncome": 107444000,
    "operatingIncomeRatio": 0.0825820852,
    "totalOtherIncomeExpensesNet": 1422000,
    "incomeBeforeTax": 108866000,
    "incomeBeforeTaxRatio": 0.0836750427,
    "incomeTaxExpense": 41177000,
    "netIncome": 67689000,
    "netIncomeRatio": 0.0520261603,
    "eps": 0.75,
    "epsdiluted": 0.74,
    "weightedAverageShsOut": 90295071,
    "weightedAverageShsOutDil": 91691179,
    "link": "https://www.sec.gov/Archives/edgar/data/277135/000027713504000029/0000277135-04-000029-index.htm",
    "finalLink": "https://www.sec.gov/Archives/edgar/data/277135/000027713504000029/form10q3q2004.htm"
  },
  {
    "date": "2004-06-30",
    "symbol": "GWW",
    "reportedCurrency": "USD",
    "cik": "0000277135",
    "fillingDate": "2004-08-06",
    "acceptedDate": "2004-08-06 10:14:09",
    "calendarYear": "2004",
    "period": "Q2",
    "revenue": 1255974000,
    "costOfRevenue": 796147000,
    "grossProfit": 459827000,
    "grossProfitRatio": 0.3661118781,
    "researchAndDevelopmentExpenses": 0,
    "generalAndAdministrativeExpenses": 352936000,
    "sellingAndMarketingExpenses": 0,
    "sellingGeneralAndAdministrativeExpenses": 352936000,
    "otherExpenses": 0,
    "operatingExpenses": 352936000,
    "costAndExpenses": 1149083000,
    "interestIncome": 0,
    "interestExpense": 0,
    "depreciationAndAmortization": 24343000,
    "ebitda": 106891000,
    "ebitdaratio": 0.0851060611,
    "operatingIncome": 106891000,
    "operatingIncomeRatio": 0.0851060611,
    "totalOtherIncomeExpensesNet": 472000,
    "incomeBeforeTax": 107363000,
    "incomeBeforeTaxRatio": 0.0854818651,
    "incomeTaxExpense": 40744000,
    "netIncome": 66619000,
    "netIncomeRatio": 0.0530417031,
    "eps": 0.74,
    "epsdiluted": 0.72,
    "weightedAverageShsOut": 90236332,
    "weightedAverageShsOutDil": 91723607,
    "link": "https://www.sec.gov/Archives/edgar/data/277135/000027713504000022/0000277135-04-000022-index.htm",
    "finalLink": "https://www.sec.gov/Archives/edgar/data/277135/000027713504000022/form10q2q2004.htm"
  },
  {
    "date": "2004-03-31",
    "symbol": "GWW",
    "reportedCurrency": "USD",
    "cik": "0000277135",
    "fillingDate": "2004-05-07",
    "acceptedDate": "2004-05-07 11:02:38",
    "calendarYear": "2004",
    "period": "Q1",
    "revenue": 1227799000,
    "costOfRevenue": 780334000,
    "grossProfit": 447465000,
    "grossProfitRatio": 0.3644448318,
    "researchAndDevelopmentExpenses": 0,
    "generalAndAdministrativeExpenses": 346717000,
    "sellingAndMarketingExpenses": 0,
    "sellingGeneralAndAdministrativeExpenses": 346717000,
    "otherExpenses": 0,
    "operatingExpenses": 346717000,
    "costAndExpenses": 1127051000,
    "interestIncome": 0,
    "interestExpense": 0,
    "depreciationAndAmortization": 26353000,
    "ebitda": 100748000,
    "ebitdaratio": 0.0820557762,
    "operatingIncome": 100748000,
    "operatingIncomeRatio": 0.0820557762,
    "totalOtherIncomeExpensesNet": 365000,
    "incomeBeforeTax": 101113000,
    "incomeBeforeTaxRatio": 0.0823530562,
    "incomeTaxExpense": 38554000,
    "netIncome": 62559000,
    "netIncomeRatio": 0.050952151,
    "eps": 0.69,
    "epsdiluted": 0.69,
    "weightedAverageShsOut": 90219290,
    "weightedAverageShsOutDil": 91273433,
    "link": "https://www.sec.gov/Archives/edgar/data/277135/000027713504000016/0000277135-04-000016-index.htm",
    "finalLink": "https://www.sec.gov/Archives/edgar/data/277135/000027713504000016/form10q1q2004.htm"
  },
  {
    "date": "2003-12-31",
    "symbol": "GWW",
    "reportedCurrency": "USD",
    "cik": "0000277135",
    "fillingDate": "2004-03-10",
    "acceptedDate": "2004-03-10 16:27:20",
    "calendarYear": "2003",
    "period": "Q4",
    "revenue": 1154415000,
    "costOfRevenue": 728405000,
    "grossProfit": 426010000,
    "grossProfitRatio": 0.3690267365,
    "researchAndDevelopmentExpenses": 0,
    "generalAndAdministrativeExpenses": 317821000,
    "sellingAndMarketingExpenses": 0,
    "sellingGeneralAndAdministrativeExpenses": 317821000,
    "otherExpenses": 0,
    "operatingExpenses": 317821000,
    "costAndExpenses": 1046226000,
    "interestIncome": 3347000,
    "interestExpense": 4304000,
    "depreciationAndAmortization": 18598000,
    "ebitda": 126787000,
    "ebitdaratio": 0.1098279215,
    "operatingIncome": 108753000,
    "operatingIncomeRatio": 0.0942061564,
    "totalOtherIncomeExpensesNet": -4304000,
    "incomeBeforeTax": 104449000,
    "incomeBeforeTaxRatio": 0.0904778611,
    "incomeTaxExpense": 42711000,
    "netIncome": 61738000,
    "netIncomeRatio": 0.0534799011,
    "eps": 0.68,
    "epsdiluted": 0.68,
    "weightedAverageShsOut": 90219290,
    "weightedAverageShsOutDil": 90219290,
    "link": "https://www.sec.gov/Archives/edgar/data/277135/000027713504000007/0000277135-04-000007-index.htm",
    "finalLink": "https://www.sec.gov/Archives/edgar/data/277135/000027713504000007/form10k2003.htm"
  },
  {
    "date": "2003-09-30",
    "symbol": "GWW",
    "reportedCurrency": "USD",
    "cik": "0000277135",
    "fillingDate": "2003-11-12",
    "acceptedDate": "2003-11-12 13:08:48",
    "calendarYear": "2003",
    "period": "Q3",
    "revenue": 1200669000,
    "costOfRevenue": 786530000,
    "grossProfit": 414139000,
    "grossProfitRatio": 0.3449235385,
    "researchAndDevelopmentExpenses": 0,
    "generalAndAdministrativeExpenses": 319818000,
    "sellingAndMarketingExpenses": 0,
    "sellingGeneralAndAdministrativeExpenses": 319818000,
    "otherExpenses": 0,
    "operatingExpenses": 319818000,
    "costAndExpenses": 1106348000,
    "interestIncome": 0,
    "interestExpense": 0,
    "depreciationAndAmortization": 22182000,
    "ebitda": 94321000,
    "ebitdaratio": 0.0785570378,
    "operatingIncome": 94321000,
    "operatingIncomeRatio": 0.0785570378,
    "totalOtherIncomeExpensesNet": -37485000,
    "incomeBeforeTax": 94763000,
    "incomeBeforeTaxRatio": 0.0789251659,
    "incomeTaxExpense": 37927000,
    "netIncome": 56836000,
    "netIncomeRatio": 0.047336943,
    "eps": 0.63,
    "epsdiluted": 0.62,
    "weightedAverageShsOut": 90650797,
    "weightedAverageShsOutDil": 92524441,
    "link": "https://www.sec.gov/Archives/edgar/data/277135/000027713503000020/0000277135-03-000020-index.htm",
    "finalLink": "https://www.sec.gov/Archives/edgar/data/277135/000027713503000020/form10q3q2003.htm"
  },
  {
    "date": "2003-06-30",
    "symbol": "GWW",
    "reportedCurrency": "USD",
    "cik": "0000277135",
    "fillingDate": "2003-08-12",
    "acceptedDate": "2003-08-12 10:37:54",
    "calendarYear": "2003",
    "period": "Q2",
    "revenue": 1172661000,
    "costOfRevenue": 768589000,
    "grossProfit": 404072000,
    "grossProfitRatio": 0.344576992,
    "researchAndDevelopmentExpenses": 0,
    "generalAndAdministrativeExpenses": 311292000,
    "sellingAndMarketingExpenses": 0,
    "sellingGeneralAndAdministrativeExpenses": 311292000,
    "otherExpenses": 0,
    "operatingExpenses": 311292000,
    "costAndExpenses": 1079881000,
    "interestIncome": 0,
    "interestExpense": 0,
    "depreciationAndAmortization": 24577000,
    "ebitda": 92780000,
    "ebitdaratio": 0.0791191998,
    "operatingIncome": 92780000,
    "operatingIncomeRatio": 0.0791191998,
    "totalOtherIncomeExpensesNet": -36787000,
    "incomeBeforeTax": 93834000,
    "incomeBeforeTaxRatio": 0.0800180103,
    "incomeTaxExpense": 37841000,
    "netIncome": 55993000,
    "netIncomeRatio": 0.0477486673,
    "eps": 0.61,
    "epsdiluted": 0.6,
    "weightedAverageShsOut": 90834004,
    "weightedAverageShsOutDil": 92369529,
    "link": "https://www.sec.gov/Archives/edgar/data/277135/000027713503000017/0000277135-03-000017-index.htm",
    "finalLink": "https://www.sec.gov/Archives/edgar/data/277135/000027713503000017/form10q2q2003.htm"
  },
  {
    "date": "2003-03-31",
    "symbol": "GWW",
    "reportedCurrency": "USD",
    "cik": "0000277135",
    "fillingDate": "2003-05-13",
    "acceptedDate": "2003-05-13 10:09:55",
    "calendarYear": "2003",
    "period": "Q1",
    "revenue": 1139269000,
    "costOfRevenue": 745413000,
    "grossProfit": 393856000,
    "grossProfitRatio": 0.3457093979,
    "researchAndDevelopmentExpenses": 0,
    "generalAndAdministrativeExpenses": 302449000,
    "sellingAndMarketingExpenses": 0,
    "sellingGeneralAndAdministrativeExpenses": 302449000,
    "otherExpenses": 0,
    "operatingExpenses": 302449000,
    "costAndExpenses": 1047862000,
    "interestIncome": 0,
    "interestExpense": 3363000,
    "depreciationAndAmortization": 24896000,
    "ebitda": 116303000,
    "ebitdaratio": 0.1020856356,
    "operatingIncome": 91407000,
    "operatingIncomeRatio": 0.0802330266,
    "totalOtherIncomeExpensesNet": -3363000,
    "incomeBeforeTax": 88044000,
    "incomeBeforeTaxRatio": 0.0772811338,
    "incomeTaxExpense": 35640000,
    "netIncome": 52404000,
    "netIncomeRatio": 0.0459979162,
    "eps": 0.58,
    "epsdiluted": 0.57,
    "weightedAverageShsOut": 90865346,
    "weightedAverageShsOutDil": 92584753,
    "link": "https://www.sec.gov/Archives/edgar/data/277135/000027713503000011/0000277135-03-000011-index.htm",
    "finalLink": "https://www.sec.gov/Archives/edgar/data/277135/000027713503000011/form10q01q2003.htm"
  },
  {
    "date": "2002-12-31",
    "symbol": "GWW",
    "reportedCurrency": "USD",
    "cik": "0000277135",
    "fillingDate": "2003-03-20",
    "acceptedDate": "2003-03-20 08:40:11",
    "calendarYear": "2002",
    "period": "Q4",
    "revenue": 1120441000,
    "costOfRevenue": 707380000,
    "grossProfit": 413061000,
    "grossProfitRatio": 0.3686593047,
    "researchAndDevelopmentExpenses": 0,
    "generalAndAdministrativeExpenses": 306259000,
    "sellingAndMarketingExpenses": 0,
    "sellingGeneralAndAdministrativeExpenses": 306259000,
    "otherExpenses": 0,
    "operatingExpenses": 306259000,
    "costAndExpenses": 1013639000,
    "interestIncome": 0,
    "interestExpense": 2897000,
    "depreciationAndAmortization": 22522000,
    "ebitda": 129324000,
    "ebitdaratio": 0.1154224096,
    "operatingIncome": 108741000,
    "operatingIncomeRatio": 0.0970519644,
    "totalOtherIncomeExpensesNet": -2897000,
    "incomeBeforeTax": 105844000,
    "incomeBeforeTaxRatio": 0.0944663753,
    "incomeTaxExpense": 43266000,
    "netIncome": 62578000,
    "netIncomeRatio": 0.0558512229,
    "eps": 0.69,
    "epsdiluted": 0.69,
    "weightedAverageShsOut": 90687015,
    "weightedAverageShsOutDil": 90865346,
    "link": "https://www.sec.gov/Archives/edgar/data/277135/000027713503000003/0000277135-03-000003-index.htm",
    "finalLink": "https://www.sec.gov/Archives/edgar/data/277135/000027713503000003/form10k2002.htm"
  },
  {
    "date": "2002-09-30",
    "symbol": "GWW",
    "reportedCurrency": "USD",
    "cik": "0000277135",
    "fillingDate": "2002-11-12",
    "acceptedDate": "2002-11-12 09:24:57",
    "calendarYear": "2002",
    "period": "Q3",
    "revenue": 1203400000,
    "costOfRevenue": 800840000,
    "grossProfit": 402560000,
    "grossProfitRatio": 0.3345188632,
    "researchAndDevelopmentExpenses": 0,
    "generalAndAdministrativeExpenses": 302370000,
    "sellingAndMarketingExpenses": 0,
    "sellingGeneralAndAdministrativeExpenses": 302370000,
    "otherExpenses": 0,
    "operatingExpenses": 302370000,
    "costAndExpenses": 1103210000,
    "interestIncome": 0,
    "interestExpense": 0,
    "depreciationAndAmortization": 23186000,
    "ebitda": 100190000,
    "ebitdaratio": 0.0832557753,
    "operatingIncome": 100190000,
    "operatingIncomeRatio": 0.0832557753,
    "totalOtherIncomeExpensesNet": 1100000,
    "incomeBeforeTax": 101290000,
    "incomeBeforeTaxRatio": 0.0841698521,
    "incomeTaxExpense": 41337000,
    "netIncome": 59953000,
    "netIncomeRatio": 0.0498196776,
    "eps": 0.65,
    "epsdiluted": 0.64,
    "weightedAverageShsOut": 91871851,
    "weightedAverageShsOutDil": 93589859,
    "link": "https://www.sec.gov/Archives/edgar/data/277135/000027713502000028/0000277135-02-000028-index.htm",
    "finalLink": "https://www.sec.gov/Archives/edgar/data/277135/000027713502000028/form10q03q2002.htm"
  },
  {
    "date": "2002-06-30",
    "symbol": "GWW",
    "reportedCurrency": "USD",
    "cik": "0000277135",
    "fillingDate": "2002-08-13",
    "acceptedDate": "2002-08-13 14:55:56",
    "calendarYear": "2002",
    "period": "Q2",
    "revenue": 1194792000,
    "costOfRevenue": 795230000,
    "grossProfit": 399562000,
    "grossProfitRatio": 0.3344197149,
    "researchAndDevelopmentExpenses": 0,
    "generalAndAdministrativeExpenses": 305298000,
    "sellingAndMarketingExpenses": 0,
    "sellingGeneralAndAdministrativeExpenses": 305298000,
    "otherExpenses": 0,
    "operatingExpenses": 305298000,
    "costAndExpenses": 1100528000,
    "interestIncome": 917000,
    "interestExpense": 2299000,
    "depreciationAndAmortization": 23596000,
    "ebitda": 94264000,
    "ebitdaratio": 0.0788957408,
    "operatingIncome": 94264000,
    "operatingIncomeRatio": 0.0788957408,
    "totalOtherIncomeExpensesNet": -2299000,
    "incomeBeforeTax": 91965000,
    "incomeBeforeTaxRatio": 0.0769715566,
    "incomeTaxExpense": 37466000,
    "netIncome": 54499000,
    "netIncomeRatio": 0.0456137972,
    "eps": 0.59,
    "epsdiluted": 0.57,
    "weightedAverageShsOut": 92751999,
    "weightedAverageShsOutDil": 95384343,
    "link": "https://www.sec.gov/Archives/edgar/data/277135/000027713502000019/0000277135-02-000019-index.htm",
    "finalLink": "https://www.sec.gov/Archives/edgar/data/277135/000027713502000019/form10q02q2002.htm"
  },
  {
    "date": "2002-03-31",
    "symbol": "GWW",
    "reportedCurrency": "USD",
    "cik": "0000277135",
    "fillingDate": "2002-05-13",
    "acceptedDate": "2002-05-13 11:03:57",
    "calendarYear": "2002",
    "period": "Q1",
    "revenue": 1125265000,
    "costOfRevenue": 742236000,
    "grossProfit": 383029000,
    "grossProfitRatio": 0.3403900415,
    "researchAndDevelopmentExpenses": 0,
    "generalAndAdministrativeExpenses": 293069000,
    "sellingAndMarketingExpenses": 0,
    "sellingGeneralAndAdministrativeExpenses": 293069000,
    "otherExpenses": 0,
    "operatingExpenses": 293069000,
    "costAndExpenses": 1035305000,
    "interestIncome": 0,
    "interestExpense": 0,
    "depreciationAndAmortization": 24184000,
    "ebitda": 114144000,
    "ebitdaratio": 0.1014374392,
    "operatingIncome": 89960000,
    "operatingIncomeRatio": 0.0799456128,
    "totalOtherIncomeExpensesNet": 8778000,
    "incomeBeforeTax": 98738000,
    "incomeBeforeTaxRatio": 0.0877464419,
    "incomeTaxExpense": 40280000,
    "netIncome": 58458000,
    "netIncomeRatio": 0.0519504295,
    "eps": 0.63,
    "epsdiluted": 0.61,
    "weightedAverageShsOut": 92618855,
    "weightedAverageShsOutDil": 95428131,
    "link": "https://www.sec.gov/Archives/edgar/data/277135/000027713502000006/0000277135-02-000006-index.htm",
    "finalLink": "https://www.sec.gov/Archives/edgar/data/277135/000027713502000006/form10q01q2002.htm"
  },
  {
    "date": "2001-12-31",
    "symbol": "GWW",
    "reportedCurrency": "USD",
    "cik": "0000277135",
    "fillingDate": "2002-03-20",
    "acceptedDate": "2002-03-20 00:00:00",
    "calendarYear": "2001",
    "period": "Q4",
    "revenue": 1110499000,
    "costOfRevenue": 706890000,
    "grossProfit": 403609000,
    "grossProfitRatio": 0.3634483237,
    "researchAndDevelopmentExpenses": 0,
    "generalAndAdministrativeExpenses": 298720000,
    "sellingAndMarketingExpenses": 0,
    "sellingGeneralAndAdministrativeExpenses": 298720000,
    "otherExpenses": 0,
    "operatingExpenses": 298720000,
    "costAndExpenses": 1005610000,
    "interestIncome": 0,
    "interestExpense": 902000,
    "depreciationAndAmortization": 27110000,
    "ebitda": 131999000,
    "ebitdaratio": 0.1188645825,
    "operatingIncome": 105819000,
    "operatingIncomeRatio": 0.095289595,
    "totalOtherIncomeExpensesNet": -902000,
    "incomeBeforeTax": 104917000,
    "incomeBeforeTaxRatio": 0.0944773476,
    "incomeTaxExpense": 43404000,
    "netIncome": 61513000,
    "netIncomeRatio": 0.0553922156,
    "eps": 0.66,
    "epsdiluted": 0.66,
    "weightedAverageShsOut": 92612478,
    "weightedAverageShsOutDil": 92618855,
    "link": "https://www.sec.gov/Archives/edgar/data/277135/000027713502000003/0000277135-02-000003-index.htm",
    "finalLink": "https://www.sec.gov/Archives/edgar/data/277135/000027713502000003/form10k2001.htm"
  },
  {
    "date": "2001-09-30",
    "symbol": "GWW",
    "reportedCurrency": "USD",
    "cik": "0000277135",
    "fillingDate": "2001-11-13",
    "acceptedDate": "2001-11-13 00:00:00",
    "calendarYear": "2001",
    "period": "Q3",
    "revenue": 1199358000,
    "costOfRevenue": 803507000,
    "grossProfit": 395851000,
    "grossProfitRatio": 0.3300524114,
    "researchAndDevelopmentExpenses": 0,
    "generalAndAdministrativeExpenses": 300474000,
    "sellingAndMarketingExpenses": 0,
    "sellingGeneralAndAdministrativeExpenses": 300474000,
    "otherExpenses": 0,
    "operatingExpenses": 300474000,
    "costAndExpenses": 1103981000,
    "interestIncome": 0,
    "interestExpense": 981000,
    "depreciationAndAmortization": 24841000,
    "ebitda": 120218000,
    "ebitdaratio": 0.1002352925,
    "operatingIncome": 95377000,
    "operatingIncomeRatio": 0.0795233783,
    "totalOtherIncomeExpensesNet": -981000,
    "incomeBeforeTax": 94396000,
    "incomeBeforeTaxRatio": 0.0787054407,
    "incomeTaxExpense": 38374000,
    "netIncome": 56022000,
    "netIncomeRatio": 0.0467099898,
    "eps": 0.6,
    "epsdiluted": 0.59,
    "weightedAverageShsOut": 93360391,
    "weightedAverageShsOutDil": 94905733,
    "link": "https://www.sec.gov/Archives/edgar/data/277135/000027713501500017/0000277135-01-500017-index.htm",
    "finalLink": "https://www.sec.gov/Archives/edgar/data/277135/000027713501500017/form10q03q2001.htm"
  },
  {
    "date": "2001-06-30",
    "symbol": "GWW",
    "reportedCurrency": "USD",
    "cik": "0000277135",
    "fillingDate": "2001-08-13",
    "acceptedDate": "2001-08-13 00:00:00",
    "calendarYear": "2001",
    "period": "Q2",
    "revenue": 1225040000,
    "costOfRevenue": 830124000,
    "grossProfit": 394916000,
    "grossProfitRatio": 0.3223698818,
    "researchAndDevelopmentExpenses": 0,
    "generalAndAdministrativeExpenses": 301228000,
    "sellingAndMarketingExpenses": 0,
    "sellingGeneralAndAdministrativeExpenses": 301228000,
    "otherExpenses": 0,
    "operatingExpenses": 301228000,
    "costAndExpenses": 1131352000,
    "interestIncome": 0,
    "interestExpense": 70526000,
    "depreciationAndAmortization": 25786000,
    "ebitda": 119474000,
    "ebitdaratio": 0.0975266114,
    "operatingIncome": 53688000,
    "operatingIncomeRatio": 0.0438255077,
    "totalOtherIncomeExpensesNet": -30526000,
    "incomeBeforeTax": 23162000,
    "incomeBeforeTaxRatio": 0.0189071377,
    "incomeTaxExpense": 8342000,
    "netIncome": 14820000,
    "netIncomeRatio": 0.0120975642,
    "eps": 0.16,
    "epsdiluted": 0.15,
    "weightedAverageShsOut": 93757352,
    "weightedAverageShsOutDil": 95252754,
    "link": "https://www.sec.gov/Archives/edgar/data/277135/000027713501500015/0000277135-01-500015-index.htm",
    "finalLink": "https://www.sec.gov/Archives/edgar/data/277135/000027713501500015/form10q02q2001.htm"
  },
  {
    "date": "2001-03-31",
    "symbol": "GWW",
    "reportedCurrency": "USD",
    "cik": "0000277135",
    "fillingDate": "2001-05-14",
    "acceptedDate": "2001-05-14 00:00:00",
    "calendarYear": "2001",
    "period": "Q1",
    "revenue": 1219420000,
    "costOfRevenue": 824509000,
    "grossProfit": 394911000,
    "grossProfitRatio": 0.3238515032,
    "researchAndDevelopmentExpenses": 0,
    "generalAndAdministrativeExpenses": 311222000,
    "sellingAndMarketingExpenses": 0,
    "sellingGeneralAndAdministrativeExpenses": 311222000,
    "otherExpenses": 0,
    "operatingExpenses": 311222000,
    "costAndExpenses": 1135731000,
    "interestIncome": 0,
    "interestExpense": 8884000,
    "depreciationAndAmortization": 25472000,
    "ebitda": 109161000,
    "ebitdaratio": 0.0895187876,
    "operatingIncome": 83689000,
    "operatingIncomeRatio": 0.0686301684,
    "totalOtherIncomeExpensesNet": -8884000,
    "incomeBeforeTax": 74805000,
    "incomeBeforeTaxRatio": 0.0613447377,
    "incomeTaxExpense": 32630000,
    "netIncome": 42175000,
    "netIncomeRatio": 0.0345861147,
    "eps": 0.45,
    "epsdiluted": 0.45,
    "weightedAverageShsOut": 93026308,
    "weightedAverageShsOutDil": 94297365,
    "link": "https://www.sec.gov/Archives/edgar/data/277135/000027713501500007/0000277135-01-500007-index.htm",
    "finalLink": "https://www.sec.gov/Archives/edgar/data/277135/000027713501500007/form10q1q2001.htm"
  },
  {
    "date": "2000-12-31",
    "symbol": "GWW",
    "reportedCurrency": "USD",
    "cik": "0000277135",
    "fillingDate": "2001-03-21",
    "acceptedDate": "2001-03-21 00:00:00",
    "calendarYear": "2000",
    "period": "Q4",
    "revenue": 1298098000,
    "costOfRevenue": 992109000,
    "grossProfit": 305989000,
    "grossProfitRatio": 0.2357210318,
    "researchAndDevelopmentExpenses": 0,
    "generalAndAdministrativeExpenses": 185848000,
    "sellingAndMarketingExpenses": 0,
    "sellingGeneralAndAdministrativeExpenses": 185848000,
    "otherExpenses": 24277000,
    "operatingExpenses": 210125000,
    "costAndExpenses": 1202234000,
    "interestIncome": 0,
    "interestExpense": 11064000,
    "depreciationAndAmortization": 24277000,
    "ebitda": 120141000,
    "ebitdaratio": 0.0925515639,
    "operatingIncome": 95864000,
    "operatingIncomeRatio": 0.0738495861,
    "totalOtherIncomeExpensesNet": -11064000,
    "incomeBeforeTax": 84800000,
    "incomeBeforeTaxRatio": 0.0653263467,
    "incomeTaxExpense": 36877000,
    "netIncome": 47923000,
    "netIncomeRatio": 0.0369178598,
    "eps": 0.52,
    "epsdiluted": 0.52,
    "weightedAverageShsOut": 92945478,
    "weightedAverageShsOutDil": 93026308,
    "link": "https://www.sec.gov/Archives/edgar/data/277135/000027713501000003/0000277135-01-000003-index.htm",
    "finalLink": "https://www.sec.gov/Archives/edgar/data/277135/000027713501000003/0000277135-01-000003-0001.htm"
  },
  {
    "date": "2000-09-30",
    "symbol": "GWW",
    "reportedCurrency": "USD",
    "cik": "0000277135",
    "fillingDate": "2000-11-13",
    "acceptedDate": "2000-11-13 00:00:00",
    "calendarYear": "2000",
    "period": "Q3",
    "revenue": 1241730000,
    "costOfRevenue": 767409000,
    "grossProfit": 474321000,
    "grossProfitRatio": 0.3819840062,
    "researchAndDevelopmentExpenses": 0,
    "generalAndAdministrativeExpenses": 356037000,
    "sellingAndMarketingExpenses": 0,
    "sellingGeneralAndAdministrativeExpenses": 356037000,
    "otherExpenses": 26706000,
    "operatingExpenses": 382743000,
    "costAndExpenses": 1150152000,
    "interestIncome": 0,
    "interestExpense": 7595000,
    "depreciationAndAmortization": 26706000,
    "ebitda": 118284000,
    "ebitdaratio": 0.0952574231,
    "operatingIncome": 91578000,
    "operatingIncomeRatio": 0.0737503322,
    "totalOtherIncomeExpensesNet": -7595000,
    "incomeBeforeTax": 83983000,
    "incomeBeforeTaxRatio": 0.0676338657,
    "incomeTaxExpense": 35876000,
    "netIncome": 48107000,
    "netIncomeRatio": 0.0387419165,
    "eps": 0.52,
    "epsdiluted": 0.51,
    "weightedAverageShsOut": 93097895,
    "weightedAverageShsOutDil": 94074751,
    "link": "https://www.sec.gov/Archives/edgar/data/277135/000027713500000015/0000277135-00-000015-index.htm",
    "finalLink": "https://www.sec.gov/Archives/edgar/data/277135/000027713500000015/0000277135-00-000015-0001.htm"
  },
  {
    "date": "2000-06-30",
    "symbol": "GWW",
    "reportedCurrency": "USD",
    "cik": "0000277135",
    "fillingDate": "2000-08-11",
    "acceptedDate": "2000-08-11 00:00:00",
    "calendarYear": "2000",
    "period": "Q2",
    "revenue": 1242022000,
    "costOfRevenue": 780601000,
    "grossProfit": 461421000,
    "grossProfitRatio": 0.3715079121,
    "researchAndDevelopmentExpenses": 0,
    "generalAndAdministrativeExpenses": 361562000,
    "sellingAndMarketingExpenses": 0,
    "sellingGeneralAndAdministrativeExpenses": 361562000,
    "otherExpenses": 26958000,
    "operatingExpenses": 388520000,
    "costAndExpenses": 1169121000,
    "interestIncome": 0,
    "interestExpense": 0,
    "depreciationAndAmortization": 26958000,
    "ebitda": 99859000,
    "ebitdaratio": 0.0804003472,
    "operatingIncome": 72901000,
    "operatingIncomeRatio": 0.0586954176,
    "totalOtherIncomeExpensesNet": 20648000,
    "incomeBeforeTax": 93549000,
    "incomeBeforeTaxRatio": 0.0753199219,
    "incomeTaxExpense": 37887000,
    "netIncome": 55662000,
    "netIncomeRatio": 0.0448156313,
    "eps": 0.6,
    "epsdiluted": 0.59,
    "weightedAverageShsOut": 93054100,
    "weightedAverageShsOutDil": 94447965,
    "link": "https://www.sec.gov/Archives/edgar/data/277135/000027713500000010/0000277135-00-000010-index.htm",
    "finalLink": "https://www.sec.gov/Archives/edgar/data/277135/000027713500000010/0000277135-00-000010-0001.txt"
  },
  {
    "date": "2000-03-31",
    "symbol": "GWW",
    "reportedCurrency": "USD",
    "cik": "0000277135",
    "fillingDate": "2000-05-11",
    "acceptedDate": "2000-05-11 00:00:00",
    "calendarYear": "2000",
    "period": "Q1",
    "revenue": 1195194000,
    "costOfRevenue": 744695000,
    "grossProfit": 450499000,
    "grossProfitRatio": 0.3769254196,
    "researchAndDevelopmentExpenses": 0,
    "generalAndAdministrativeExpenses": 346770000,
    "sellingAndMarketingExpenses": 0,
    "sellingGeneralAndAdministrativeExpenses": 346770000,
    "otherExpenses": 28952000,
    "operatingExpenses": 375722000,
    "costAndExpenses": 1120417000,
    "interestIncome": 0,
    "interestExpense": 5514000,
    "depreciationAndAmortization": 28952000,
    "ebitda": 103729000,
    "ebitdaratio": 0.086788421,
    "operatingIncome": 74777000,
    "operatingIncomeRatio": 0.0625647384,
    "totalOtherIncomeExpensesNet": -5514000,
    "incomeBeforeTax": 69263000,
    "incomeBeforeTaxRatio": 0.0579512615,
    "incomeTaxExpense": 28052000,
    "netIncome": 41211000,
    "netIncomeRatio": 0.0344805948,
    "eps": 0.44,
    "epsdiluted": 0.44,
    "weightedAverageShsOut": 92917780,
    "weightedAverageShsOutDil": 94416374,
    "link": "https://www.sec.gov/Archives/edgar/data/277135/000027713500000007/0000277135-00-000007-index.html",
    "finalLink": "https://www.sec.gov/Archives/edgar/data/277135/000027713500000007/"
  },
  {
    "date": "1999-12-31",
    "symbol": "GWW",
    "reportedCurrency": "USD",
    "cik": "0000277135",
    "fillingDate": "2000-03-22",
    "acceptedDate": "2000-03-22 00:00:00",
    "calendarYear": "1999",
    "period": "Q4",
    "revenue": 1121500000,
    "costOfRevenue": 686900000,
    "grossProfit": 434600000,
    "grossProfitRatio": 0.3875167187,
    "researchAndDevelopmentExpenses": 0,
    "generalAndAdministrativeExpenses": 357900000,
    "sellingAndMarketingExpenses": 0,
    "sellingGeneralAndAdministrativeExpenses": 357900000,
    "otherExpenses": 23500000,
    "operatingExpenses": 381400000,
    "costAndExpenses": 1068300000,
    "interestIncome": 0,
    "interestExpense": 6000000,
    "depreciationAndAmortization": 23500000,
    "ebitda": 76700000,
    "ebitdaratio": 0.0683905484,
    "operatingIncome": 53200000,
    "operatingIncomeRatio": 0.047436469,
    "totalOtherIncomeExpensesNet": -6000000,
    "incomeBeforeTax": 47200000,
    "incomeBeforeTaxRatio": 0.0420864913,
    "incomeTaxExpense": 19100000,
    "netIncome": 28100000,
    "netIncomeRatio": 0.0250557289,
    "eps": 0.3,
    "epsdiluted": 0.3,
    "weightedAverageShsOut": 92200443,
    "weightedAverageShsOutDil": 92917780,
    "link": "https://www.sec.gov/Archives/edgar/data/277135/000027713500000004/0000277135-00-000004-index.html",
    "finalLink": "https://www.sec.gov/Archives/edgar/data/277135/000027713500000004/"
  },
  {
    "date": "1999-09-30",
    "symbol": "GWW",
    "reportedCurrency": "USD",
    "cik": "0000277135",
    "fillingDate": "1999-11-12",
    "acceptedDate": "1999-11-12 00:00:00",
    "calendarYear": "1999",
    "period": "Q3",
    "revenue": 1175400000,
    "costOfRevenue": 726800000,
    "grossProfit": 448600000,
    "grossProfitRatio": 0.3816573082,
    "researchAndDevelopmentExpenses": 0,
    "generalAndAdministrativeExpenses": 342400000,
    "sellingAndMarketingExpenses": 0,
    "sellingGeneralAndAdministrativeExpenses": 342400000,
    "otherExpenses": 25900000,
    "operatingExpenses": 368300000,
    "costAndExpenses": 1095100000,
    "interestIncome": 0,
    "interestExpense": 3400000,
    "depreciationAndAmortization": 25900000,
    "ebitda": 106200000,
    "ebitdaratio": 0.0903522205,
    "operatingIncome": 80300000,
    "operatingIncomeRatio": 0.0683171686,
    "totalOtherIncomeExpensesNet": -3400000,
    "incomeBeforeTax": 76900000,
    "incomeBeforeTaxRatio": 0.0654245363,
    "incomeTaxExpense": 31100000,
    "netIncome": 45800000,
    "netIncomeRatio": 0.0389654586,
    "eps": 0.49,
    "epsdiluted": 0.49,
    "weightedAverageShsOut": 93469388,
    "weightedAverageShsOutDil": 93469388,
    "link": "https://www.sec.gov/Archives/edgar/data/277135/000027713599000017/0000277135-99-000017-index.html",
    "finalLink": "https://www.sec.gov/Archives/edgar/data/277135/000027713599000017/"
  },
  {
    "date": "1999-06-30",
    "symbol": "GWW",
    "reportedCurrency": "USD",
    "cik": "0000277135",
    "fillingDate": "1999-08-13",
    "acceptedDate": "1999-08-13 00:00:00",
    "calendarYear": "1999",
    "period": "Q2",
    "revenue": 1146200000,
    "costOfRevenue": 705600000,
    "grossProfit": 440600000,
    "grossProfitRatio": 0.3844006282,
    "researchAndDevelopmentExpenses": 0,
    "generalAndAdministrativeExpenses": 328500000,
    "sellingAndMarketingExpenses": 0,
    "sellingGeneralAndAdministrativeExpenses": 328500000,
    "otherExpenses": 24600000,
    "operatingExpenses": 353100000,
    "costAndExpenses": 1058700000,
    "interestIncome": 0,
    "interestExpense": 2500000,
    "depreciationAndAmortization": 24600000,
    "ebitda": 112075000,
    "ebitdaratio": 0.0977796196,
    "operatingIncome": 87500000,
    "operatingIncomeRatio": 0.0763392078,
    "totalOtherIncomeExpensesNet": -2475000,
    "incomeBeforeTax": 85000000,
    "incomeBeforeTaxRatio": 0.0741580876,
    "incomeTaxExpense": 34400000,
    "netIncome": 50600000,
    "netIncomeRatio": 0.0441458733,
    "eps": 0.54,
    "epsdiluted": 0.53,
    "weightedAverageShsOut": 93703704,
    "weightedAverageShsOutDil": 95471698,
    "link": "https://www.sec.gov/Archives/edgar/data/277135/000027713599000013/0000277135-99-000013-index.html",
    "finalLink": "https://www.sec.gov/Archives/edgar/data/277135/000027713599000013/"
  },
  {
    "date": "1999-03-31",
    "symbol": "GWW",
    "reportedCurrency": "USD",
    "cik": "0000277135",
    "fillingDate": "1999-05-12",
    "acceptedDate": "1999-05-12 00:00:00",
    "calendarYear": "1999",
    "period": "Q1",
    "revenue": 1090800000,
    "costOfRevenue": 663800000,
    "grossProfit": 427000000,
    "grossProfitRatio": 0.3914558122,
    "researchAndDevelopmentExpenses": 0,
    "generalAndAdministrativeExpenses": 306600000,
    "sellingAndMarketingExpenses": 0,
    "sellingGeneralAndAdministrativeExpenses": 306600000,
    "otherExpenses": 24200000,
    "operatingExpenses": 330800000,
    "costAndExpenses": 994600000,
    "interestIncome": 0,
    "interestExpense": 1600000,
    "depreciationAndAmortization": 24200000,
    "ebitda": 120400000,
    "ebitdaratio": 0.1103777044,
    "operatingIncome": 96200000,
    "operatingIncomeRatio": 0.0881921525,
    "totalOtherIncomeExpensesNet": -1600000,
    "incomeBeforeTax": 94600000,
    "incomeBeforeTaxRatio": 0.0867253392,
    "incomeTaxExpense": 38300000,
    "netIncome": 56300000,
    "netIncomeRatio": 0.0516134947,
    "eps": 0.61,
    "epsdiluted": 0.6,
    "weightedAverageShsOut": 92295082,
    "weightedAverageShsOutDil": 93833333,
    "link": "https://www.sec.gov/Archives/edgar/data/277135/000027713599000008/0000277135-99-000008-index.html",
    "finalLink": "https://www.sec.gov/Archives/edgar/data/277135/"
  },
  {
    "date": "1998-12-31",
    "symbol": "GWW",
    "reportedCurrency": "USD",
    "cik": "0000277135",
    "fillingDate": "1999-03-26",
    "acceptedDate": "1999-03-26 00:00:00",
    "calendarYear": "1998",
    "period": "Q4",
    "revenue": 1045200000,
    "costOfRevenue": 626200000,
    "grossProfit": 419000000,
    "grossProfitRatio": 0.4008802143,
    "researchAndDevelopmentExpenses": 0,
    "generalAndAdministrativeExpenses": 291900000,
    "sellingAndMarketingExpenses": 0,
    "sellingGeneralAndAdministrativeExpenses": 291900000,
    "otherExpenses": 13700000,
    "operatingExpenses": 305600000,
    "costAndExpenses": 931800000,
    "interestIncome": 0,
    "interestExpense": 2500000,
    "depreciationAndAmortization": 13700000,
    "ebitda": 127100000,
    "ebitdaratio": 0.1216035209,
    "operatingIncome": 113400000,
    "operatingIncomeRatio": 0.1084959816,
    "totalOtherIncomeExpensesNet": -2500000,
    "incomeBeforeTax": 110900000,
    "incomeBeforeTaxRatio": 0.1061040949,
    "incomeTaxExpense": 44900000,
    "netIncome": 66000000,
    "netIncomeRatio": 0.0631458094,
    "eps": 0.72,
    "epsdiluted": 0.72,
    "weightedAverageShsOut": 92295082,
    "weightedAverageShsOutDil": 92295082,
    "link": "https://www.sec.gov/Archives/edgar/data/277135/000027713599000003/0000277135-99-000003-index.html",
    "finalLink": "https://www.sec.gov/Archives/edgar/data/277135/"
  },
  {
    "date": "1998-09-30",
    "symbol": "GWW",
    "reportedCurrency": "USD",
    "cik": "0000277135",
    "fillingDate": "1998-11-12",
    "acceptedDate": "1998-11-12 00:00:00",
    "calendarYear": "1998",
    "period": "Q3",
    "revenue": 1120000000,
    "costOfRevenue": 693700000,
    "grossProfit": 426300000,
    "grossProfitRatio": 0.380625,
    "researchAndDevelopmentExpenses": 0,
    "generalAndAdministrativeExpenses": 309100000,
    "sellingAndMarketingExpenses": 0,
    "sellingGeneralAndAdministrativeExpenses": 309100000,
    "otherExpenses": 21000000,
    "operatingExpenses": 330100000,
    "costAndExpenses": 1023800000,
    "interestIncome": 0,
    "interestExpense": 1900000,
    "depreciationAndAmortization": 21000000,
    "ebitda": 117200000,
    "ebitdaratio": 0.1046428571,
    "operatingIncome": 96200000,
    "operatingIncomeRatio": 0.0858928571,
    "totalOtherIncomeExpensesNet": -1900000,
    "incomeBeforeTax": 94300000,
    "incomeBeforeTaxRatio": 0.0841964286,
    "incomeTaxExpense": 38200000,
    "netIncome": 56100000,
    "netIncomeRatio": 0.0500892857,
    "eps": 0.58,
    "epsdiluted": 0.57,
    "weightedAverageShsOut": 96724138,
    "weightedAverageShsOutDil": 98421053,
    "link": "https://www.sec.gov/Archives/edgar/data/277135/000027713598000013/0000277135-98-000013-index.html",
    "finalLink": "https://www.sec.gov/Archives/edgar/data/277135/"
  },
  {
    "date": "1998-06-30",
    "symbol": "GWW",
    "reportedCurrency": "USD",
    "cik": "0000277135",
    "fillingDate": "1998-08-12",
    "acceptedDate": "1998-08-12 00:00:00",
    "calendarYear": "1998",
    "period": "Q2",
    "revenue": 1119000000,
    "costOfRevenue": 692600000,
    "grossProfit": 426400000,
    "grossProfitRatio": 0.381054513,
    "researchAndDevelopmentExpenses": 0,
    "generalAndAdministrativeExpenses": 301200000,
    "sellingAndMarketingExpenses": 0,
    "sellingGeneralAndAdministrativeExpenses": 301200000,
    "otherExpenses": 24400000,
    "operatingExpenses": 325600000,
    "costAndExpenses": 1018200000,
    "interestIncome": 0,
    "interestExpense": 1200000,
    "depreciationAndAmortization": 24400000,
    "ebitda": 125200000,
    "ebitdaratio": 0.1118856122,
    "operatingIncome": 100800000,
    "operatingIncomeRatio": 0.090080429,
    "totalOtherIncomeExpensesNet": -1200000,
    "incomeBeforeTax": 99600000,
    "incomeBeforeTaxRatio": 0.0890080429,
    "incomeTaxExpense": 40300000,
    "netIncome": 59300000,
    "netIncomeRatio": 0.0529937444,
    "eps": 0.61,
    "epsdiluted": 0.6,
    "weightedAverageShsOut": 97213115,
    "weightedAverageShsOutDil": 98833333,
    "link": "https://www.sec.gov/Archives/edgar/data/277135/000027713598000011/0000277135-98-000011-index.html",
    "finalLink": "https://www.sec.gov/Archives/edgar/data/277135/"
  },
  {
    "date": "1998-03-31",
    "symbol": "GWW",
    "reportedCurrency": "USD",
    "cik": "0000277135",
    "fillingDate": "1998-05-13",
    "acceptedDate": "1998-05-13 00:00:00",
    "calendarYear": "1998",
    "period": "Q1",
    "revenue": 1057100000,
    "costOfRevenue": 652200000,
    "grossProfit": 404900000,
    "grossProfitRatio": 0.3830290417,
    "researchAndDevelopmentExpenses": 0,
    "generalAndAdministrativeExpenses": 287600000,
    "sellingAndMarketingExpenses": 0,
    "sellingGeneralAndAdministrativeExpenses": 287600000,
    "otherExpenses": 19800000,
    "operatingExpenses": 307400000,
    "costAndExpenses": 959600000,
    "interestIncome": 0,
    "interestExpense": 1400000,
    "depreciationAndAmortization": 19800000,
    "ebitda": 119500000,
    "ebitdaratio": 0.1130451235,
    "operatingIncome": 97500000,
    "operatingIncomeRatio": 0.0922334689,
    "totalOtherIncomeExpensesNet": -1400000,
    "incomeBeforeTax": 96100000,
    "incomeBeforeTaxRatio": 0.0909090909,
    "incomeTaxExpense": 38900000,
    "netIncome": 57200000,
    "netIncomeRatio": 0.0541103018,
    "eps": 0.59,
    "epsdiluted": 0.58,
    "weightedAverageShsOut": 96949153,
    "weightedAverageShsOutDil": 98620690,
    "link": "https://www.sec.gov/Archives/edgar/data/277135/000027713598000009/0000277135-98-000009-index.html",
    "finalLink": "https://www.sec.gov/Archives/edgar/data/277135/"
  },
  {
    "date": "1997-12-31",
    "symbol": "GWW",
    "reportedCurrency": "USD",
    "cik": "0000277135",
    "fillingDate": "1998-03-24",
    "acceptedDate": "1998-03-24 00:00:00",
    "calendarYear": "1997",
    "period": "Q4",
    "revenue": 1032900000,
    "costOfRevenue": 616800000,
    "grossProfit": 416100000,
    "grossProfitRatio": 0.4028463549,
    "researchAndDevelopmentExpenses": 0,
    "generalAndAdministrativeExpenses": 289500000,
    "sellingAndMarketingExpenses": 0,
    "sellingGeneralAndAdministrativeExpenses": 289500000,
    "otherExpenses": 19300000,
    "operatingExpenses": 308800000,
    "costAndExpenses": 925600000,
    "interestIncome": 0,
    "interestExpense": 1100000,
    "depreciationAndAmortization": 19300000,
    "ebitda": 126600000,
    "ebitdaratio": 0.1225675283,
    "operatingIncome": 107300000,
    "operatingIncomeRatio": 0.1038822732,
    "totalOtherIncomeExpensesNet": -1100000,
    "incomeBeforeTax": 106200000,
    "incomeBeforeTaxRatio": 0.1028173105,
    "incomeTaxExpense": 43000000,
    "netIncome": 63200000,
    "netIncomeRatio": 0.0611869494,
    "eps": 0.65,
    "epsdiluted": 0.65,
    "weightedAverageShsOut": 96949153,
    "weightedAverageShsOutDil": 96949153,
    "link": "https://www.sec.gov/Archives/edgar/data/277135/000027713598000007/0000277135-98-000007-index.html",
    "finalLink": "https://www.sec.gov/Archives/edgar/data/277135/"
  },
  {
    "date": "1997-09-30",
    "symbol": "GWW",
    "reportedCurrency": "USD",
    "cik": "0000277135",
    "fillingDate": "1997-11-12",
    "acceptedDate": "1997-11-12 00:00:00",
    "calendarYear": "1997",
    "period": "Q3",
    "revenue": 1066900000,
    "costOfRevenue": 674300000,
    "grossProfit": 392600000,
    "grossProfitRatio": 0.3679820039,
    "researchAndDevelopmentExpenses": 0,
    "generalAndAdministrativeExpenses": 277300000,
    "sellingAndMarketingExpenses": 0,
    "sellingGeneralAndAdministrativeExpenses": 277300000,
    "otherExpenses": 19500000,
    "operatingExpenses": 296800000,
    "costAndExpenses": 971100000,
    "interestIncome": 0,
    "interestExpense": 900000,
    "depreciationAndAmortization": 19500000,
    "ebitda": 115300000,
    "ebitdaratio": 0.1080701097,
    "operatingIncome": 95800000,
    "operatingIncomeRatio": 0.0897928578,
    "totalOtherIncomeExpensesNet": -900000,
    "incomeBeforeTax": 94900000,
    "incomeBeforeTaxRatio": 0.0889492923,
    "incomeTaxExpense": 38400000,
    "netIncome": 56500000,
    "netIncomeRatio": 0.0529571656,
    "eps": 0.57,
    "epsdiluted": 0.56,
    "weightedAverageShsOut": 99122807,
    "weightedAverageShsOutDil": 100892857,
    "link": "https://www.sec.gov/Archives/edgar/data/277135/000027713597000013/0000277135-97-000013-index.html",
    "finalLink": "https://www.sec.gov/Archives/edgar/data/277135/"
  },
  {
    "date": "1997-06-30",
    "symbol": "GWW",
    "reportedCurrency": "USD",
    "cik": "0000277135",
    "fillingDate": "1997-08-12",
    "acceptedDate": "1997-08-12 00:00:00",
    "calendarYear": "1997",
    "period": "Q2",
    "revenue": 1051200000,
    "costOfRevenue": 660200000,
    "grossProfit": 391000000,
    "grossProfitRatio": 0.37195586,
    "researchAndDevelopmentExpenses": 0,
    "generalAndAdministrativeExpenses": 273000000,
    "sellingAndMarketingExpenses": 0,
    "sellingGeneralAndAdministrativeExpenses": 273000000,
    "otherExpenses": 20000000,
    "operatingExpenses": 293000000,
    "costAndExpenses": 953200000,
    "interestIncome": 0,
    "interestExpense": 1200000,
    "depreciationAndAmortization": 20000000,
    "ebitda": 118600000,
    "ebitdaratio": 0.1128234399,
    "operatingIncome": 98000000,
    "operatingIncomeRatio": 0.0932267884,
    "totalOtherIncomeExpensesNet": -1200000,
    "incomeBeforeTax": 96800000,
    "incomeBeforeTaxRatio": 0.0920852359,
    "incomeTaxExpense": 39200000,
    "netIncome": 57600000,
    "netIncomeRatio": 0.0547945205,
    "eps": 0.57,
    "epsdiluted": 0.57,
    "weightedAverageShsOut": 101052632,
    "weightedAverageShsOutDil": 101052632,
    "link": "https://www.sec.gov/Archives/edgar/data/277135/000027713597000007/0000277135-97-000007-index.html",
    "finalLink": "https://www.sec.gov/Archives/edgar/data/277135/"
  },
  {
    "date": "1997-03-31",
    "symbol": "GWW",
    "reportedCurrency": "USD",
    "cik": "0000277135",
    "fillingDate": "1997-05-13",
    "acceptedDate": "1997-05-13 00:00:00",
    "calendarYear": "1997",
    "period": "Q1",
    "revenue": 985600000,
    "costOfRevenue": 611400000,
    "grossProfit": 374200000,
    "grossProfitRatio": 0.3796672078,
    "researchAndDevelopmentExpenses": 0,
    "generalAndAdministrativeExpenses": 261300000,
    "sellingAndMarketingExpenses": 0,
    "sellingGeneralAndAdministrativeExpenses": 261300000,
    "otherExpenses": 20900000,
    "operatingExpenses": 282200000,
    "costAndExpenses": 893600000,
    "interestIncome": 0,
    "interestExpense": 200000,
    "depreciationAndAmortization": 20900000,
    "ebitda": 112900000,
    "ebitdaratio": 0.114549513,
    "operatingIncome": 92000000,
    "operatingIncomeRatio": 0.0933441558,
    "totalOtherIncomeExpensesNet": -200000,
    "incomeBeforeTax": 91800000,
    "incomeBeforeTaxRatio": 0.0931412338,
    "incomeTaxExpense": 37200000,
    "netIncome": 54600000,
    "netIncomeRatio": 0.0553977273,
    "eps": 0.53,
    "epsdiluted": 0.52,
    "weightedAverageShsOut": 103018868,
    "weightedAverageShsOutDil": 105000000,
    "link": "https://www.sec.gov/Archives/edgar/data/277135/000027713597000005/0000277135-97-000005-index.html",
    "finalLink": "https://www.sec.gov/Archives/edgar/data/277135/"
  },
  {
    "date": "1996-12-31",
    "symbol": "GWW",
    "reportedCurrency": "USD",
    "cik": "0000277135",
    "fillingDate": "1997-03-24",
    "acceptedDate": "1997-03-24 00:00:00",
    "calendarYear": "1996",
    "period": "Q4",
    "revenue": 904100000,
    "costOfRevenue": 547500000,
    "grossProfit": 356600000,
    "grossProfitRatio": 0.3944253954,
    "researchAndDevelopmentExpenses": 0,
    "generalAndAdministrativeExpenses": 244300000,
    "sellingAndMarketingExpenses": 0,
    "sellingGeneralAndAdministrativeExpenses": 244300000,
    "otherExpenses": 19000000,
    "operatingExpenses": 263300000,
    "costAndExpenses": 810800000,
    "interestIncome": 0,
    "interestExpense": 0,
    "depreciationAndAmortization": 19000000,
    "ebitda": 112300000,
    "ebitdaratio": 0.1242119235,
    "operatingIncome": 93300000,
    "operatingIncomeRatio": 0.1031965491,
    "totalOtherIncomeExpensesNet": 1600000,
    "incomeBeforeTax": 94900000,
    "incomeBeforeTaxRatio": 0.1049662648,
    "incomeTaxExpense": 38300000,
    "netIncome": 56600000,
    "netIncomeRatio": 0.0626036943,
    "eps": 0.55,
    "epsdiluted": 0.55,
    "weightedAverageShsOut": 102984603,
    "weightedAverageShsOutDil": 103018868,
    "link": "https://www.sec.gov/Archives/edgar/data/277135/000027713597000002/0000277135-97-000002-index.html",
    "finalLink": "https://www.sec.gov/Archives/edgar/data/277135/"
  },
  {
    "date": "1996-09-30",
    "symbol": "GWW",
    "reportedCurrency": "USD",
    "cik": "0000277135",
    "fillingDate": "1996-11-12",
    "acceptedDate": "1996-11-12 00:00:00",
    "calendarYear": "1996",
    "period": "Q3",
    "revenue": 901900000,
    "costOfRevenue": 565200000,
    "grossProfit": 336700000,
    "grossProfitRatio": 0.3733229848,
    "researchAndDevelopmentExpenses": 0,
    "generalAndAdministrativeExpenses": 233700000,
    "sellingAndMarketingExpenses": 0,
    "sellingGeneralAndAdministrativeExpenses": 233700000,
    "otherExpenses": 17100000,
    "operatingExpenses": 250800000,
    "costAndExpenses": 816000000,
    "interestIncome": 0,
    "interestExpense": 0,
    "depreciationAndAmortization": 17100000,
    "ebitda": 103000000,
    "ebitdaratio": 0.1142033485,
    "operatingIncome": 85900000,
    "operatingIncomeRatio": 0.0952433751,
    "totalOtherIncomeExpensesNet": 1500000,
    "incomeBeforeTax": 87400000,
    "incomeBeforeTaxRatio": 0.0969065307,
    "incomeTaxExpense": 35100000,
    "netIncome": 52300000,
    "netIncomeRatio": 0.0579886905,
    "eps": 0.51,
    "epsdiluted": 0.51,
    "weightedAverageShsOut": 102549020,
    "weightedAverageShsOutDil": 102549020,
    "link": "https://www.sec.gov/Archives/edgar/data/277135/000027713596000018/0000277135-96-000018-index.html",
    "finalLink": "https://www.sec.gov/Archives/edgar/data/277135/"
  },
  {
    "date": "1996-06-30",
    "symbol": "GWW",
    "reportedCurrency": "USD",
    "cik": "0000277135",
    "fillingDate": "1996-08-14",
    "acceptedDate": "1996-08-14 00:00:00",
    "calendarYear": "1996",
    "period": "Q2",
    "revenue": 888600000,
    "costOfRevenue": 560600000,
    "grossProfit": 328000000,
    "grossProfitRatio": 0.369119964,
    "researchAndDevelopmentExpenses": 0,
    "generalAndAdministrativeExpenses": 227200000,
    "sellingAndMarketingExpenses": 0,
    "sellingGeneralAndAdministrativeExpenses": 227200000,
    "otherExpenses": 18400000,
    "operatingExpenses": 245600000,
    "costAndExpenses": 806200000,
    "interestIncome": 0,
    "interestExpense": 0,
    "depreciationAndAmortization": 18400000,
    "ebitda": 100800000,
    "ebitdaratio": 0.113436867,
    "operatingIncome": 82400000,
    "operatingIncomeRatio": 0.0927301373,
    "totalOtherIncomeExpensesNet": 400000,
    "incomeBeforeTax": 82800000,
    "incomeBeforeTaxRatio": 0.0931802836,
    "incomeTaxExpense": 33300000,
    "netIncome": 49500000,
    "netIncomeRatio": 0.0557056043,
    "eps": 0.49,
    "epsdiluted": 0.48,
    "weightedAverageShsOut": 101020408,
    "weightedAverageShsOutDil": 103125000,
    "link": "https://www.sec.gov/Archives/edgar/data/277135/000027713596000013/0000277135-96-000013-index.html",
    "finalLink": "https://www.sec.gov/Archives/edgar/data/277135/"
  },
  {
    "date": "1996-03-31",
    "symbol": "GWW",
    "reportedCurrency": "USD",
    "cik": "0000277135",
    "fillingDate": "1996-05-13",
    "acceptedDate": "1996-05-13 00:00:00",
    "calendarYear": "1996",
    "period": "Q1",
    "revenue": 842600000,
    "costOfRevenue": 522400000,
    "grossProfit": 320200000,
    "grossProfitRatio": 0.3800142416,
    "researchAndDevelopmentExpenses": 0,
    "generalAndAdministrativeExpenses": 216500000,
    "sellingAndMarketingExpenses": 0,
    "sellingGeneralAndAdministrativeExpenses": 216500000,
    "otherExpenses": 19800000,
    "operatingExpenses": 236300000,
    "costAndExpenses": 758700000,
    "interestIncome": 0,
    "interestExpense": 100000,
    "depreciationAndAmortization": 19800000,
    "ebitda": 103700000,
    "ebitdaratio": 0.1230714455,
    "operatingIncome": 83900000,
    "operatingIncomeRatio": 0.099572751,
    "totalOtherIncomeExpensesNet": -100000,
    "incomeBeforeTax": 83800000,
    "incomeBeforeTaxRatio": 0.0994540707,
    "incomeTaxExpense": 33700000,
    "netIncome": 50100000,
    "netIncomeRatio": 0.0594588179,
    "eps": 0.49,
    "epsdiluted": 0.49,
    "weightedAverageShsOut": 102244898,
    "weightedAverageShsOutDil": 102244898,
    "link": "https://www.sec.gov/Archives/edgar/data/277135/000027713596000010/0000277135-96-000010-index.html",
    "finalLink": "https://www.sec.gov/Archives/edgar/data/277135/"
  },
  {
    "date": "1995-12-31",
    "symbol": "GWW",
    "reportedCurrency": "USD",
    "cik": "0000277135",
    "fillingDate": "1996-03-25",
    "acceptedDate": "1996-03-25 00:00:00",
    "calendarYear": "1995",
    "period": "Q4",
    "revenue": 806600000,
    "costOfRevenue": 487900000,
    "grossProfit": 318700000,
    "grossProfitRatio": 0.3951152988,
    "researchAndDevelopmentExpenses": 0,
    "generalAndAdministrativeExpenses": 215600000,
    "sellingAndMarketingExpenses": 0,
    "sellingGeneralAndAdministrativeExpenses": 215600000,
    "otherExpenses": 16500000,
    "operatingExpenses": 232100000,
    "costAndExpenses": 720000000,
    "interestIncome": 0,
    "interestExpense": 1000000,
    "depreciationAndAmortization": 16500000,
    "ebitda": 103100000,
    "ebitdaratio": 0.127820481,
    "operatingIncome": 86600000,
    "operatingIncomeRatio": 0.107364245,
    "totalOtherIncomeExpensesNet": -1000000,
    "incomeBeforeTax": 85600000,
    "incomeBeforeTaxRatio": 0.1061244731,
    "incomeTaxExpense": 34400000,
    "netIncome": 51200000,
    "netIncomeRatio": 0.0634763204,
    "eps": 0.5,
    "epsdiluted": 0.5,
    "weightedAverageShsOut": 100230467,
    "weightedAverageShsOutDil": 102244898,
    "link": "https://www.sec.gov/Archives/edgar/data/277135/000027713596000004/0000277135-96-000004-index.html",
    "finalLink": "https://www.sec.gov/Archives/edgar/data/277135/"
  },
  {
    "date": "1995-09-30",
    "symbol": "GWW",
    "reportedCurrency": "USD",
    "cik": "0000277135",
    "fillingDate": "1995-11-09",
    "acceptedDate": "1995-11-09 00:00:00",
    "calendarYear": "1995",
    "period": "Q3",
    "revenue": 850000000,
    "costOfRevenue": 532500000,
    "grossProfit": 317500000,
    "grossProfitRatio": 0.3735294118,
    "researchAndDevelopmentExpenses": 0,
    "generalAndAdministrativeExpenses": 216900000,
    "sellingAndMarketingExpenses": 0,
    "sellingGeneralAndAdministrativeExpenses": 216900000,
    "otherExpenses": 16500000,
    "operatingExpenses": 233400000,
    "costAndExpenses": 765900000,
    "interestIncome": 0,
    "interestExpense": 2000000,
    "depreciationAndAmortization": 16500000,
    "ebitda": 100600000,
    "ebitdaratio": 0.1183529412,
    "operatingIncome": 84100000,
    "operatingIncomeRatio": 0.0989411765,
    "totalOtherIncomeExpensesNet": -2000000,
    "incomeBeforeTax": 82100000,
    "incomeBeforeTaxRatio": 0.0965882353,
    "incomeTaxExpense": 33000000,
    "netIncome": 49100000,
    "netIncomeRatio": 0.0577647059,
    "eps": 0.48,
    "epsdiluted": 0.48,
    "weightedAverageShsOut": 102291667,
    "weightedAverageShsOutDil": 102291667,
    "link": "https://www.sec.gov/Archives/edgar/data/277135/000027713595000013/0000277135-95-000013-index.html",
    "finalLink": "https://www.sec.gov/Archives/edgar/data/277135/"
  }
]