[
  {
    "date": "2024-12-31",
    "symbol": "GWW",
    "reportedCurrency": "USD",
    "cik": "0000277135",
    "fillingDate": "2025-02-20",
    "acceptedDate": "2025-02-20 16:44:48",
    "calendarYear": "2024",
    "period": "FY",
    "revenue": 17168000000,
    "costOfRevenue": 10480000000,
    "grossProfit": 6688000000,
    "grossProfitRatio": 0.3895619758,
    "researchAndDevelopmentExpenses": 0,
    "generalAndAdministrativeExpenses": 3266000000,
    "sellingAndMarketingExpenses": 750000000,
    "sellingGeneralAndAdministrativeExpenses": 4016000000,
    "otherExpenses": 35000000,
    "operatingExpenses": 4051000000,
    "costAndExpenses": 14531000000,
    "interestIncome": 0,
    "interestExpense": 77000000,
    "depreciationAndAmortization": 237000000,
    "ebitda": 2898000000,
    "ebitdaratio": 0.1688024231,
    "operatingIncome": 2637000000,
    "operatingIncomeRatio": 0.1535997204,
    "totalOtherIncomeExpensesNet": -53000000,
    "incomeBeforeTax": 2584000000,
    "incomeBeforeTaxRatio": 0.1505125815,
    "incomeTaxExpense": 595000000,
    "netIncome": 1909000000,
    "netIncomeRatio": 0.111195247,
    "eps": 39.04,
    "epsdiluted": 38.71,
    "weightedAverageShsOut": 48900000,
    "weightedAverageShsOutDil": 49000000,
    "link": "https://www.sec.gov/Archives/edgar/data/277135/000027713525000010/0000277135-25-000010-index.htm",
    "finalLink": "https://www.sec.gov/Archives/edgar/data/277135/000027713525000010/gww-20241231.htm"
  },
  {
    "date": "2023-12-31",
    "symbol": "GWW",
    "reportedCurrency": "USD",
    "cik": "0000277135",
    "fillingDate": "2024-02-22",
    "acceptedDate": "2024-02-22 16:42:01",
    "calendarYear": "2023",
    "period": "FY",
    "revenue": 16478000000,
    "costOfRevenue": 9982000000,
    "grossProfit": 6496000000,
    "grossProfitRatio": 0.3942225998,
    "researchAndDevelopmentExpenses": 0,
    "generalAndAdministrativeExpenses": 3293000000,
    "sellingAndMarketingExpenses": 638000000,
    "sellingGeneralAndAdministrativeExpenses": 3931000000,
    "otherExpenses": 0,
    "operatingExpenses": 3931000000,
    "costAndExpenses": 13913000000,
    "interestIncome": 0,
    "interestExpense": 93000000,
    "depreciationAndAmortization": 214000000,
    "ebitda": 2807000000,
    "ebitdaratio": 0.1703483432,
    "operatingIncome": 2565000000,
    "operatingIncomeRatio": 0.1556620949,
    "totalOtherIncomeExpensesNet": -65000000,
    "incomeBeforeTax": 2500000000,
    "incomeBeforeTaxRatio": 0.1517174414,
    "incomeTaxExpense": 597000000,
    "netIncome": 1829000000,
    "netIncomeRatio": 0.1109964802,
    "eps": 36.65,
    "epsdiluted": 36.51,
    "weightedAverageShsOut": 49900000,
    "weightedAverageShsOutDil": 50100000,
    "link": "https://www.sec.gov/Archives/edgar/data/277135/000027713524000011/0000277135-24-000011-index.htm",
    "finalLink": "https://www.sec.gov/Archives/edgar/data/277135/000027713524000011/gww-20231231.htm"
  },
  {
    "date": "2022-12-31",
    "symbol": "GWW",
    "reportedCurrency": "USD",
    "cik": "0000277135",
    "fillingDate": "2023-02-21",
    "acceptedDate": "2023-02-21 16:52:21",
    "calendarYear": "2022",
    "period": "FY",
    "revenue": 15228000000,
    "costOfRevenue": 9379000000,
    "grossProfit": 5849000000,
    "grossProfitRatio": 0.384095088,
    "researchAndDevelopmentExpenses": 0,
    "generalAndAdministrativeExpenses": 3115000000,
    "sellingAndMarketingExpenses": 519000000,
    "sellingGeneralAndAdministrativeExpenses": 3634000000,
    "otherExpenses": 0,
    "operatingExpenses": 3634000000,
    "costAndExpenses": 13013000000,
    "interestIncome": 0,
    "interestExpense": 93000000,
    "depreciationAndAmortization": 200000000,
    "ebitda": 2404000000,
    "ebitdaratio": 0.1578670869,
    "operatingIncome": 2215000000,
    "operatingIncomeRatio": 0.1454557394,
    "totalOtherIncomeExpensesNet": -69000000,
    "incomeBeforeTax": 2146000000,
    "incomeBeforeTaxRatio": 0.1409246126,
    "incomeTaxExpense": 533000000,
    "netIncome": 1547000000,
    "netIncomeRatio": 0.1015891778,
    "eps": 30.39,
    "epsdiluted": 30.27,
    "weightedAverageShsOut": 50900000,
    "weightedAverageShsOutDil": 51100000,
    "link": "https://www.sec.gov/Archives/edgar/data/277135/000027713523000014/0000277135-23-000014-index.htm",
    "finalLink": "https://www.sec.gov/Archives/edgar/data/277135/000027713523000014/gww-20221231.htm"
  },
  {
    "date": "2021-12-31",
    "symbol": "GWW",
    "reportedCurrency": "USD",
    "cik": "0000277135",
    "fillingDate": "2022-02-23",
    "acceptedDate": "2022-02-23 17:11:12",
    "calendarYear": "2021",
    "period": "FY",
    "revenue": 13022000000,
    "costOfRevenue": 8302000000,
    "grossProfit": 4720000000,
    "grossProfitRatio": 0.3624635233,
    "researchAndDevelopmentExpenses": 0,
    "generalAndAdministrativeExpenses": 2771000000,
    "sellingAndMarketingExpenses": 402000000,
    "sellingGeneralAndAdministrativeExpenses": 3173000000,
    "otherExpenses": 0,
    "operatingExpenses": 3173000000,
    "costAndExpenses": 11475000000,
    "interestIncome": 0,
    "interestExpense": 87000000,
    "depreciationAndAmortization": 186000000,
    "ebitda": 1738000000,
    "ebitdaratio": 0.1334664414,
    "operatingIncome": 1547000000,
    "operatingIncomeRatio": 0.1187989556,
    "totalOtherIncomeExpensesNet": -62000000,
    "incomeBeforeTax": 1485000000,
    "incomeBeforeTaxRatio": 0.1140377822,
    "incomeTaxExpense": 371000000,
    "netIncome": 1043000000,
    "netIncomeRatio": 0.0800952235,
    "eps": 20.1,
    "epsdiluted": 19.98,
    "weightedAverageShsOut": 51900000,
    "weightedAverageShsOutDil": 52200000,
    "link": "https://www.sec.gov/Archives/edgar/data/277135/000027713522000012/0000277135-22-000012-index.htm",
    "finalLink": "https://www.sec.gov/Archives/edgar/data/277135/000027713522000012/gww-20211231.htm"
  },
  {
    "date": "2020-12-31",
    "symbol": "GWW",
    "reportedCurrency": "USD",
    "cik": "0000277135",
    "fillingDate": "2021-02-24",
    "acceptedDate": "2021-02-24 17:03:46",
    "calendarYear": "2020",
    "period": "FY",
    "revenue": 11797000000,
    "costOfRevenue": 7559000000,
    "grossProfit": 4238000000,
    "grossProfitRatio": 0.3592438756,
    "researchAndDevelopmentExpenses": 0,
    "generalAndAdministrativeExpenses": 2900000000,
    "sellingAndMarketingExpenses": 319000000,
    "sellingGeneralAndAdministrativeExpenses": 3219000000,
    "otherExpenses": 0,
    "operatingExpenses": 3219000000,
    "costAndExpenses": 10778000000,
    "interestIncome": 0,
    "interestExpense": 93000000,
    "depreciationAndAmortization": 176000000,
    "ebitda": 1216000000,
    "ebitdaratio": 0.1030770535,
    "operatingIncome": 1019000000,
    "operatingIncomeRatio": 0.0863778927,
    "totalOtherIncomeExpensesNet": -72000000,
    "incomeBeforeTax": 947000000,
    "incomeBeforeTaxRatio": 0.0802746461,
    "incomeTaxExpense": 192000000,
    "netIncome": 695000000,
    "netIncomeRatio": 0.058913283,
    "eps": 12.99,
    "epsdiluted": 12.94,
    "weightedAverageShsOut": 53500000,
    "weightedAverageShsOutDil": 53700000,
    "link": "https://www.sec.gov/Archives/edgar/data/277135/000027713521000007/0000277135-21-000007-index.htm",
    "finalLink": "https://www.sec.gov/Archives/edgar/data/277135/000027713521000007/gww-20201231.htm"
  },
  {
    "date": "2019-12-31",
    "symbol": "GWW",
    "reportedCurrency": "USD",
    "cik": "0000277135",
    "fillingDate": "2020-02-20",
    "acceptedDate": "2020-02-20 07:54:17",
    "calendarYear": "2019",
    "period": "FY",
    "revenue": 11486000000,
    "costOfRevenue": 7089000000,
    "grossProfit": 4397000000,
    "grossProfitRatio": 0.3828138604,
    "researchAndDevelopmentExpenses": 0,
    "generalAndAdministrativeExpenses": 2819000000,
    "sellingAndMarketingExpenses": 316000000,
    "sellingGeneralAndAdministrativeExpenses": 3135000000,
    "otherExpenses": 0,
    "operatingExpenses": 3135000000,
    "costAndExpenses": 10224000000,
    "interestIncome": 0,
    "interestExpense": 79000000,
    "depreciationAndAmortization": 228000000,
    "ebitda": 1516000000,
    "ebitdaratio": 0.1319867665,
    "operatingIncome": 1262000000,
    "operatingIncomeRatio": 0.1098728887,
    "totalOtherIncomeExpensesNet": -53000000,
    "incomeBeforeTax": 1209000000,
    "incomeBeforeTaxRatio": 0.1052585757,
    "incomeTaxExpense": 314000000,
    "netIncome": 849000000,
    "netIncomeRatio": 0.0739160717,
    "eps": 15.52,
    "epsdiluted": 15.46,
    "weightedAverageShsOut": 54700000,
    "weightedAverageShsOutDil": 54900000,
    "link": "https://www.sec.gov/Archives/edgar/data/277135/000027713520000007/0000277135-20-000007-index.htm",
    "finalLink": "https://www.sec.gov/Archives/edgar/data/277135/000027713520000007/gww20191231-10k.htm"
  },
  {
    "date": "2018-12-31",
    "symbol": "GWW",
    "reportedCurrency": "USD",
    "cik": "0000277135",
    "fillingDate": "2019-02-28",
    "acceptedDate": "2019-02-28 16:51:08",
    "calendarYear": "2018",
    "period": "FY",
    "revenue": 11221000000,
    "costOfRevenue": 6873000000,
    "grossProfit": 4348000000,
    "grossProfitRatio": 0.3874877462,
    "researchAndDevelopmentExpenses": 0,
    "generalAndAdministrativeExpenses": 2949000000,
    "sellingAndMarketingExpenses": 241000000,
    "sellingGeneralAndAdministrativeExpenses": 3190000000,
    "otherExpenses": 0,
    "operatingExpenses": 3190000000,
    "costAndExpenses": 10063000000,
    "interestIncome": 6000000,
    "interestExpense": 88000000,
    "depreciationAndAmortization": 254000000,
    "ebitda": 1423000000,
    "ebitdaratio": 0.1268157918,
    "operatingIncome": 1158000000,
    "operatingIncomeRatio": 0.1031993583,
    "totalOtherIncomeExpensesNet": -77000000,
    "incomeBeforeTax": 1081000000,
    "incomeBeforeTaxRatio": 0.0963372248,
    "incomeTaxExpense": 258000000,
    "netIncome": 782000000,
    "netIncomeRatio": 0.0696907584,
    "eps": 13.93,
    "epsdiluted": 13.83,
    "weightedAverageShsOut": 56143000,
    "weightedAverageShsOutDil": 56534000,
    "link": "https://www.sec.gov/Archives/edgar/data/277135/000027713519000010/0000277135-19-000010-index.htm",
    "finalLink": "https://www.sec.gov/Archives/edgar/data/277135/000027713519000010/gww20181231-10k.htm"
  },
  {
    "date": "2017-12-31",
    "symbol": "GWW",
    "reportedCurrency": "USD",
    "cik": "0000277135",
    "fillingDate": "2018-02-26",
    "acceptedDate": "2018-02-26 17:02:16",
    "calendarYear": "2017",
    "period": "FY",
    "revenue": 10424858000,
    "costOfRevenue": 6327301000,
    "grossProfit": 4097557000,
    "grossProfitRatio": 0.393056385,
    "researchAndDevelopmentExpenses": 0,
    "generalAndAdministrativeExpenses": 2658000000,
    "sellingAndMarketingExpenses": 187000000,
    "sellingGeneralAndAdministrativeExpenses": 2845000000,
    "otherExpenses": 0,
    "operatingExpenses": 3048895000,
    "costAndExpenses": 9376196000,
    "interestIncome": 3000000,
    "interestExpense": 89000000,
    "depreciationAndAmortization": 259000000,
    "ebitda": 1284000000,
    "ebitdaratio": 0.1231671453,
    "operatingIncome": 1048662000,
    "operatingIncomeRatio": 0.1005924493,
    "totalOtherIncomeExpensesNet": -99000000,
    "incomeBeforeTax": 935324000,
    "incomeBeforeTaxRatio": 0.0897205506,
    "incomeTaxExpense": 312881000,
    "netIncome": 585730000,
    "netIncomeRatio": 0.0561858972,
    "eps": 10.07,
    "epsdiluted": 10.02,
    "weightedAverageShsOut": 57675000,
    "weightedAverageShsOutDil": 57983000,
    "link": "https://www.sec.gov/Archives/edgar/data/277135/000027713518000007/0000277135-18-000007-index.htm",
    "finalLink": "https://www.sec.gov/Archives/edgar/data/277135/000027713518000007/gww20171231-10k.htm"
  },
  {
    "date": "2016-12-31",
    "symbol": "GWW",
    "reportedCurrency": "USD",
    "cik": "0000277135",
    "fillingDate": "2017-02-28",
    "acceptedDate": "2017-02-28 17:20:59",
    "calendarYear": "2016",
    "period": "FY",
    "revenue": 10137204000,
    "costOfRevenue": 6022647000,
    "grossProfit": 4114557000,
    "grossProfitRatio": 0.4058867711,
    "researchAndDevelopmentExpenses": 0,
    "generalAndAdministrativeExpenses": 2646000000,
    "sellingAndMarketingExpenses": 180000000,
    "sellingGeneralAndAdministrativeExpenses": 2826000000,
    "otherExpenses": -3000000,
    "operatingExpenses": 2995060000,
    "costAndExpenses": 9017707000,
    "interestIncome": 1000000,
    "interestExpense": 76000000,
    "depreciationAndAmortization": 248857000,
    "ebitda": 1334247000,
    "ebitdaratio": 0.1316188369,
    "operatingIncome": 1119497000,
    "operatingIncomeRatio": 0.1104344946,
    "totalOtherIncomeExpensesNet": -100439000,
    "incomeBeforeTax": 1019058000,
    "incomeBeforeTaxRatio": 0.1005265357,
    "incomeTaxExpense": 386220000,
    "netIncome": 605928000,
    "netIncomeRatio": 0.0597726947,
    "eps": 9.94,
    "epsdiluted": 9.87,
    "weightedAverageShsOut": 60431000,
    "weightedAverageShsOutDil": 60840000,
    "link": "https://www.sec.gov/Archives/edgar/data/277135/000027713517000007/0000277135-17-000007-index.htm",
    "finalLink": "https://www.sec.gov/Archives/edgar/data/277135/000027713517000007/gww20161231-10k.htm"
  },
  {
    "date": "2015-12-31",
    "symbol": "GWW",
    "reportedCurrency": "USD",
    "cik": "0000277135",
    "fillingDate": "2016-02-29",
    "acceptedDate": "2016-02-29 12:10:31",
    "calendarYear": "2015",
    "period": "FY",
    "revenue": 9973384000,
    "costOfRevenue": 5741956000,
    "grossProfit": 4231428000,
    "grossProfitRatio": 0.4242720425,
    "researchAndDevelopmentExpenses": 0,
    "generalAndAdministrativeExpenses": 2641951000,
    "sellingAndMarketingExpenses": 180000000,
    "sellingGeneralAndAdministrativeExpenses": 2821951000,
    "otherExpenses": -3000000,
    "operatingExpenses": 2931108000,
    "costAndExpenses": 8673064000,
    "interestIncome": 1166000,
    "interestExpense": 33571000,
    "depreciationAndAmortization": 227967000,
    "ebitda": 1512243000,
    "ebitdaratio": 0.1516278727,
    "operatingIncome": 1300320000,
    "operatingIncomeRatio": 0.1303790168,
    "totalOtherIncomeExpensesNet": -49615000,
    "incomeBeforeTax": 1250705000,
    "incomeBeforeTaxRatio": 0.125404276,
    "incomeTaxExpense": 465531000,
    "netIncome": 768996000,
    "netIncomeRatio": 0.0771048222,
    "eps": 11.69,
    "epsdiluted": 11.58,
    "weightedAverageShsOut": 65157000,
    "weightedAverageShsOutDil": 65765000,
    "link": "https://www.sec.gov/Archives/edgar/data/277135/000027713516000037/0000277135-16-000037-index.htm",
    "finalLink": "https://www.sec.gov/Archives/edgar/data/277135/000027713516000037/gww20151231-10k.htm"
  },
  {
    "date": "2014-12-31",
    "symbol": "GWW",
    "reportedCurrency": "USD",
    "cik": "0000277135",
    "fillingDate": "2015-02-27",
    "acceptedDate": "2015-02-27 14:22:14",
    "calendarYear": "2014",
    "period": "FY",
    "revenue": 9964953000,
    "costOfRevenue": 5650711000,
    "grossProfit": 4314242000,
    "grossProfitRatio": 0.4329415302,
    "researchAndDevelopmentExpenses": 0,
    "generalAndAdministrativeExpenses": 2679125000,
    "sellingAndMarketingExpenses": 169000000,
    "sellingGeneralAndAdministrativeExpenses": 2848125000,
    "otherExpenses": -4000000,
    "operatingExpenses": 2967125000,
    "costAndExpenses": 8617836000,
    "interestIncome": 2068000,
    "interestExpense": 10093000,
    "depreciationAndAmortization": 208326000,
    "ebitda": 1552805000,
    "ebitdaratio": 0.1558266256,
    "operatingIncome": 1347117000,
    "operatingIncomeRatio": 0.1351854846,
    "totalOtherIncomeExpensesNet": -12731000,
    "incomeBeforeTax": 1334386000,
    "incomeBeforeTaxRatio": 0.133907907,
    "incomeTaxExpense": 522090000,
    "netIncome": 801729000,
    "netIncomeRatio": 0.0804548702,
    "eps": 11.59,
    "epsdiluted": 11.45,
    "weightedAverageShsOut": 68334000,
    "weightedAverageShsOutDil": 69206000,
    "link": "https://www.sec.gov/Archives/edgar/data/277135/000027713515000005/0000277135-15-000005-index.htm",
    "finalLink": "https://www.sec.gov/Archives/edgar/data/277135/000027713515000005/gww20141231-10k.htm"
  },
  {
    "date": "2013-12-31",
    "symbol": "GWW",
    "reportedCurrency": "USD",
    "cik": "0000277135",
    "fillingDate": "2014-02-27",
    "acceptedDate": "2014-02-27 11:26:35",
    "calendarYear": "2013",
    "period": "FY",
    "revenue": 9437758000,
    "costOfRevenue": 5301275000,
    "grossProfit": 4136483000,
    "grossProfitRatio": 0.4382908526,
    "researchAndDevelopmentExpenses": 0,
    "generalAndAdministrativeExpenses": 2839629000,
    "sellingAndMarketingExpenses": 0,
    "sellingGeneralAndAdministrativeExpenses": 2839629000,
    "otherExpenses": -4000000,
    "operatingExpenses": 2839629000,
    "costAndExpenses": 8140904000,
    "interestIncome": 3234000,
    "interestExpense": 13225000,
    "depreciationAndAmortization": 180613000,
    "ebitda": 1481437000,
    "ebitdaratio": 0.1569691658,
    "operatingIncome": 1296854000,
    "operatingIncomeRatio": 0.1374112369,
    "totalOtherIncomeExpensesNet": -9255000,
    "incomeBeforeTax": 1287599000,
    "incomeBeforeTaxRatio": 0.1364306014,
    "incomeTaxExpense": 479850000,
    "netIncome": 797036000,
    "netIncomeRatio": 0.084451837,
    "eps": 11.31,
    "epsdiluted": 11.13,
    "weightedAverageShsOut": 69456000,
    "weightedAverageShsOutDil": 70576000,
    "link": "https://www.sec.gov/Archives/edgar/data/277135/000027713514000008/0000277135-14-000008-index.htm",
    "finalLink": "https://www.sec.gov/Archives/edgar/data/277135/000027713514000008/gww20131231-10k.htm"
  },
  {
    "date": "2012-12-31",
    "symbol": "GWW",
    "reportedCurrency": "USD",
    "cik": "0000277135",
    "fillingDate": "2013-02-28",
    "acceptedDate": "2013-02-27 18:32:43",
    "calendarYear": "2012",
    "period": "FY",
    "revenue": 8950045000,
    "costOfRevenue": 5033885000,
    "grossProfit": 3916160000,
    "grossProfitRatio": 0.4375575765,
    "researchAndDevelopmentExpenses": 0,
    "generalAndAdministrativeExpenses": 2785035000,
    "sellingAndMarketingExpenses": 0,
    "sellingGeneralAndAdministrativeExpenses": 2785035000,
    "otherExpenses": -4000000,
    "operatingExpenses": 2785035000,
    "costAndExpenses": 7818920000,
    "interestIncome": 2660000,
    "interestExpense": 16078000,
    "depreciationAndAmortization": 159049000,
    "ebitda": 1292916000,
    "ebitdaratio": 0.1444591619,
    "operatingIncome": 1131125000,
    "operatingIncomeRatio": 0.1263820461,
    "totalOtherIncomeExpensesNet": -13336000,
    "incomeBeforeTax": 1117789000,
    "incomeBeforeTaxRatio": 0.1248919977,
    "incomeTaxExpense": 418940000,
    "netIncome": 689881000,
    "netIncomeRatio": 0.0770812884,
    "eps": 9.71,
    "epsdiluted": 9.52,
    "weightedAverageShsOut": 69812000,
    "weightedAverageShsOutDil": 71182000,
    "link": "https://www.sec.gov/Archives/edgar/data/277135/000027713513000009/0000277135-13-000009-index.htm",
    "finalLink": "https://www.sec.gov/Archives/edgar/data/277135/000027713513000009/gww20121231-10k.htm"
  },
  {
    "date": "2011-12-31",
    "symbol": "GWW",
    "reportedCurrency": "USD",
    "cik": "0000277135",
    "fillingDate": "2012-02-28",
    "acceptedDate": "2012-02-27 17:34:36",
    "calendarYear": "2011",
    "period": "FY",
    "revenue": 8078185000,
    "costOfRevenue": 4567393000,
    "grossProfit": 3510792000,
    "grossProfitRatio": 0.4346015844,
    "researchAndDevelopmentExpenses": 0,
    "generalAndAdministrativeExpenses": 2458363000,
    "sellingAndMarketingExpenses": 0,
    "sellingGeneralAndAdministrativeExpenses": 2458363000,
    "otherExpenses": -3100000,
    "operatingExpenses": 2458363000,
    "costAndExpenses": 7025756000,
    "interestIncome": 2068000,
    "interestExpense": 9091000,
    "depreciationAndAmortization": 149200000,
    "ebitda": 1209818000,
    "ebitdaratio": 0.1497635917,
    "operatingIncome": 1052429000,
    "operatingIncomeRatio": 0.1302803786,
    "totalOtherIncomeExpensesNet": -902000,
    "incomeBeforeTax": 1051527000,
    "incomeBeforeTaxRatio": 0.1301687198,
    "incomeTaxExpense": 385115000,
    "netIncome": 658423000,
    "netIncomeRatio": 0.0815063037,
    "eps": 9.26,
    "epsdiluted": 9.07,
    "weightedAverageShsOut": 69691000,
    "weightedAverageShsOutDil": 71176000,
    "link": "https://www.sec.gov/Archives/edgar/data/277135/000027713512000008/0000277135-12-000008-index.htm",
    "finalLink": "https://www.sec.gov/Archives/edgar/data/277135/000027713512000008/gww20111231-10k.htm"
  },
  {
    "date": "2010-12-31",
    "symbol": "GWW",
    "reportedCurrency": "USD",
    "cik": "0000277135",
    "fillingDate": "2011-02-28",
    "acceptedDate": "2011-02-28 16:12:08",
    "calendarYear": "2010",
    "period": "FY",
    "revenue": 7182158000,
    "costOfRevenue": 4176474000,
    "grossProfit": 3005684000,
    "grossProfitRatio": 0.4184931604,
    "researchAndDevelopmentExpenses": 0,
    "generalAndAdministrativeExpenses": 2145209000,
    "sellingAndMarketingExpenses": 0,
    "sellingGeneralAndAdministrativeExpenses": 2145209000,
    "otherExpenses": -3200000,
    "operatingExpenses": 2145209000,
    "costAndExpenses": 6321683000,
    "interestIncome": 1215000,
    "interestExpense": 8187000,
    "depreciationAndAmortization": 149678000,
    "ebitda": 1011643000,
    "ebitdaratio": 0.1408550188,
    "operatingIncome": 860475000,
    "operatingIncomeRatio": 0.1198073058,
    "totalOtherIncomeExpensesNet": -6697000,
    "incomeBeforeTax": 853778000,
    "incomeBeforeTaxRatio": 0.1188748563,
    "incomeTaxExpense": 340196000,
    "netIncome": 510865000,
    "netIncomeRatio": 0.0711297357,
    "eps": 7.05,
    "epsdiluted": 6.93,
    "weightedAverageShsOut": 70837000,
    "weightedAverageShsOutDil": 72139000,
    "link": "https://www.sec.gov/Archives/edgar/data/277135/000027713511000011/0000277135-11-000011-index.htm",
    "finalLink": "https://www.sec.gov/Archives/edgar/data/277135/000027713511000011/form10k123110.htm"
  },
  {
    "date": "2009-12-31",
    "symbol": "GWW",
    "reportedCurrency": "USD",
    "cik": "0000277135",
    "fillingDate": "2010-02-25",
    "acceptedDate": "2010-02-25 11:09:46",
    "calendarYear": "2009",
    "period": "FY",
    "revenue": 6221991000,
    "costOfRevenue": 3623465000,
    "grossProfit": 2598526000,
    "grossProfitRatio": 0.4176357696,
    "researchAndDevelopmentExpenses": 0,
    "generalAndAdministrativeExpenses": 1933302000,
    "sellingAndMarketingExpenses": 0,
    "sellingGeneralAndAdministrativeExpenses": 1933302000,
    "otherExpenses": 0,
    "operatingExpenses": 1933302000,
    "costAndExpenses": 5556767000,
    "interestIncome": 1358000,
    "interestExpense": 8766000,
    "depreciationAndAmortization": 147531000,
    "ebitda": 863634000,
    "ebitdaratio": 0.1388034795,
    "operatingIncome": 665224000,
    "operatingIncomeRatio": 0.106914973,
    "totalOtherIncomeExpensesNet": 42113000,
    "incomeBeforeTax": 707337000,
    "incomeBeforeTaxRatio": 0.1136833853,
    "incomeTaxExpense": 276565000,
    "netIncome": 430466000,
    "netIncomeRatio": 0.0691846067,
    "eps": 5.7,
    "epsdiluted": 5.62,
    "weightedAverageShsOut": 73786000,
    "weightedAverageShsOutDil": 74892000,
    "link": "https://www.sec.gov/Archives/edgar/data/277135/000027713510000011/0000277135-10-000011-index.htm",
    "finalLink": "https://www.sec.gov/Archives/edgar/data/277135/000027713510000011/form10k123109.htm"
  },
  {
    "date": "2008-12-31",
    "symbol": "GWW",
    "reportedCurrency": "USD",
    "cik": "0000277135",
    "fillingDate": "2009-02-27",
    "acceptedDate": "2009-02-26 18:07:55",
    "calendarYear": "2008",
    "period": "FY",
    "revenue": 6850032000,
    "costOfRevenue": 4041810000,
    "grossProfit": 2808222000,
    "grossProfitRatio": 0.4099575009,
    "researchAndDevelopmentExpenses": 0,
    "generalAndAdministrativeExpenses": 2025550000,
    "sellingAndMarketingExpenses": 0,
    "sellingGeneralAndAdministrativeExpenses": 2025550000,
    "otherExpenses": 0,
    "operatingExpenses": 2025550000,
    "costAndExpenses": 6067360000,
    "interestIncome": 5069000,
    "interestExpense": 14485000,
    "depreciationAndAmortization": 139570000,
    "ebitda": 927273000,
    "ebitdaratio": 0.1353676888,
    "operatingIncome": 782672000,
    "operatingIncomeRatio": 0.1142581524,
    "totalOtherIncomeExpensesNet": -9454000,
    "incomeBeforeTax": 773218000,
    "incomeBeforeTaxRatio": 0.1128780128,
    "incomeTaxExpense": 297863000,
    "netIncome": 475355000,
    "netIncomeRatio": 0.0693945663,
    "eps": 6.21,
    "epsdiluted": 6.04,
    "weightedAverageShsOut": 76579856,
    "weightedAverageShsOutDil": 78750328,
    "link": "https://www.sec.gov/Archives/edgar/data/277135/000027713509000005/0000277135-09-000005-index.htm",
    "finalLink": "https://www.sec.gov/Archives/edgar/data/277135/000027713509000005/form10k123108.htm"
  },
  {
    "date": "2007-12-31",
    "symbol": "GWW",
    "reportedCurrency": "USD",
    "cik": "0000277135",
    "fillingDate": "2008-02-27",
    "acceptedDate": "2008-02-27 15:16:41",
    "calendarYear": "2007",
    "period": "FY",
    "revenue": 6418014000,
    "costOfRevenue": 3814391000,
    "grossProfit": 2603623000,
    "grossProfitRatio": 0.4056742475,
    "researchAndDevelopmentExpenses": 0,
    "generalAndAdministrativeExpenses": 1932970000,
    "sellingAndMarketingExpenses": 0,
    "sellingGeneralAndAdministrativeExpenses": 1932970000,
    "otherExpenses": 0,
    "operatingExpenses": 1932970000,
    "costAndExpenses": 5747361000,
    "interestIncome": 0,
    "interestExpense": 0,
    "depreciationAndAmortization": 131999000,
    "ebitda": 802652000,
    "ebitdaratio": 0.1250623635,
    "operatingIncome": 670653000,
    "operatingIncomeRatio": 0.1044954093,
    "totalOtherIncomeExpensesNet": 11208000,
    "incomeBeforeTax": 681861000,
    "incomeBeforeTaxRatio": 0.1062417439,
    "incomeTaxExpense": 261741000,
    "netIncome": 420120000,
    "netIncomeRatio": 0.065459502,
    "eps": 5.1,
    "epsdiluted": 4.94,
    "weightedAverageShsOut": 82403958,
    "weightedAverageShsOutDil": 85044963,
    "link": "https://www.sec.gov/Archives/edgar/data/277135/000027713508000006/0000277135-08-000006-index.htm",
    "finalLink": "https://www.sec.gov/Archives/edgar/data/277135/000027713508000006/form10k2007.htm"
  },
  {
    "date": "2006-12-31",
    "symbol": "GWW",
    "reportedCurrency": "USD",
    "cik": "0000277135",
    "fillingDate": "2007-02-27",
    "acceptedDate": "2007-02-27 16:08:54",
    "calendarYear": "2006",
    "period": "FY",
    "revenue": 5883654000,
    "costOfRevenue": 3529504000,
    "grossProfit": 2354150000,
    "grossProfitRatio": 0.4001170021,
    "researchAndDevelopmentExpenses": 0,
    "generalAndAdministrativeExpenses": 1776079000,
    "sellingAndMarketingExpenses": 0,
    "sellingGeneralAndAdministrativeExpenses": 1776079000,
    "otherExpenses": 0,
    "operatingExpenses": 1776079000,
    "costAndExpenses": 5305583000,
    "interestIncome": 0,
    "interestExpense": 0,
    "depreciationAndAmortization": 118568000,
    "ebitda": 696639000,
    "ebitdaratio": 0.1184024417,
    "operatingIncome": 578071000,
    "operatingIncomeRatio": 0.098250339,
    "totalOtherIncomeExpensesNet": 24952000,
    "incomeBeforeTax": 603023000,
    "incomeBeforeTaxRatio": 0.102491241,
    "incomeTaxExpense": 219624000,
    "netIncome": 383399000,
    "netIncomeRatio": 0.0651634172,
    "eps": 4.36,
    "epsdiluted": 4.24,
    "weightedAverageShsOut": 87838723,
    "weightedAverageShsOutDil": 90523774,
    "link": "https://www.sec.gov/Archives/edgar/data/277135/000027713507000010/0000277135-07-000010-index.htm",
    "finalLink": "https://www.sec.gov/Archives/edgar/data/277135/000027713507000010/form10k2006.htm"
  },
  {
    "date": "2005-12-31",
    "symbol": "GWW",
    "reportedCurrency": "USD",
    "cik": "0000277135",
    "fillingDate": "2006-03-06",
    "acceptedDate": "2006-03-03 19:12:50",
    "calendarYear": "2005",
    "period": "FY",
    "revenue": 5526636000,
    "costOfRevenue": 3365095000,
    "grossProfit": 2161541000,
    "grossProfitRatio": 0.3911133283,
    "researchAndDevelopmentExpenses": 0,
    "generalAndAdministrativeExpenses": 1642552000,
    "sellingAndMarketingExpenses": 0,
    "sellingGeneralAndAdministrativeExpenses": 1642552000,
    "otherExpenses": 0,
    "operatingExpenses": 1642552000,
    "costAndExpenses": 5007647000,
    "interestIncome": 0,
    "interestExpense": 0,
    "depreciationAndAmortization": 108782000,
    "ebitda": 627771000,
    "ebitdaratio": 0.1135900754,
    "operatingIncome": 518989000,
    "operatingIncomeRatio": 0.093906854,
    "totalOtherIncomeExpensesNet": 13685000,
    "incomeBeforeTax": 532674000,
    "incomeBeforeTaxRatio": 0.0963830439,
    "incomeTaxExpense": 186350000,
    "netIncome": 346324000,
    "netIncomeRatio": 0.0626645214,
    "eps": 3.87,
    "epsdiluted": 3.78,
    "weightedAverageShsOut": 89568746,
    "weightedAverageShsOutDil": 91588295,
    "link": "https://www.sec.gov/Archives/edgar/data/277135/000027713506000013/0000277135-06-000013-index.htm",
    "finalLink": "https://www.sec.gov/Archives/edgar/data/277135/000027713506000013/form10k2005.htm"
  },
  {
    "date": "2004-12-31",
    "symbol": "GWW",
    "reportedCurrency": "USD",
    "cik": "0000277135",
    "fillingDate": "2005-02-28",
    "acceptedDate": "2005-02-28 16:22:08",
    "calendarYear": "2004",
    "period": "FY",
    "revenue": 5049785000,
    "costOfRevenue": 3143133000,
    "grossProfit": 1906652000,
    "grossProfitRatio": 0.3775709263,
    "researchAndDevelopmentExpenses": 0,
    "generalAndAdministrativeExpenses": 1467348000,
    "sellingAndMarketingExpenses": 0,
    "sellingGeneralAndAdministrativeExpenses": 1467348000,
    "otherExpenses": 0,
    "operatingExpenses": 1467348000,
    "costAndExpenses": 4610481000,
    "interestIncome": 0,
    "interestExpense": 0,
    "depreciationAndAmortization": 98256000,
    "ebitda": 547783000,
    "ebitdaratio": 0.1084764995,
    "operatingIncome": 439530000,
    "operatingIncomeRatio": 0.0870393492,
    "totalOtherIncomeExpensesNet": 3885000,
    "incomeBeforeTax": 445139000,
    "incomeBeforeTaxRatio": 0.0881500896,
    "incomeTaxExpense": 158216000,
    "netIncome": 286923000,
    "netIncomeRatio": 0.0568188547,
    "eps": 3.18,
    "epsdiluted": 3.13,
    "weightedAverageShsOut": 90206773,
    "weightedAverageShsOutDil": 91673375,
    "link": "https://www.sec.gov/Archives/edgar/data/277135/000027713505000008/0000277135-05-000008-index.htm",
    "finalLink": "https://www.sec.gov/Archives/edgar/data/277135/000027713505000008/form10k2004.htm"
  },
  {
    "date": "2003-12-31",
    "symbol": "GWW",
    "reportedCurrency": "USD",
    "cik": "0000277135",
    "fillingDate": "2004-03-10",
    "acceptedDate": "2004-03-10 16:27:20",
    "calendarYear": "2003",
    "period": "FY",
    "revenue": 4667014000,
    "costOfRevenue": 3028937000,
    "grossProfit": 1638077000,
    "grossProfitRatio": 0.3509903763,
    "researchAndDevelopmentExpenses": 0,
    "generalAndAdministrativeExpenses": 1251380000,
    "sellingAndMarketingExpenses": 0,
    "sellingGeneralAndAdministrativeExpenses": 1251380000,
    "otherExpenses": 0,
    "operatingExpenses": 1251380000,
    "costAndExpenses": 4280317000,
    "interestIncome": 3347000,
    "interestExpense": 6171000,
    "depreciationAndAmortization": 90253000,
    "ebitda": 476950000,
    "ebitdaratio": 0.1021959651,
    "operatingIncome": 387261000,
    "operatingIncomeRatio": 0.082978324,
    "totalOtherIncomeExpensesNet": -6171000,
    "incomeBeforeTax": 381090000,
    "incomeBeforeTaxRatio": 0.0816560653,
    "incomeTaxExpense": 154119000,
    "netIncome": 226971000,
    "netIncomeRatio": 0.0486330232,
    "eps": 2.5,
    "epsdiluted": 2.46,
    "weightedAverageShsOut": 90731013,
    "weightedAverageShsOutDil": 92394085,
    "link": "https://www.sec.gov/Archives/edgar/data/277135/000027713504000007/0000277135-04-000007-index.htm",
    "finalLink": "https://www.sec.gov/Archives/edgar/data/277135/000027713504000007/form10k2003.htm"
  },
  {
    "date": "2002-12-31",
    "symbol": "GWW",
    "reportedCurrency": "USD",
    "cik": "0000277135",
    "fillingDate": "2003-03-20",
    "acceptedDate": "2003-03-20 08:40:11",
    "calendarYear": "2002",
    "period": "FY",
    "revenue": 4643898000,
    "costOfRevenue": 3045686000,
    "grossProfit": 1598212000,
    "grossProfitRatio": 0.3441531231,
    "researchAndDevelopmentExpenses": 0,
    "generalAndAdministrativeExpenses": 1206996000,
    "sellingAndMarketingExpenses": 0,
    "sellingGeneralAndAdministrativeExpenses": 1206996000,
    "otherExpenses": 0,
    "operatingExpenses": 1206996000,
    "costAndExpenses": 4252682000,
    "interestIncome": 0,
    "interestExpense": 19239000,
    "depreciationAndAmortization": 93488000,
    "ebitda": 484704000,
    "ebitdaratio": 0.1043743855,
    "operatingIncome": 393155000,
    "operatingIncomeRatio": 0.0846605589,
    "totalOtherIncomeExpensesNet": 4682000,
    "incomeBeforeTax": 397837000,
    "incomeBeforeTaxRatio": 0.0856687636,
    "incomeTaxExpense": 162349000,
    "netIncome": 211567000,
    "netIncomeRatio": 0.0455580635,
    "eps": 2.3,
    "epsdiluted": 2.24,
    "weightedAverageShsOut": 91982430,
    "weightedAverageShsOutDil": 94303497,
    "link": "https://www.sec.gov/Archives/edgar/data/277135/000027713503000003/0000277135-03-000003-index.htm",
    "finalLink": "https://www.sec.gov/Archives/edgar/data/277135/000027713503000003/form10k2002.htm"
  },
  {
    "date": "2001-12-31",
    "symbol": "GWW",
    "reportedCurrency": "USD",
    "cik": "0000277135",
    "fillingDate": "2002-03-20",
    "acceptedDate": "2002-03-20 00:00:00",
    "calendarYear": "2001",
    "period": "FY",
    "revenue": 4754317000,
    "costOfRevenue": 3165030000,
    "grossProfit": 1589287000,
    "grossProfitRatio": 0.3342829264,
    "researchAndDevelopmentExpenses": 0,
    "generalAndAdministrativeExpenses": 1211644000,
    "sellingAndMarketingExpenses": 0,
    "sellingGeneralAndAdministrativeExpenses": 1211644000,
    "otherExpenses": 0,
    "operatingExpenses": 1211644000,
    "costAndExpenses": 4376674000,
    "interestIncome": 0,
    "interestExpense": 41293000,
    "depreciationAndAmortization": 103209000,
    "ebitda": 480852000,
    "ebitdaratio": 0.1011400796,
    "operatingIncome": 338573000,
    "operatingIncomeRatio": 0.0712138042,
    "totalOtherIncomeExpensesNet": -41293000,
    "incomeBeforeTax": 297280000,
    "incomeBeforeTaxRatio": 0.0625284347,
    "incomeTaxExpense": 122750000,
    "netIncome": 174530000,
    "netIncomeRatio": 0.0367097945,
    "eps": 1.87,
    "epsdiluted": 1.84,
    "weightedAverageShsOut": 93189132,
    "weightedAverageShsOutDil": 94727868,
    "link": "https://www.sec.gov/Archives/edgar/data/277135/000027713502000003/0000277135-02-000003-index.htm",
    "finalLink": "https://www.sec.gov/Archives/edgar/data/277135/000027713502000003/form10k2001.htm"
  },
  {
    "date": "2000-12-31",
    "symbol": "GWW",
    "reportedCurrency": "USD",
    "cik": "0000277135",
    "fillingDate": "2001-03-21",
    "acceptedDate": "2001-03-21 00:00:00",
    "calendarYear": "2000",
    "period": "FY",
    "revenue": 4977044000,
    "costOfRevenue": 3284814000,
    "grossProfit": 1692230000,
    "grossProfitRatio": 0.3400070403,
    "researchAndDevelopmentExpenses": 0,
    "generalAndAdministrativeExpenses": 1250217000,
    "sellingAndMarketingExpenses": 0,
    "sellingGeneralAndAdministrativeExpenses": 1250217000,
    "otherExpenses": 106893000,
    "operatingExpenses": 1357110000,
    "costAndExpenses": 4641924000,
    "interestIncome": 0,
    "interestExpense": 3525000,
    "depreciationAndAmortization": 106893000,
    "ebitda": 442013000,
    "ebitdaratio": 0.0888103461,
    "operatingIncome": 335120000,
    "operatingIncomeRatio": 0.0673331399,
    "totalOtherIncomeExpensesNet": -3525000,
    "incomeBeforeTax": 331595000,
    "incomeBeforeTaxRatio": 0.0666248882,
    "incomeTaxExpense": 138692000,
    "netIncome": 192903000,
    "netIncomeRatio": 0.0387585482,
    "eps": 2.07,
    "epsdiluted": 2.05,
    "weightedAverageShsOut": 93003813,
    "weightedAverageShsOutDil": 94223815,
    "link": "https://www.sec.gov/Archives/edgar/data/277135/000027713501000003/0000277135-01-000003-index.htm",
    "finalLink": "https://www.sec.gov/Archives/edgar/data/277135/000027713501000003/0000277135-01-000003-0001.htm"
  },
  {
    "date": "1999-12-31",
    "symbol": "GWW",
    "reportedCurrency": "USD",
    "cik": "0000277135",
    "fillingDate": "2000-03-22",
    "acceptedDate": "2000-03-22 00:00:00",
    "calendarYear": "1999",
    "period": "FY",
    "revenue": 4533900000,
    "costOfRevenue": 2783000000,
    "grossProfit": 1750900000,
    "grossProfitRatio": 0.3861796687,
    "researchAndDevelopmentExpenses": 0,
    "generalAndAdministrativeExpenses": 1335400000,
    "sellingAndMarketingExpenses": 0,
    "sellingGeneralAndAdministrativeExpenses": 1335400000,
    "otherExpenses": 98200000,
    "operatingExpenses": 1433600000,
    "costAndExpenses": 4216600000,
    "interestIncome": 0,
    "interestExpense": 13600000,
    "depreciationAndAmortization": 98200000,
    "ebitda": 415500000,
    "ebitdaratio": 0.0916429564,
    "operatingIncome": 317300000,
    "operatingIncomeRatio": 0.0699838991,
    "totalOtherIncomeExpensesNet": -13600000,
    "incomeBeforeTax": 303700000,
    "incomeBeforeTaxRatio": 0.066984274,
    "incomeTaxExpense": 123000000,
    "netIncome": 180700000,
    "netIncomeRatio": 0.0398553122,
    "eps": 1.95,
    "epsdiluted": 1.92,
    "weightedAverageShsOut": 92836696,
    "weightedAverageShsOutDil": 94315479,
    "link": "https://www.sec.gov/Archives/edgar/data/277135/000027713500000004/0000277135-00-000004-index.html",
    "finalLink": "https://www.sec.gov/Archives/edgar/data/277135/000027713500000004/"
  },
  {
    "date": "1998-12-31",
    "symbol": "GWW",
    "reportedCurrency": "USD",
    "cik": "0000277135",
    "fillingDate": "1999-03-26",
    "acceptedDate": "1999-03-26 00:00:00",
    "calendarYear": "1998",
    "period": "FY",
    "revenue": 4341300000,
    "costOfRevenue": 2664700000,
    "grossProfit": 1676600000,
    "grossProfitRatio": 0.3861976827,
    "researchAndDevelopmentExpenses": 0,
    "generalAndAdministrativeExpenses": 1189700000,
    "sellingAndMarketingExpenses": 0,
    "sellingGeneralAndAdministrativeExpenses": 1189700000,
    "otherExpenses": 78900000,
    "operatingExpenses": 1268600000,
    "costAndExpenses": 3933300000,
    "interestIncome": 0,
    "interestExpense": 7200000,
    "depreciationAndAmortization": 78900000,
    "ebitda": 486900000,
    "ebitdaratio": 0.1121553452,
    "operatingIncome": 408000000,
    "operatingIncomeRatio": 0.0939810656,
    "totalOtherIncomeExpensesNet": -7200000,
    "incomeBeforeTax": 400800000,
    "incomeBeforeTaxRatio": 0.0923225762,
    "incomeTaxExpense": 162300000,
    "netIncome": 238500000,
    "netIncomeRatio": 0.0549374611,
    "eps": 2.48,
    "epsdiluted": 2.44,
    "weightedAverageShsOut": 96231829,
    "weightedAverageShsOutDil": 97846658,
    "link": "https://www.sec.gov/Archives/edgar/data/277135/000027713599000003/0000277135-99-000003-index.html",
    "finalLink": "https://www.sec.gov/Archives/edgar/data/277135/"
  },
  {
    "date": "1997-12-31",
    "symbol": "GWW",
    "reportedCurrency": "USD",
    "cik": "0000277135",
    "fillingDate": "1998-03-24",
    "acceptedDate": "1998-03-24 00:00:00",
    "calendarYear": "1997",
    "period": "FY",
    "revenue": 4136600000,
    "costOfRevenue": 2562600000,
    "grossProfit": 1574000000,
    "grossProfitRatio": 0.3805057293,
    "researchAndDevelopmentExpenses": 0,
    "generalAndAdministrativeExpenses": 1101200000,
    "sellingAndMarketingExpenses": 0,
    "sellingGeneralAndAdministrativeExpenses": 1101200000,
    "otherExpenses": 79700000,
    "operatingExpenses": 1180900000,
    "costAndExpenses": 3743500000,
    "interestIncome": 0,
    "interestExpense": 3500000,
    "depreciationAndAmortization": 79700000,
    "ebitda": 472800000,
    "ebitdaratio": 0.1142967655,
    "operatingIncome": 393100000,
    "operatingIncomeRatio": 0.0950297346,
    "totalOtherIncomeExpensesNet": -3500000,
    "incomeBeforeTax": 389600000,
    "incomeBeforeTaxRatio": 0.0941836291,
    "incomeTaxExpense": 157800000,
    "netIncome": 231800000,
    "netIncomeRatio": 0.0560363584,
    "eps": 2.31,
    "epsdiluted": 2.27,
    "weightedAverageShsOut": 100604518,
    "weightedAverageShsOutDil": 102178952,
    "link": "https://www.sec.gov/Archives/edgar/data/277135/000027713598000007/0000277135-98-000007-index.html",
    "finalLink": "https://www.sec.gov/Archives/edgar/data/277135/"
  },
  {
    "date": "1996-12-31",
    "symbol": "GWW",
    "reportedCurrency": "USD",
    "cik": "0000277135",
    "fillingDate": "1997-03-24",
    "acceptedDate": "1997-03-24 00:00:00",
    "calendarYear": "1996",
    "period": "FY",
    "revenue": 3537200000,
    "costOfRevenue": 2195700000,
    "grossProfit": 1341500000,
    "grossProfitRatio": 0.3792547778,
    "researchAndDevelopmentExpenses": 0,
    "generalAndAdministrativeExpenses": 921700000,
    "sellingAndMarketingExpenses": 0,
    "sellingGeneralAndAdministrativeExpenses": 921700000,
    "otherExpenses": 74300000,
    "operatingExpenses": 996000000,
    "costAndExpenses": 3191700000,
    "interestIncome": 0,
    "interestExpense": 0,
    "depreciationAndAmortization": 74300000,
    "ebitda": 419800000,
    "ebitdaratio": 0.1186814429,
    "operatingIncome": 345500000,
    "operatingIncomeRatio": 0.097676128,
    "totalOtherIncomeExpensesNet": 3400000,
    "incomeBeforeTax": 348900000,
    "incomeBeforeTaxRatio": 0.0986373403,
    "incomeTaxExpense": 140400000,
    "netIncome": 208500000,
    "netIncomeRatio": 0.0589449282,
    "eps": 2.04,
    "epsdiluted": 2.02,
    "weightedAverageShsOut": 102205882,
    "weightedAverageShsOutDil": 103217822,
    "link": "https://www.sec.gov/Archives/edgar/data/277135/000027713597000002/0000277135-97-000002-index.html",
    "finalLink": "https://www.sec.gov/Archives/edgar/data/277135/"
  },
  {
    "date": "1995-12-31",
    "symbol": "GWW",
    "reportedCurrency": "USD",
    "cik": "0000277135",
    "fillingDate": "1996-03-25",
    "acceptedDate": "1996-03-25 00:00:00",
    "calendarYear": "1995",
    "period": "FY",
    "revenue": 3276900000,
    "costOfRevenue": 2024700000,
    "grossProfit": 1252200000,
    "grossProfitRatio": 0.3821294516,
    "researchAndDevelopmentExpenses": 0,
    "generalAndAdministrativeExpenses": 865100000,
    "sellingAndMarketingExpenses": 0,
    "sellingGeneralAndAdministrativeExpenses": 865100000,
    "otherExpenses": 70900000,
    "operatingExpenses": 936000000,
    "costAndExpenses": 2960700000,
    "interestIncome": 0,
    "interestExpense": 4000000,
    "depreciationAndAmortization": 70900000,
    "ebitda": 387100000,
    "ebitdaratio": 0.1181299399,
    "operatingIncome": 316200000,
    "operatingIncomeRatio": 0.0964936373,
    "totalOtherIncomeExpensesNet": -4000000,
    "incomeBeforeTax": 312200000,
    "incomeBeforeTaxRatio": 0.0952729714,
    "incomeTaxExpense": 125500000,
    "netIncome": 186700000,
    "netIncomeRatio": 0.0569745796,
    "eps": 1.84,
    "epsdiluted": 1.82,
    "weightedAverageShsOut": 101467391,
    "weightedAverageShsOutDil": 102582418,
    "link": "https://www.sec.gov/Archives/edgar/data/277135/000027713596000004/0000277135-96-000004-index.html",
    "finalLink": "https://www.sec.gov/Archives/edgar/data/277135/"
  },
  {
    "date": "1994-12-31",
    "symbol": "GWW",
    "reportedCurrency": "USD",
    "cik": "0000277135",
    "fillingDate": "1995-03-27",
    "acceptedDate": "1995-03-27 00:00:00",
    "calendarYear": "1994",
    "period": "FY",
    "revenue": 3023100000,
    "costOfRevenue": 1884600000,
    "grossProfit": 1138500000,
    "grossProfitRatio": 0.3766001786,
    "researchAndDevelopmentExpenses": 0,
    "generalAndAdministrativeExpenses": 787100000,
    "sellingAndMarketingExpenses": 0,
    "sellingGeneralAndAdministrativeExpenses": 787100000,
    "otherExpenses": 66700000,
    "operatingExpenses": 853800000,
    "costAndExpenses": 2738400000,
    "interestIncome": 0,
    "interestExpense": 55900000,
    "depreciationAndAmortization": 66700000,
    "ebitda": 351400000,
    "ebitdaratio": 0.1162382984,
    "operatingIncome": 284700000,
    "operatingIncomeRatio": 0.0941748536,
    "totalOtherIncomeExpensesNet": -55900000,
    "incomeBeforeTax": 228800000,
    "incomeBeforeTaxRatio": 0.0756839006,
    "incomeTaxExpense": 100900000,
    "netIncome": 127900000,
    "netIncomeRatio": 0.0423075651,
    "eps": 1.25,
    "epsdiluted": 1.25,
    "weightedAverageShsOut": 102452952,
    "weightedAverageShsOutDil": 102452952,
    "link": "https://www.sec.gov/Archives/edgar/data/277135/000027713595000007/0000277135-95-000007-index.html",
    "finalLink": "https://www.sec.gov/Archives/edgar/data/277135/"
  },
  {
    "date": "1993-12-31",
    "symbol": "GWW",
    "reportedCurrency": "USD",
    "cik": "0000277135",
    "fillingDate": "1994-03-28",
    "acceptedDate": "1994-03-28 00:00:00",
    "calendarYear": "1993",
    "period": "FY",
    "revenue": 2628400000,
    "costOfRevenue": 1594300000,
    "grossProfit": 1034100000,
    "grossProfitRatio": 0.3934332674,
    "researchAndDevelopmentExpenses": 0,
    "generalAndAdministrativeExpenses": 0,
    "sellingAndMarketingExpenses": 0,
    "sellingGeneralAndAdministrativeExpenses": 722700000,
    "otherExpenses": 59200000,
    "operatingExpenses": 781900000,
    "costAndExpenses": 2376200000,
    "interestIncome": 0,
    "interestExpense": 2900000,
    "depreciationAndAmortization": 59200000,
    "ebitda": 311400000,
    "ebitdaratio": 0.1184751179,
    "operatingIncome": 252200000,
    "operatingIncomeRatio": 0.0959519099,
    "totalOtherIncomeExpensesNet": -2100000,
    "incomeBeforeTax": 250100000,
    "incomeBeforeTaxRatio": 0.0951529448,
    "incomeTaxExpense": 100800000,
    "netIncome": 148500000,
    "netIncomeRatio": 0.0564982499,
    "eps": 1.45,
    "epsdiluted": 1.43,
    "weightedAverageShsOut": 102413793,
    "weightedAverageShsOutDil": 103846154,
    "link": "https://www.sec.gov/Archives/edgar/data/277135/000027713594000001/0000277135-94-000001-index.html",
    "finalLink": "https://www.sec.gov/Archives/edgar/data/277135/"
  },
  {
    "date": "1992-12-31",
    "symbol": "GWW",
    "reportedCurrency": "USD",
    "cik": "0000277135",
    "fillingDate": "1992-12-31",
    "acceptedDate": "1992-12-31 00:00:00",
    "calendarYear": "1992",
    "period": "FY",
    "revenue": 2364400000,
    "costOfRevenue": 1455800000,
    "grossProfit": 908600000,
    "grossProfitRatio": 0.3842835392,
    "researchAndDevelopmentExpenses": 0,
    "generalAndAdministrativeExpenses": 0,
    "sellingAndMarketingExpenses": 0,
    "sellingGeneralAndAdministrativeExpenses": 631100000,
    "otherExpenses": 49100000,
    "operatingExpenses": 680200000,
    "costAndExpenses": 2136000000,
    "interestIncome": 0,
    "interestExpense": 1200000,
    "depreciationAndAmortization": 49100000,
    "ebitda": 277500000,
    "ebitdaratio": 0.1173659279,
    "operatingIncome": 228400000,
    "operatingIncomeRatio": 0.0965995601,
    "totalOtherIncomeExpensesNet": -1200000,
    "incomeBeforeTax": 227200000,
    "incomeBeforeTaxRatio": 0.0960920318,
    "incomeTaxExpense": 90000000,
    "netIncome": 137200000,
    "netIncomeRatio": 0.0580274065,
    "eps": 1.29,
    "epsdiluted": 1.29,
    "weightedAverageShsOut": 106356589,
    "weightedAverageShsOutDil": 106356589,
    "link": null,
    "finalLink": null
  },
  {
    "date": "1991-12-31",
    "symbol": "GWW",
    "reportedCurrency": "USD",
    "cik": "0000277135",
    "fillingDate": "1991-12-31",
    "acceptedDate": "1991-12-31 00:00:00",
    "calendarYear": "1991",
    "period": "FY",
    "revenue": 2077200000,
    "costOfRevenue": 1315700000,
    "grossProfit": 761500000,
    "grossProfitRatio": 0.3665992682,
    "researchAndDevelopmentExpenses": 0,
    "generalAndAdministrativeExpenses": 0,
    "sellingAndMarketingExpenses": 0,
    "sellingGeneralAndAdministrativeExpenses": 524300000,
    "otherExpenses": 33000000,
    "operatingExpenses": 557300000,
    "costAndExpenses": 1873000000,
    "interestIncome": 0,
    "interestExpense": 0,
    "depreciationAndAmortization": 33000000,
    "ebitda": 237200000,
    "ebitdaratio": 0.1141921818,
    "operatingIncome": 204200000,
    "operatingIncomeRatio": 0.0983054111,
    "totalOtherIncomeExpensesNet": 5200000,
    "incomeBeforeTax": 209400000,
    "incomeBeforeTaxRatio": 0.1008087811,
    "incomeTaxExpense": 81700000,
    "netIncome": 127700000,
    "netIncomeRatio": 0.0614769883,
    "eps": 1.19,
    "epsdiluted": 1.19,
    "weightedAverageShsOut": 107310924,
    "weightedAverageShsOutDil": 107310924,
    "link": null,
    "finalLink": null
  },
  {
    "date": "1990-12-31",
    "symbol": "GWW",
    "reportedCurrency": "USD",
    "cik": "0000277135",
    "fillingDate": "1990-12-31",
    "acceptedDate": "1990-12-31 00:00:00",
    "calendarYear": "1990",
    "period": "FY",
    "revenue": 1935200000,
    "costOfRevenue": 1226000000,
    "grossProfit": 709200000,
    "grossProfitRatio": 0.3664737495,
    "researchAndDevelopmentExpenses": 0,
    "generalAndAdministrativeExpenses": 0,
    "sellingAndMarketingExpenses": 0,
    "sellingGeneralAndAdministrativeExpenses": 472500000,
    "otherExpenses": 33100000,
    "operatingExpenses": 505600000,
    "costAndExpenses": 1731600000,
    "interestIncome": 0,
    "interestExpense": 0,
    "depreciationAndAmortization": 33100000,
    "ebitda": 236700000,
    "ebitdaratio": 0.1223129392,
    "operatingIncome": 203600000,
    "operatingIncomeRatio": 0.105208764,
    "totalOtherIncomeExpensesNet": 4900000,
    "incomeBeforeTax": 208500000,
    "incomeBeforeTaxRatio": 0.107740802,
    "incomeTaxExpense": 81700000,
    "netIncome": 126800000,
    "netIncomeRatio": 0.0655229434,
    "eps": 1.16,
    "epsdiluted": 1.16,
    "weightedAverageShsOut": 109310345,
    "weightedAverageShsOutDil": 109310345,
    "link": null,
    "finalLink": null
  },
  {
    "date": "1989-12-31",
    "symbol": "GWW",
    "reportedCurrency": "USD",
    "cik": "0000277135",
    "fillingDate": "1989-12-31",
    "acceptedDate": "1989-12-31 00:00:00",
    "calendarYear": "1989",
    "period": "FY",
    "revenue": 1727500000,
    "costOfRevenue": 1092200000,
    "grossProfit": 635300000,
    "grossProfitRatio": 0.3677568741,
    "researchAndDevelopmentExpenses": 0,
    "generalAndAdministrativeExpenses": 0,
    "sellingAndMarketingExpenses": 0,
    "sellingGeneralAndAdministrativeExpenses": 410900000,
    "otherExpenses": 33300000,
    "operatingExpenses": 444200000,
    "costAndExpenses": 1536400000,
    "interestIncome": 0,
    "interestExpense": 0,
    "depreciationAndAmortization": 33300000,
    "ebitda": 224400000,
    "ebitdaratio": 0.1298986975,
    "operatingIncome": 191100000,
    "operatingIncomeRatio": 0.1106222865,
    "totalOtherIncomeExpensesNet": 5400000,
    "incomeBeforeTax": 196500000,
    "incomeBeforeTaxRatio": 0.113748191,
    "incomeTaxExpense": 76900000,
    "netIncome": 119600000,
    "netIncomeRatio": 0.0692329957,
    "eps": 1.1,
    "epsdiluted": 1.1,
    "weightedAverageShsOut": 108727273,
    "weightedAverageShsOutDil": 108727273,
    "link": null,
    "finalLink": null
  },
  {
    "date": "1988-12-31",
    "symbol": "GWW",
    "reportedCurrency": "USD",
    "cik": "0000277135",
    "fillingDate": "1988-12-31",
    "acceptedDate": "1988-12-31 00:00:00",
    "calendarYear": "1988",
    "period": "FY",
    "revenue": 1535500000,
    "costOfRevenue": 977200000,
    "grossProfit": 558300000,
    "grossProfitRatio": 0.3635949202,
    "researchAndDevelopmentExpenses": 0,
    "generalAndAdministrativeExpenses": 0,
    "sellingAndMarketingExpenses": 0,
    "sellingGeneralAndAdministrativeExpenses": 352000000,
    "otherExpenses": 28500000,
    "operatingExpenses": 380500000,
    "costAndExpenses": 1357700000,
    "interestIncome": 0,
    "interestExpense": 0,
    "depreciationAndAmortization": 28500000,
    "ebitda": 206300000,
    "ebitdaratio": 0.1343536307,
    "operatingIncome": 177800000,
    "operatingIncomeRatio": 0.1157929013,
    "totalOtherIncomeExpensesNet": 1900000,
    "incomeBeforeTax": 179700000,
    "incomeBeforeTaxRatio": 0.1170302833,
    "incomeTaxExpense": 70900000,
    "netIncome": 108800000,
    "netIncomeRatio": 0.0708563986,
    "eps": 0.98,
    "epsdiluted": 0.98,
    "weightedAverageShsOut": 111020408,
    "weightedAverageShsOutDil": 111020408,
    "link": null,
    "finalLink": null
  },
  {
    "date": "1987-12-31",
    "symbol": "GWW",
    "reportedCurrency": "USD",
    "cik": "0000277135",
    "fillingDate": "1987-12-31",
    "acceptedDate": "1987-12-31 00:00:00",
    "calendarYear": "1987",
    "period": "FY",
    "revenue": 1320800000,
    "costOfRevenue": 848300000,
    "grossProfit": 472500000,
    "grossProfitRatio": 0.3577377347,
    "researchAndDevelopmentExpenses": 0,
    "generalAndAdministrativeExpenses": 0,
    "sellingAndMarketingExpenses": 0,
    "sellingGeneralAndAdministrativeExpenses": 292500000,
    "otherExpenses": 22700000,
    "operatingExpenses": 315200000,
    "costAndExpenses": 1163500000,
    "interestIncome": 0,
    "interestExpense": 0,
    "depreciationAndAmortization": 22700000,
    "ebitda": 180000000,
    "ebitdaratio": 0.1362810418,
    "operatingIncome": 157300000,
    "operatingIncomeRatio": 0.1190944882,
    "totalOtherIncomeExpensesNet": 5200000,
    "incomeBeforeTax": 162500000,
    "incomeBeforeTaxRatio": 0.1230314961,
    "incomeTaxExpense": 72000000,
    "netIncome": 90500000,
    "netIncomeRatio": 0.0685190793,
    "eps": 0.79,
    "epsdiluted": 0.79,
    "weightedAverageShsOut": 114556962,
    "weightedAverageShsOutDil": 114556962,
    "link": null,
    "finalLink": null
  },
  {
    "date": "1986-12-31",
    "symbol": "GWW",
    "reportedCurrency": "USD",
    "cik": "0000277135",
    "fillingDate": "1986-12-31",
    "acceptedDate": "1986-12-31 00:00:00",
    "calendarYear": "1986",
    "period": "FY",
    "revenue": 1159600000,
    "costOfRevenue": 753900000,
    "grossProfit": 405700000,
    "grossProfitRatio": 0.3498620214,
    "researchAndDevelopmentExpenses": 0,
    "generalAndAdministrativeExpenses": 0,
    "sellingAndMarketingExpenses": 0,
    "sellingGeneralAndAdministrativeExpenses": 257100000,
    "otherExpenses": 19300000,
    "operatingExpenses": 276400000,
    "costAndExpenses": 1030300000,
    "interestIncome": 0,
    "interestExpense": 0,
    "depreciationAndAmortization": 19300000,
    "ebitda": 148600000,
    "ebitdaratio": 0.1281476371,
    "operatingIncome": 129300000,
    "operatingIncomeRatio": 0.1115039669,
    "totalOtherIncomeExpensesNet": 11400000,
    "incomeBeforeTax": 140700000,
    "incomeBeforeTaxRatio": 0.1213349431,
    "incomeTaxExpense": 65900000,
    "netIncome": 86100000,
    "netIncomeRatio": 0.0742497413,
    "eps": 0.75,
    "epsdiluted": 0.75,
    "weightedAverageShsOut": 114800000,
    "weightedAverageShsOutDil": 114800000,
    "link": null,
    "finalLink": null
  },
  {
    "date": "1985-12-31",
    "symbol": "GWW",
    "reportedCurrency": "USD",
    "cik": "0000277135",
    "fillingDate": "1985-12-31",
    "acceptedDate": "1985-12-31 00:00:00",
    "calendarYear": "1985",
    "period": "FY",
    "revenue": 1091600000,
    "costOfRevenue": 715900000,
    "grossProfit": 375700000,
    "grossProfitRatio": 0.34417369,
    "researchAndDevelopmentExpenses": 0,
    "generalAndAdministrativeExpenses": 0,
    "sellingAndMarketingExpenses": 0,
    "sellingGeneralAndAdministrativeExpenses": 227600000,
    "otherExpenses": 17100000,
    "operatingExpenses": 244700000,
    "costAndExpenses": 960600000,
    "interestIncome": 0,
    "interestExpense": 0,
    "depreciationAndAmortization": 17100000,
    "ebitda": 148100000,
    "ebitdaratio": 0.1356724075,
    "operatingIncome": 131000000,
    "operatingIncomeRatio": 0.1200073287,
    "totalOtherIncomeExpensesNet": 1600000,
    "incomeBeforeTax": 132600000,
    "incomeBeforeTaxRatio": 0.1214730671,
    "incomeTaxExpense": 64800000,
    "netIncome": 71800000,
    "netIncomeRatio": 0.0657750092,
    "eps": 0.63,
    "epsdiluted": 0.63,
    "weightedAverageShsOut": 113968254,
    "weightedAverageShsOutDil": 113968254,
    "link": null,
    "finalLink": null
  }
]