[
  {
    "date": "2025-06-30",
    "symbol": "HAL",
    "reportedCurrency": "USD",
    "cik": "0000045012",
    "fillingDate": "2025-07-25",
    "acceptedDate": "2025-07-25 12:32:34",
    "calendarYear": "2025",
    "period": "Q2",
    "revenue": 5510000000,
    "costOfRevenue": 4685000000,
    "grossProfit": 825000000,
    "grossProfitRatio": 0.1497277677,
    "researchAndDevelopmentExpenses": 0,
    "generalAndAdministrativeExpenses": 62000000,
    "sellingAndMarketingExpenses": 0,
    "sellingGeneralAndAdministrativeExpenses": 62000000,
    "otherExpenses": 36000000,
    "operatingExpenses": 98000000,
    "costAndExpenses": 4783000000,
    "interestIncome": 18000000,
    "interestExpense": 110000000,
    "depreciationAndAmortization": 284000000,
    "ebitda": 987000000,
    "ebitdaratio": 0.1791288566,
    "operatingIncome": 727000000,
    "operatingIncomeRatio": 0.1319419238,
    "totalOtherIncomeExpensesNet": -116000000,
    "incomeBeforeTax": 611000000,
    "incomeBeforeTaxRatio": 0.1108892922,
    "incomeTaxExpense": 131000000,
    "netIncome": 472000000,
    "netIncomeRatio": 0.0856624319,
    "eps": 0.55,
    "epsdiluted": 0.55,
    "weightedAverageShsOut": 862000000,
    "weightedAverageShsOutDil": 862000000,
    "link": "https://www.sec.gov/Archives/edgar/data/45012/000004501225000057/0000045012-25-000057-index.htm",
    "finalLink": "https://www.sec.gov/Archives/edgar/data/45012/000004501225000057/hal-20250630.htm"
  },
  {
    "date": "2025-03-31",
    "symbol": "HAL",
    "reportedCurrency": "USD",
    "cik": "0000045012",
    "fillingDate": "2025-04-25",
    "acceptedDate": "2025-04-25 11:20:31",
    "calendarYear": "2025",
    "period": "Q1",
    "revenue": 5417000000,
    "costOfRevenue": 4538000000,
    "grossProfit": 879000000,
    "grossProfitRatio": 0.1622669374,
    "researchAndDevelopmentExpenses": 0,
    "generalAndAdministrativeExpenses": 62000000,
    "sellingAndMarketingExpenses": 0,
    "sellingGeneralAndAdministrativeExpenses": 62000000,
    "otherExpenses": 386000000,
    "operatingExpenses": 448000000,
    "costAndExpenses": 4986000000,
    "interestIncome": 25000000,
    "interestExpense": 111000000,
    "depreciationAndAmortization": 277000000,
    "ebitda": 694000000,
    "ebitdaratio": 0.1281151929,
    "operatingIncome": 431000000,
    "operatingIncomeRatio": 0.0795643345,
    "totalOtherIncomeExpensesNet": -125000000,
    "incomeBeforeTax": 306000000,
    "incomeBeforeTaxRatio": 0.0564888315,
    "incomeTaxExpense": 103000000,
    "netIncome": 204000000,
    "netIncomeRatio": 0.037659221,
    "eps": 0.24,
    "epsdiluted": 0.24,
    "weightedAverageShsOut": 866000000,
    "weightedAverageShsOutDil": 866000000,
    "link": "https://www.sec.gov/Archives/edgar/data/45012/000004501225000035/0000045012-25-000035-index.htm",
    "finalLink": "https://www.sec.gov/Archives/edgar/data/45012/000004501225000035/hal-20250331.htm"
  },
  {
    "date": "2024-12-31",
    "symbol": "HAL",
    "reportedCurrency": "USD",
    "cik": "0000045012",
    "fillingDate": "2025-02-12",
    "acceptedDate": "2025-02-12 15:03:21",
    "calendarYear": "2024",
    "period": "Q4",
    "revenue": 5610000000,
    "costOfRevenue": 4584000000,
    "grossProfit": 1026000000,
    "grossProfitRatio": 0.1828877005,
    "researchAndDevelopmentExpenses": 0,
    "generalAndAdministrativeExpenses": 61000000,
    "sellingAndMarketingExpenses": 0,
    "sellingGeneralAndAdministrativeExpenses": 61000000,
    "otherExpenses": 33000000,
    "operatingExpenses": 94000000,
    "costAndExpenses": 4678000000,
    "interestIncome": 25000000,
    "interestExpense": 109000000,
    "depreciationAndAmortization": 275000000,
    "ebitda": 1207000000,
    "ebitdaratio": 0.2151515152,
    "operatingIncome": 932000000,
    "operatingIncomeRatio": 0.1661319073,
    "totalOtherIncomeExpensesNet": -139000000,
    "incomeBeforeTax": 793000000,
    "incomeBeforeTaxRatio": 0.1413547237,
    "incomeTaxExpense": 179000000,
    "netIncome": 615000000,
    "netIncomeRatio": 0.1096256684,
    "eps": 0.7,
    "epsdiluted": 0.7,
    "weightedAverageShsOut": 875000000,
    "weightedAverageShsOutDil": 883000000,
    "link": "https://www.sec.gov/Archives/edgar/data/45012/000004501225000010/0000045012-25-000010-index.htm",
    "finalLink": "https://www.sec.gov/Archives/edgar/data/45012/000004501225000010/hal-20241231.htm"
  },
  {
    "date": "2024-09-30",
    "symbol": "HAL",
    "reportedCurrency": "USD",
    "cik": "0000045012",
    "fillingDate": "2024-11-07",
    "acceptedDate": "2024-11-07 11:57:26",
    "calendarYear": "2024",
    "period": "Q3",
    "revenue": 5697000000,
    "costOfRevenue": 4627000000,
    "grossProfit": 1070000000,
    "grossProfitRatio": 0.1878181499,
    "researchAndDevelopmentExpenses": 0,
    "generalAndAdministrativeExpenses": 55000000,
    "sellingAndMarketingExpenses": 0,
    "sellingGeneralAndAdministrativeExpenses": 55000000,
    "otherExpenses": 144000000,
    "operatingExpenses": 199000000,
    "costAndExpenses": 4826000000,
    "interestIncome": 28000000,
    "interestExpense": 113000000,
    "depreciationAndAmortization": 270000000,
    "ebitda": 1117000000,
    "ebitdaratio": 0.196068106,
    "operatingIncome": 871000000,
    "operatingIncomeRatio": 0.1528874846,
    "totalOtherIncomeExpensesNet": -137000000,
    "incomeBeforeTax": 734000000,
    "incomeBeforeTaxRatio": 0.1288397402,
    "incomeTaxExpense": 154000000,
    "netIncome": 571000000,
    "netIncomeRatio": 0.1002281903,
    "eps": 0.65,
    "epsdiluted": 0.65,
    "weightedAverageShsOut": 881000000,
    "weightedAverageShsOutDil": 881000000,
    "link": "https://www.sec.gov/Archives/edgar/data/45012/000004501224000063/0000045012-24-000063-index.htm",
    "finalLink": "https://www.sec.gov/Archives/edgar/data/45012/000004501224000063/hal-20240930.htm"
  },
  {
    "date": "2024-06-30",
    "symbol": "HAL",
    "reportedCurrency": "USD",
    "cik": "0000045012",
    "fillingDate": "2024-07-29",
    "acceptedDate": "2024-07-29 11:35:46",
    "calendarYear": "2024",
    "period": "Q2",
    "revenue": 5833000000,
    "costOfRevenue": 4710000000,
    "grossProfit": 1123000000,
    "grossProfitRatio": 0.1925252872,
    "researchAndDevelopmentExpenses": 0,
    "generalAndAdministrativeExpenses": 62000000,
    "sellingAndMarketingExpenses": 0,
    "sellingGeneralAndAdministrativeExpenses": 62000000,
    "otherExpenses": 29000000,
    "operatingExpenses": 91000000,
    "costAndExpenses": 4801000000,
    "interestIncome": 22000000,
    "interestExpense": 114000000,
    "depreciationAndAmortization": 271000000,
    "ebitda": 1305000000,
    "ebitdaratio": 0.2237270701,
    "operatingIncome": 1032000000,
    "operatingIncomeRatio": 0.1769243957,
    "totalOtherIncomeExpensesNet": -112000000,
    "incomeBeforeTax": 920000000,
    "incomeBeforeTaxRatio": 0.1577232985,
    "incomeTaxExpense": 207000000,
    "netIncome": 709000000,
    "netIncomeRatio": 0.1215498028,
    "eps": 0.8,
    "epsdiluted": 0.8,
    "weightedAverageShsOut": 884000000,
    "weightedAverageShsOutDil": 886000000,
    "link": "https://www.sec.gov/Archives/edgar/data/45012/000004501224000043/0000045012-24-000043-index.htm",
    "finalLink": "https://www.sec.gov/Archives/edgar/data/45012/000004501224000043/hal-20240630.htm"
  },
  {
    "date": "2024-03-31",
    "symbol": "HAL",
    "reportedCurrency": "USD",
    "cik": "0000045012",
    "fillingDate": "2024-04-24",
    "acceptedDate": "2024-04-24 11:32:30",
    "calendarYear": "2024",
    "period": "Q1",
    "revenue": 5804000000,
    "costOfRevenue": 4722000000,
    "grossProfit": 1082000000,
    "grossProfitRatio": 0.1864231564,
    "researchAndDevelopmentExpenses": 0,
    "generalAndAdministrativeExpenses": 61000000,
    "sellingAndMarketingExpenses": 0,
    "sellingGeneralAndAdministrativeExpenses": 61000000,
    "otherExpenses": 34000000,
    "operatingExpenses": 95000000,
    "costAndExpenses": 4817000000,
    "interestIncome": 22000000,
    "interestExpense": 114000000,
    "depreciationAndAmortization": 263000000,
    "ebitda": 1164000000,
    "ebitdaratio": 0.2005513439,
    "operatingIncome": 987000000,
    "operatingIncomeRatio": 0.1700551344,
    "totalOtherIncomeExpensesNet": -200000000,
    "incomeBeforeTax": 787000000,
    "incomeBeforeTaxRatio": 0.1355961406,
    "incomeTaxExpense": 178000000,
    "netIncome": 606000000,
    "netIncomeRatio": 0.1044107512,
    "eps": 0.68,
    "epsdiluted": 0.68,
    "weightedAverageShsOut": 889000000,
    "weightedAverageShsOutDil": 891000000,
    "link": "https://www.sec.gov/Archives/edgar/data/45012/000004501224000015/0000045012-24-000015-index.htm",
    "finalLink": "https://www.sec.gov/Archives/edgar/data/45012/000004501224000015/hal-20240331.htm"
  },
  {
    "date": "2023-12-31",
    "symbol": "HAL",
    "reportedCurrency": "USD",
    "cik": "0000045012",
    "fillingDate": "2024-02-06",
    "acceptedDate": "2024-02-06 14:42:35",
    "calendarYear": "2023",
    "period": "Q4",
    "revenue": 5739000000,
    "costOfRevenue": 4606000000,
    "grossProfit": 1133000000,
    "grossProfitRatio": 0.1974211535,
    "researchAndDevelopmentExpenses": 408000000,
    "generalAndAdministrativeExpenses": 60000000,
    "sellingAndMarketingExpenses": 0,
    "sellingGeneralAndAdministrativeExpenses": 60000000,
    "otherExpenses": -393000000,
    "operatingExpenses": 75000000,
    "costAndExpenses": 4681000000,
    "interestIncome": 81000000,
    "interestExpense": 314000000,
    "depreciationAndAmortization": 256000000,
    "ebitda": 1312000000,
    "ebitdaratio": 0.2286112563,
    "operatingIncome": 1058000000,
    "operatingIncomeRatio": 0.1843526747,
    "totalOtherIncomeExpensesNet": -223000000,
    "incomeBeforeTax": 835000000,
    "incomeBeforeTaxRatio": 0.145495731,
    "incomeTaxExpense": 168000000,
    "netIncome": 661000000,
    "netIncomeRatio": 0.1151768601,
    "eps": 0.74,
    "epsdiluted": 0.74,
    "weightedAverageShsOut": 893000000,
    "weightedAverageShsOutDil": 897000000,
    "link": "https://www.sec.gov/Archives/edgar/data/45012/000004501224000007/0000045012-24-000007-index.htm",
    "finalLink": "https://www.sec.gov/Archives/edgar/data/45012/000004501224000007/hal-20231231.htm"
  },
  {
    "date": "2023-09-30",
    "symbol": "HAL",
    "reportedCurrency": "USD",
    "cik": "0000045012",
    "fillingDate": "2023-10-25",
    "acceptedDate": "2023-10-25 14:37:04",
    "calendarYear": "2023",
    "period": "Q3",
    "revenue": 5804000000,
    "costOfRevenue": 4686000000,
    "grossProfit": 1118000000,
    "grossProfitRatio": 0.1926257753,
    "researchAndDevelopmentExpenses": 0,
    "generalAndAdministrativeExpenses": 58000000,
    "sellingAndMarketingExpenses": 0,
    "sellingGeneralAndAdministrativeExpenses": 58000000,
    "otherExpenses": 23000000,
    "operatingExpenses": 81000000,
    "costAndExpenses": 4767000000,
    "interestIncome": 24000000,
    "interestExpense": 118000000,
    "depreciationAndAmortization": 256000000,
    "ebitda": 1291000000,
    "ebitdaratio": 0.222432805,
    "operatingIncome": 1037000000,
    "operatingIncomeRatio": 0.1786698828,
    "totalOtherIncomeExpensesNet": -121000000,
    "incomeBeforeTax": 916000000,
    "incomeBeforeTaxRatio": 0.1578221916,
    "incomeTaxExpense": 192000000,
    "netIncome": 716000000,
    "netIncomeRatio": 0.1233631978,
    "eps": 0.8,
    "epsdiluted": 0.79,
    "weightedAverageShsOut": 898000000,
    "weightedAverageShsOutDil": 902000000,
    "link": "https://www.sec.gov/Archives/edgar/data/45012/000004501223000056/0000045012-23-000056-index.htm",
    "finalLink": "https://www.sec.gov/Archives/edgar/data/45012/000004501223000056/hal-20230930.htm"
  },
  {
    "date": "2023-06-30",
    "symbol": "HAL",
    "reportedCurrency": "USD",
    "cik": "0000045012",
    "fillingDate": "2023-07-26",
    "acceptedDate": "2023-07-26 10:28:09",
    "calendarYear": "2023",
    "period": "Q2",
    "revenue": 5798000000,
    "costOfRevenue": 4720000000,
    "grossProfit": 1078000000,
    "grossProfitRatio": 0.1859261814,
    "researchAndDevelopmentExpenses": 0,
    "generalAndAdministrativeExpenses": 54000000,
    "sellingAndMarketingExpenses": 0,
    "sellingGeneralAndAdministrativeExpenses": 54000000,
    "otherExpenses": 13000000,
    "operatingExpenses": 67000000,
    "costAndExpenses": 4787000000,
    "interestIncome": 18000000,
    "interestExpense": 120000000,
    "depreciationAndAmortization": 245000000,
    "ebitda": 1148000000,
    "ebitdaratio": 0.1979993101,
    "operatingIncome": 1011000000,
    "operatingIncomeRatio": 0.1743704726,
    "totalOtherIncomeExpensesNet": -228000000,
    "incomeBeforeTax": 783000000,
    "incomeBeforeTaxRatio": 0.1350465678,
    "incomeTaxExpense": 167000000,
    "netIncome": 610000000,
    "netIncomeRatio": 0.1052086927,
    "eps": 0.68,
    "epsdiluted": 0.68,
    "weightedAverageShsOut": 901000000,
    "weightedAverageShsOutDil": 903000000,
    "link": "https://www.sec.gov/Archives/edgar/data/45012/000004501223000046/0000045012-23-000046-index.htm",
    "finalLink": "https://www.sec.gov/Archives/edgar/data/45012/000004501223000046/hal-20230630.htm"
  },
  {
    "date": "2023-03-31",
    "symbol": "HAL",
    "reportedCurrency": "USD",
    "cik": "0000045012",
    "fillingDate": "2023-04-26",
    "acceptedDate": "2023-04-26 10:06:43",
    "calendarYear": "2023",
    "period": "Q1",
    "revenue": 5677000000,
    "costOfRevenue": 4646000000,
    "grossProfit": 1031000000,
    "grossProfitRatio": 0.1816100053,
    "researchAndDevelopmentExpenses": 0,
    "generalAndAdministrativeExpenses": 54000000,
    "sellingAndMarketingExpenses": 0,
    "sellingGeneralAndAdministrativeExpenses": 54000000,
    "otherExpenses": 0,
    "operatingExpenses": 54000000,
    "costAndExpenses": 4700000000,
    "interestIncome": 17000000,
    "interestExpense": 118000000,
    "depreciationAndAmortization": 241000000,
    "ebitda": 1188000000,
    "ebitdaratio": 0.2092654571,
    "operatingIncome": 977000000,
    "operatingIncomeRatio": 0.1720979391,
    "totalOtherIncomeExpensesNet": -148000000,
    "incomeBeforeTax": 829000000,
    "incomeBeforeTaxRatio": 0.1460278316,
    "incomeTaxExpense": 174000000,
    "netIncome": 651000000,
    "netIncomeRatio": 0.1146732429,
    "eps": 0.72,
    "epsdiluted": 0.72,
    "weightedAverageShsOut": 904000000,
    "weightedAverageShsOutDil": 907000000,
    "link": "https://www.sec.gov/Archives/edgar/data/45012/000004501223000027/0000045012-23-000027-index.htm",
    "finalLink": "https://www.sec.gov/Archives/edgar/data/45012/000004501223000027/hal-20230331.htm"
  },
  {
    "date": "2022-12-31",
    "symbol": "HAL",
    "reportedCurrency": "USD",
    "cik": "0000045012",
    "fillingDate": "2023-02-07",
    "acceptedDate": "2023-02-07 13:18:02",
    "calendarYear": "2022",
    "period": "Q4",
    "revenue": 5582000000,
    "costOfRevenue": 4544000000,
    "grossProfit": 1038000000,
    "grossProfitRatio": 0.1859548549,
    "researchAndDevelopmentExpenses": 0,
    "generalAndAdministrativeExpenses": 62000000,
    "sellingAndMarketingExpenses": 0,
    "sellingGeneralAndAdministrativeExpenses": 62000000,
    "otherExpenses": 0,
    "operatingExpenses": 62000000,
    "costAndExpenses": 4606000000,
    "interestIncome": 43000000,
    "interestExpense": 117000000,
    "depreciationAndAmortization": 236000000,
    "ebitda": 1195000000,
    "ebitdaratio": 0.2140809746,
    "operatingIncome": 976000000,
    "operatingIncomeRatio": 0.1748477248,
    "totalOtherIncomeExpensesNet": -134000000,
    "incomeBeforeTax": 842000000,
    "incomeBeforeTaxRatio": 0.1508419921,
    "incomeTaxExpense": 177000000,
    "netIncome": 656000000,
    "netIncomeRatio": 0.1175206019,
    "eps": 0.72,
    "epsdiluted": 0.72,
    "weightedAverageShsOut": 910000000,
    "weightedAverageShsOutDil": 910000000,
    "link": "https://www.sec.gov/Archives/edgar/data/45012/000004501223000011/0000045012-23-000011-index.htm",
    "finalLink": "https://www.sec.gov/Archives/edgar/data/45012/000004501223000011/hal-20221231.htm"
  },
  {
    "date": "2022-09-30",
    "symbol": "HAL",
    "reportedCurrency": "USD",
    "cik": "0000045012",
    "fillingDate": "2022-10-26",
    "acceptedDate": "2022-10-26 10:31:53",
    "calendarYear": "2022",
    "period": "Q3",
    "revenue": 5357000000,
    "costOfRevenue": 4452000000,
    "grossProfit": 905000000,
    "grossProfitRatio": 0.1689378383,
    "researchAndDevelopmentExpenses": 0,
    "generalAndAdministrativeExpenses": 59000000,
    "sellingAndMarketingExpenses": 0,
    "sellingGeneralAndAdministrativeExpenses": 59000000,
    "otherExpenses": 0,
    "operatingExpenses": 59000000,
    "costAndExpenses": 4511000000,
    "interestIncome": 31000000,
    "interestExpense": 124000000,
    "depreciationAndAmortization": 234000000,
    "ebitda": 1063000000,
    "ebitdaratio": 0.1984319582,
    "operatingIncome": 846000000,
    "operatingIncomeRatio": 0.1579242113,
    "totalOtherIncomeExpensesNet": -141000000,
    "incomeBeforeTax": 705000000,
    "incomeBeforeTaxRatio": 0.1316035094,
    "incomeTaxExpense": 156000000,
    "netIncome": 544000000,
    "netIncomeRatio": 0.1015493746,
    "eps": 0.6,
    "epsdiluted": 0.6,
    "weightedAverageShsOut": 908000000,
    "weightedAverageShsOutDil": 910000000,
    "link": "https://www.sec.gov/Archives/edgar/data/45012/000004501222000067/0000045012-22-000067-index.htm",
    "finalLink": "https://www.sec.gov/Archives/edgar/data/45012/000004501222000067/hal-20220930.htm"
  },
  {
    "date": "2022-06-30",
    "symbol": "HAL",
    "reportedCurrency": "USD",
    "cik": "0000045012",
    "fillingDate": "2022-07-22",
    "acceptedDate": "2022-07-22 11:43:30",
    "calendarYear": "2022",
    "period": "Q2",
    "revenue": 5074000000,
    "costOfRevenue": 4289000000,
    "grossProfit": 785000000,
    "grossProfitRatio": 0.1547102877,
    "researchAndDevelopmentExpenses": 0,
    "generalAndAdministrativeExpenses": 67000000,
    "sellingAndMarketingExpenses": 0,
    "sellingGeneralAndAdministrativeExpenses": 67000000,
    "otherExpenses": 344000000,
    "operatingExpenses": 411000000,
    "costAndExpenses": 4700000000,
    "interestIncome": 24000000,
    "interestExpense": 125000000,
    "depreciationAndAmortization": 238000000,
    "ebitda": 594000000,
    "ebitdaratio": 0.1170674024,
    "operatingIncome": 374000000,
    "operatingIncomeRatio": 0.0737091052,
    "totalOtherIncomeExpensesNet": -143000000,
    "incomeBeforeTax": 231000000,
    "incomeBeforeTaxRatio": 0.0455262121,
    "incomeTaxExpense": 114000000,
    "netIncome": 109000000,
    "netIncomeRatio": 0.0214820654,
    "eps": 0.12,
    "epsdiluted": 0.12,
    "weightedAverageShsOut": 904000000,
    "weightedAverageShsOutDil": 909000000,
    "link": "https://www.sec.gov/Archives/edgar/data/45012/000004501222000059/0000045012-22-000059-index.htm",
    "finalLink": "https://www.sec.gov/Archives/edgar/data/45012/000004501222000059/hal-20220630.htm"
  },
  {
    "date": "2022-03-31",
    "symbol": "HAL",
    "reportedCurrency": "USD",
    "cik": "0000045012",
    "fillingDate": "2022-04-22",
    "acceptedDate": "2022-04-22 10:52:54",
    "calendarYear": "2022",
    "period": "Q1",
    "revenue": 4284000000,
    "costOfRevenue": 3699000000,
    "grossProfit": 585000000,
    "grossProfitRatio": 0.1365546218,
    "researchAndDevelopmentExpenses": 0,
    "generalAndAdministrativeExpenses": 52000000,
    "sellingAndMarketingExpenses": 0,
    "sellingGeneralAndAdministrativeExpenses": 52000000,
    "otherExpenses": 22000000,
    "operatingExpenses": 74000000,
    "costAndExpenses": 3773000000,
    "interestIncome": 19000000,
    "interestExpense": 126000000,
    "depreciationAndAmortization": 232000000,
    "ebitda": 690000000,
    "ebitdaratio": 0.1610644258,
    "operatingIncome": 511000000,
    "operatingIncomeRatio": 0.1192810458,
    "totalOtherIncomeExpensesNet": -179000000,
    "incomeBeforeTax": 332000000,
    "incomeBeforeTaxRatio": 0.0774976657,
    "incomeTaxExpense": 68000000,
    "netIncome": 263000000,
    "netIncomeRatio": 0.0613912232,
    "eps": 0.29,
    "epsdiluted": 0.29,
    "weightedAverageShsOut": 899000000,
    "weightedAverageShsOutDil": 903000000,
    "link": "https://www.sec.gov/Archives/edgar/data/45012/000004501222000032/0000045012-22-000032-index.htm",
    "finalLink": "https://www.sec.gov/Archives/edgar/data/45012/000004501222000032/hal-20220331.htm"
  },
  {
    "date": "2021-12-31",
    "symbol": "HAL",
    "reportedCurrency": "USD",
    "cik": "0000045012",
    "fillingDate": "2022-02-04",
    "acceptedDate": "2022-02-04 13:14:35",
    "calendarYear": "2021",
    "period": "Q4",
    "revenue": 4277000000,
    "costOfRevenue": 3661000000,
    "grossProfit": 609000000,
    "grossProfitRatio": 0.1423895254,
    "researchAndDevelopmentExpenses": 321000000,
    "generalAndAdministrativeExpenses": 59000000,
    "sellingAndMarketingExpenses": 0,
    "sellingGeneralAndAdministrativeExpenses": 59000000,
    "otherExpenses": -321000000,
    "operatingExpenses": 59000000,
    "costAndExpenses": 3727000000,
    "interestIncome": 21000000,
    "interestExpense": 129000000,
    "depreciationAndAmortization": 231000000,
    "ebitda": 778000000,
    "ebitdaratio": 0.1819032032,
    "operatingIncome": 550000000,
    "operatingIncomeRatio": 0.1285948094,
    "totalOtherIncomeExpensesNet": -132000000,
    "incomeBeforeTax": 418000000,
    "incomeBeforeTaxRatio": 0.0977320552,
    "incomeTaxExpense": -409000000,
    "netIncome": 824000000,
    "netIncomeRatio": 0.1926584054,
    "eps": 0.92,
    "epsdiluted": 0.92,
    "weightedAverageShsOut": 896000000,
    "weightedAverageShsOutDil": 896000000,
    "link": "https://www.sec.gov/Archives/edgar/data/45012/000004501222000013/0000045012-22-000013-index.htm",
    "finalLink": "https://www.sec.gov/Archives/edgar/data/45012/000004501222000013/hal-20211231.htm"
  },
  {
    "date": "2021-09-30",
    "symbol": "HAL",
    "reportedCurrency": "USD",
    "cik": "0000045012",
    "fillingDate": "2021-10-22",
    "acceptedDate": "2021-10-22 10:56:07",
    "calendarYear": "2021",
    "period": "Q3",
    "revenue": 3860000000,
    "costOfRevenue": 3356000000,
    "grossProfit": 504000000,
    "grossProfitRatio": 0.1305699482,
    "researchAndDevelopmentExpenses": 0,
    "generalAndAdministrativeExpenses": 46000000,
    "sellingAndMarketingExpenses": 0,
    "sellingGeneralAndAdministrativeExpenses": 46000000,
    "otherExpenses": 12000000,
    "operatingExpenses": 58000000,
    "costAndExpenses": 3414000000,
    "interestIncome": 15000000,
    "interestExpense": 131000000,
    "depreciationAndAmortization": 224000000,
    "ebitda": 671000000,
    "ebitdaratio": 0.1738341969,
    "operatingIncome": 446000000,
    "operatingIncomeRatio": 0.1155440415,
    "totalOtherIncomeExpensesNet": -130000000,
    "incomeBeforeTax": 316000000,
    "incomeBeforeTaxRatio": 0.081865285,
    "incomeTaxExpense": 76000000,
    "netIncome": 236000000,
    "netIncomeRatio": 0.0611398964,
    "eps": 0.26,
    "epsdiluted": 0.26,
    "weightedAverageShsOut": 894000000,
    "weightedAverageShsOutDil": 894000000,
    "link": "https://www.sec.gov/Archives/edgar/data/45012/000004501221000056/0000045012-21-000056-index.htm",
    "finalLink": "https://www.sec.gov/Archives/edgar/data/45012/000004501221000056/hal-20210930.htm"
  },
  {
    "date": "2021-06-30",
    "symbol": "HAL",
    "reportedCurrency": "USD",
    "cik": "0000045012",
    "fillingDate": "2021-07-23",
    "acceptedDate": "2021-07-23 10:44:19",
    "calendarYear": "2021",
    "period": "Q2",
    "revenue": 3707000000,
    "costOfRevenue": 3222000000,
    "grossProfit": 485000000,
    "grossProfitRatio": 0.1308335581,
    "researchAndDevelopmentExpenses": 0,
    "generalAndAdministrativeExpenses": 51000000,
    "sellingAndMarketingExpenses": 0,
    "sellingGeneralAndAdministrativeExpenses": 51000000,
    "otherExpenses": 0,
    "operatingExpenses": 51000000,
    "costAndExpenses": 3273000000,
    "interestIncome": 14000000,
    "interestExpense": 134000000,
    "depreciationAndAmortization": 223000000,
    "ebitda": 652000000,
    "ebitdaratio": 0.1758834637,
    "operatingIncome": 434000000,
    "operatingIncomeRatio": 0.1170758025,
    "totalOtherIncomeExpensesNet": -139000000,
    "incomeBeforeTax": 295000000,
    "incomeBeforeTaxRatio": 0.0795791745,
    "incomeTaxExpense": 65000000,
    "netIncome": 227000000,
    "netIncomeRatio": 0.0612355004,
    "eps": 0.26,
    "epsdiluted": 0.26,
    "weightedAverageShsOut": 890000000,
    "weightedAverageShsOutDil": 890000000,
    "link": "https://www.sec.gov/Archives/edgar/data/45012/000004501221000045/0000045012-21-000045-index.htm",
    "finalLink": "https://www.sec.gov/Archives/edgar/data/45012/000004501221000045/hal-20210630.htm"
  },
  {
    "date": "2021-03-31",
    "symbol": "HAL",
    "reportedCurrency": "USD",
    "cik": "0000045012",
    "fillingDate": "2021-04-27",
    "acceptedDate": "2021-04-27 14:54:31",
    "calendarYear": "2021",
    "period": "Q1",
    "revenue": 3451000000,
    "costOfRevenue": 3033000000,
    "grossProfit": 418000000,
    "grossProfitRatio": 0.1211243118,
    "researchAndDevelopmentExpenses": 0,
    "generalAndAdministrativeExpenses": 48000000,
    "sellingAndMarketingExpenses": 0,
    "sellingGeneralAndAdministrativeExpenses": 48000000,
    "otherExpenses": 0,
    "operatingExpenses": 48000000,
    "costAndExpenses": 3081000000,
    "interestIncome": 10000000,
    "interestExpense": 135000000,
    "depreciationAndAmortization": 226000000,
    "ebitda": 584000000,
    "ebitdaratio": 0.1692263112,
    "operatingIncome": 370000000,
    "operatingIncomeRatio": 0.1072152999,
    "totalOtherIncomeExpensesNet": -147000000,
    "incomeBeforeTax": 223000000,
    "incomeBeforeTaxRatio": 0.064618951,
    "incomeTaxExpense": 52000000,
    "netIncome": 170000000,
    "netIncomeRatio": 0.0492610837,
    "eps": 0.19,
    "epsdiluted": 0.19,
    "weightedAverageShsOut": 889000000,
    "weightedAverageShsOutDil": 889000000,
    "link": "https://www.sec.gov/Archives/edgar/data/45012/000004501221000019/0000045012-21-000019-index.htm",
    "finalLink": "https://www.sec.gov/Archives/edgar/data/45012/000004501221000019/hal-20210331.htm"
  },
  {
    "date": "2020-12-31",
    "symbol": "HAL",
    "reportedCurrency": "USD",
    "cik": "0000045012",
    "fillingDate": "2021-02-05",
    "acceptedDate": "2021-02-05 17:09:04",
    "calendarYear": "2020",
    "period": "Q4",
    "revenue": 3237000000,
    "costOfRevenue": 2843000000,
    "grossProfit": 394000000,
    "grossProfitRatio": 0.1217176398,
    "researchAndDevelopmentExpenses": 309000000,
    "generalAndAdministrativeExpenses": 44000000,
    "sellingAndMarketingExpenses": 0,
    "sellingGeneralAndAdministrativeExpenses": 44000000,
    "otherExpenses": 137000000,
    "operatingExpenses": 490000000,
    "costAndExpenses": 3333000000,
    "interestIncome": 10000000,
    "interestExpense": 135000000,
    "depreciationAndAmortization": 229000000,
    "ebitda": 124000000,
    "ebitdaratio": 0.0383070745,
    "operatingIncome": -96000000,
    "operatingIncomeRatio": -0.0296570899,
    "totalOtherIncomeExpensesNet": -144000000,
    "incomeBeforeTax": -240000000,
    "incomeBeforeTaxRatio": -0.0741427247,
    "incomeTaxExpense": -13000000,
    "netIncome": -235000000,
    "netIncomeRatio": -0.0725980846,
    "eps": -0.27,
    "epsdiluted": -0.27,
    "weightedAverageShsOut": 884173297,
    "weightedAverageShsOutDil": 885000000,
    "link": "https://www.sec.gov/Archives/edgar/data/45012/000004501221000009/0000045012-21-000009-index.htm",
    "finalLink": "https://www.sec.gov/Archives/edgar/data/45012/000004501221000009/hal-20201231.htm"
  },
  {
    "date": "2020-09-30",
    "symbol": "HAL",
    "reportedCurrency": "USD",
    "cik": "0000045012",
    "fillingDate": "2020-10-23",
    "acceptedDate": "2020-10-23 10:00:46",
    "calendarYear": "2020",
    "period": "Q3",
    "revenue": 2975000000,
    "costOfRevenue": 2659000000,
    "grossProfit": 316000000,
    "grossProfitRatio": 0.1062184874,
    "researchAndDevelopmentExpenses": 0,
    "generalAndAdministrativeExpenses": 41000000,
    "sellingAndMarketingExpenses": 0,
    "sellingGeneralAndAdministrativeExpenses": 41000000,
    "otherExpenses": 133000000,
    "operatingExpenses": 174000000,
    "costAndExpenses": 2833000000,
    "interestIncome": 11000000,
    "interestExpense": 133000000,
    "depreciationAndAmortization": 230000000,
    "ebitda": 362000000,
    "ebitdaratio": 0.1216806723,
    "operatingIncome": 142000000,
    "operatingIncomeRatio": 0.0477310924,
    "totalOtherIncomeExpensesNet": -143000000,
    "incomeBeforeTax": -1000000,
    "incomeBeforeTaxRatio": -0.0003361345,
    "incomeTaxExpense": 18000000,
    "netIncome": -17000000,
    "netIncomeRatio": -0.0057142857,
    "eps": -0.02,
    "epsdiluted": -0.0193,
    "weightedAverageShsOut": 850000000,
    "weightedAverageShsOutDil": 882000000,
    "link": "https://www.sec.gov/Archives/edgar/data/45012/000004501220000107/0000045012-20-000107-index.htm",
    "finalLink": "https://www.sec.gov/Archives/edgar/data/45012/000004501220000107/hal-20200930.htm"
  },
  {
    "date": "2020-06-30",
    "symbol": "HAL",
    "reportedCurrency": "USD",
    "cik": "0000045012",
    "fillingDate": "2020-07-24",
    "acceptedDate": "2020-07-24 10:57:47",
    "calendarYear": "2020",
    "period": "Q2",
    "revenue": 3196000000,
    "costOfRevenue": 2917000000,
    "grossProfit": 279000000,
    "grossProfitRatio": 0.0872966208,
    "researchAndDevelopmentExpenses": 0,
    "generalAndAdministrativeExpenses": 43000000,
    "sellingAndMarketingExpenses": 0,
    "sellingGeneralAndAdministrativeExpenses": 43000000,
    "otherExpenses": 2147000000,
    "operatingExpenses": 2190000000,
    "costAndExpenses": 5107000000,
    "interestIncome": 7000000,
    "interestExpense": 131000000,
    "depreciationAndAmortization": 251000000,
    "ebitda": -1701000000,
    "ebitdaratio": -0.5322277847,
    "operatingIncome": -1911000000,
    "operatingIncomeRatio": -0.5979349186,
    "totalOtherIncomeExpensesNet": -172000000,
    "incomeBeforeTax": -2083000000,
    "incomeBeforeTaxRatio": -0.6517521902,
    "incomeTaxExpense": -402000000,
    "netIncome": -1676000000,
    "netIncomeRatio": -0.5244055069,
    "eps": -1.91,
    "epsdiluted": -1.91,
    "weightedAverageShsOut": 877000000,
    "weightedAverageShsOutDil": 877000000,
    "link": "https://www.sec.gov/Archives/edgar/data/45012/000004501220000089/0000045012-20-000089-index.htm",
    "finalLink": "https://www.sec.gov/Archives/edgar/data/45012/000004501220000089/hal-20200630.htm"
  },
  {
    "date": "2020-03-31",
    "symbol": "HAL",
    "reportedCurrency": "USD",
    "cik": "0000045012",
    "fillingDate": "2020-04-24",
    "acceptedDate": "2020-04-24 10:36:08",
    "calendarYear": "2020",
    "period": "Q1",
    "revenue": 5037000000,
    "costOfRevenue": 4481000000,
    "grossProfit": 556000000,
    "grossProfitRatio": 0.1103831646,
    "researchAndDevelopmentExpenses": 0,
    "generalAndAdministrativeExpenses": 54000000,
    "sellingAndMarketingExpenses": 0,
    "sellingGeneralAndAdministrativeExpenses": 54000000,
    "otherExpenses": 1073000000,
    "operatingExpenses": 1127000000,
    "costAndExpenses": 5608000000,
    "interestIncome": 10000000,
    "interestExpense": 144000000,
    "depreciationAndAmortization": 348000000,
    "ebitda": -404000000,
    "ebitdaratio": -0.0802064721,
    "operatingIncome": -571000000,
    "operatingIncomeRatio": -0.1133611277,
    "totalOtherIncomeExpensesNet": -325000000,
    "incomeBeforeTax": -896000000,
    "incomeBeforeTaxRatio": -0.1778836609,
    "incomeTaxExpense": 119000000,
    "netIncome": -1017000000,
    "netIncomeRatio": -0.2019058964,
    "eps": -1.16,
    "epsdiluted": -1.16,
    "weightedAverageShsOut": 876724137,
    "weightedAverageShsOutDil": 878000000,
    "link": "https://www.sec.gov/Archives/edgar/data/45012/000004501220000059/0000045012-20-000059-index.htm",
    "finalLink": "https://www.sec.gov/Archives/edgar/data/45012/000004501220000059/hal-20200331.htm"
  },
  {
    "date": "2019-12-31",
    "symbol": "HAL",
    "reportedCurrency": "USD",
    "cik": "0000045012",
    "fillingDate": "2020-02-11",
    "acceptedDate": "2020-02-11 16:57:53",
    "calendarYear": "2019",
    "period": "Q4",
    "revenue": 5191000000,
    "costOfRevenue": 4586000000,
    "grossProfit": 605000000,
    "grossProfitRatio": 0.1165478713,
    "researchAndDevelopmentExpenses": 404000000,
    "generalAndAdministrativeExpenses": 59000000,
    "sellingAndMarketingExpenses": 0,
    "sellingGeneralAndAdministrativeExpenses": 59000000,
    "otherExpenses": -115000000,
    "operatingExpenses": 59000000,
    "costAndExpenses": 4645000000,
    "interestIncome": 5000000,
    "interestExpense": 146000000,
    "depreciationAndAmortization": 372000000,
    "ebitda": -1319000000,
    "ebitdaratio": -0.2540936236,
    "operatingIncome": -1652000000,
    "operatingIncomeRatio": -0.3182431131,
    "totalOtherIncomeExpensesNet": -185000000,
    "incomeBeforeTax": -1837000000,
    "incomeBeforeTaxRatio": -0.3538817184,
    "incomeTaxExpense": -183000000,
    "netIncome": -1653000000,
    "netIncomeRatio": -0.3184357542,
    "eps": -1.88,
    "epsdiluted": -1.88,
    "weightedAverageShsOut": 877601879,
    "weightedAverageShsOutDil": 878000000,
    "link": "https://www.sec.gov/Archives/edgar/data/45012/000004501220000031/0000045012-20-000031-index.htm",
    "finalLink": "https://www.sec.gov/Archives/edgar/data/45012/000004501220000031/hal12312019-10k.htm"
  },
  {
    "date": "2019-09-30",
    "symbol": "HAL",
    "reportedCurrency": "USD",
    "cik": "0000045012",
    "fillingDate": "2019-10-25",
    "acceptedDate": "2019-10-25 10:39:26",
    "calendarYear": "2019",
    "period": "Q3",
    "revenue": 5550000000,
    "costOfRevenue": 4961000000,
    "grossProfit": 589000000,
    "grossProfitRatio": 0.1061261261,
    "researchAndDevelopmentExpenses": 0,
    "generalAndAdministrativeExpenses": 53000000,
    "sellingAndMarketingExpenses": 0,
    "sellingGeneralAndAdministrativeExpenses": 53000000,
    "otherExpenses": 0,
    "operatingExpenses": 53000000,
    "costAndExpenses": 5014000000,
    "interestIncome": 6000000,
    "interestExpense": 147000000,
    "depreciationAndAmortization": 417000000,
    "ebitda": 936000000,
    "ebitdaratio": 0.1686486486,
    "operatingIncome": 536000000,
    "operatingIncomeRatio": 0.0965765766,
    "totalOtherIncomeExpensesNet": -164000000,
    "incomeBeforeTax": 372000000,
    "incomeBeforeTaxRatio": 0.067027027,
    "incomeTaxExpense": 76000000,
    "netIncome": 295000000,
    "netIncomeRatio": 0.0531531532,
    "eps": 0.34,
    "epsdiluted": 0.34,
    "weightedAverageShsOut": 876000000,
    "weightedAverageShsOutDil": 876000000,
    "link": "https://www.sec.gov/Archives/edgar/data/45012/000004501219000152/0000045012-19-000152-index.htm",
    "finalLink": "https://www.sec.gov/Archives/edgar/data/45012/000004501219000152/hal09302019-10q.htm"
  },
  {
    "date": "2019-06-30",
    "symbol": "HAL",
    "reportedCurrency": "USD",
    "cik": "0000045012",
    "fillingDate": "2019-07-26",
    "acceptedDate": "2019-07-26 10:05:46",
    "calendarYear": "2019",
    "period": "Q2",
    "revenue": 5930000000,
    "costOfRevenue": 5324000000,
    "grossProfit": 606000000,
    "grossProfitRatio": 0.1021922428,
    "researchAndDevelopmentExpenses": 0,
    "generalAndAdministrativeExpenses": 56000000,
    "sellingAndMarketingExpenses": 0,
    "sellingGeneralAndAdministrativeExpenses": 56000000,
    "otherExpenses": 0,
    "operatingExpenses": 56000000,
    "costAndExpenses": 5380000000,
    "interestIncome": 4000000,
    "interestExpense": 148000000,
    "depreciationAndAmortization": 420000000,
    "ebitda": 719000000,
    "ebitdaratio": 0.1212478921,
    "operatingIncome": 303000000,
    "operatingIncomeRatio": 0.0510961214,
    "totalOtherIncomeExpensesNet": -152000000,
    "incomeBeforeTax": 151000000,
    "incomeBeforeTaxRatio": 0.0254637437,
    "incomeTaxExpense": 74000000,
    "netIncome": 75000000,
    "netIncomeRatio": 0.0126475548,
    "eps": 0.0858,
    "epsdiluted": 0.0857,
    "weightedAverageShsOut": 874000000,
    "weightedAverageShsOutDil": 875000000,
    "link": "https://www.sec.gov/Archives/edgar/data/45012/000004501219000112/0000045012-19-000112-index.htm",
    "finalLink": "https://www.sec.gov/Archives/edgar/data/45012/000004501219000112/hal06302019-10q.htm"
  },
  {
    "date": "2019-03-31",
    "symbol": "HAL",
    "reportedCurrency": "USD",
    "cik": "0000045012",
    "fillingDate": "2019-04-26",
    "acceptedDate": "2019-04-26 09:58:52",
    "calendarYear": "2019",
    "period": "Q1",
    "revenue": 5737000000,
    "costOfRevenue": 5252000000,
    "grossProfit": 485000000,
    "grossProfitRatio": 0.0845389576,
    "researchAndDevelopmentExpenses": 0,
    "generalAndAdministrativeExpenses": 59000000,
    "sellingAndMarketingExpenses": 0,
    "sellingGeneralAndAdministrativeExpenses": 59000000,
    "otherExpenses": 0,
    "operatingExpenses": 59000000,
    "costAndExpenses": 5311000000,
    "interestIncome": 8000000,
    "interestExpense": 151000000,
    "depreciationAndAmortization": 416000000,
    "ebitda": 759000000,
    "ebitdaratio": 0.132299111,
    "operatingIncome": 365000000,
    "operatingIncomeRatio": 0.0636221021,
    "totalOtherIncomeExpensesNet": -173000000,
    "incomeBeforeTax": 192000000,
    "incomeBeforeTaxRatio": 0.0334669688,
    "incomeTaxExpense": 40000000,
    "netIncome": 152000000,
    "netIncomeRatio": 0.0264946836,
    "eps": 0.17,
    "epsdiluted": 0.17,
    "weightedAverageShsOut": 873000000,
    "weightedAverageShsOutDil": 873000000,
    "link": "https://www.sec.gov/Archives/edgar/data/45012/000004501219000084/0000045012-19-000084-index.htm",
    "finalLink": "https://www.sec.gov/Archives/edgar/data/45012/000004501219000084/hal03312019-10q.htm"
  },
  {
    "date": "2018-12-31",
    "symbol": "HAL",
    "reportedCurrency": "USD",
    "cik": "0000045012",
    "fillingDate": "2019-02-13",
    "acceptedDate": "2019-02-13 15:07:24",
    "calendarYear": "2018",
    "period": "Q4",
    "revenue": 5936000000,
    "costOfRevenue": 5269000000,
    "grossProfit": 667000000,
    "grossProfitRatio": 0.1123652291,
    "researchAndDevelopmentExpenses": 390000000,
    "generalAndAdministrativeExpenses": 59000000,
    "sellingAndMarketingExpenses": 0,
    "sellingGeneralAndAdministrativeExpenses": 59000000,
    "otherExpenses": -13000000,
    "operatingExpenses": 59000000,
    "costAndExpenses": 5328000000,
    "interestIncome": 0,
    "interestExpense": 137000000,
    "depreciationAndAmortization": 422000000,
    "ebitda": 1028000000,
    "ebitdaratio": 0.173180593,
    "operatingIncome": 608000000,
    "operatingIncomeRatio": 0.102425876,
    "totalOtherIncomeExpensesNet": -150000000,
    "incomeBeforeTax": 458000000,
    "incomeBeforeTaxRatio": 0.0771563342,
    "incomeTaxExpense": -210000000,
    "netIncome": 664000000,
    "netIncomeRatio": 0.1118598383,
    "eps": 0.76,
    "epsdiluted": 0.76,
    "weightedAverageShsOut": 872000000,
    "weightedAverageShsOutDil": 873000000,
    "link": "https://www.sec.gov/Archives/edgar/data/45012/000004501219000044/0000045012-19-000044-index.htm",
    "finalLink": "https://www.sec.gov/Archives/edgar/data/45012/000004501219000044/hal12312018-10k.htm"
  },
  {
    "date": "2018-09-30",
    "symbol": "HAL",
    "reportedCurrency": "USD",
    "cik": "0000045012",
    "fillingDate": "2018-10-26",
    "acceptedDate": "2018-10-26 10:02:02",
    "calendarYear": "2018",
    "period": "Q3",
    "revenue": 6172000000,
    "costOfRevenue": 5384000000,
    "grossProfit": 788000000,
    "grossProfitRatio": 0.1276733636,
    "researchAndDevelopmentExpenses": 0,
    "generalAndAdministrativeExpenses": 72000000,
    "sellingAndMarketingExpenses": 0,
    "sellingGeneralAndAdministrativeExpenses": 72000000,
    "otherExpenses": 0,
    "operatingExpenses": 72000000,
    "costAndExpenses": 5456000000,
    "interestIncome": 10000000,
    "interestExpense": 150000000,
    "depreciationAndAmortization": 400000000,
    "ebitda": 1084000000,
    "ebitdaratio": 0.1756318859,
    "operatingIncome": 716000000,
    "operatingIncomeRatio": 0.1160077771,
    "totalOtherIncomeExpensesNet": -182000000,
    "incomeBeforeTax": 534000000,
    "incomeBeforeTaxRatio": 0.0865197667,
    "incomeTaxExpense": 100000000,
    "netIncome": 435000000,
    "netIncomeRatio": 0.0704795852,
    "eps": 0.5,
    "epsdiluted": 0.5,
    "weightedAverageShsOut": 877000000,
    "weightedAverageShsOutDil": 878000000,
    "link": "https://www.sec.gov/Archives/edgar/data/45012/000004501218000168/0000045012-18-000168-index.htm",
    "finalLink": "https://www.sec.gov/Archives/edgar/data/45012/000004501218000168/hal09302018-10q.htm"
  },
  {
    "date": "2018-06-30",
    "symbol": "HAL",
    "reportedCurrency": "USD",
    "cik": "0000045012",
    "fillingDate": "2018-07-27",
    "acceptedDate": "2018-07-27 11:05:30",
    "calendarYear": "2018",
    "period": "Q2",
    "revenue": 6147000000,
    "costOfRevenue": 5293000000,
    "grossProfit": 854000000,
    "grossProfitRatio": 0.1389295591,
    "researchAndDevelopmentExpenses": 0,
    "generalAndAdministrativeExpenses": 65000000,
    "sellingAndMarketingExpenses": 0,
    "sellingGeneralAndAdministrativeExpenses": 65000000,
    "otherExpenses": 0,
    "operatingExpenses": 65000000,
    "costAndExpenses": 5358000000,
    "interestIncome": 13000000,
    "interestExpense": 150000000,
    "depreciationAndAmortization": 390000000,
    "ebitda": 1173000000,
    "ebitdaratio": 0.1908247926,
    "operatingIncome": 789000000,
    "operatingIncomeRatio": 0.1283552953,
    "totalOtherIncomeExpensesNet": -156000000,
    "incomeBeforeTax": 633000000,
    "incomeBeforeTaxRatio": 0.102977062,
    "incomeTaxExpense": 125000000,
    "netIncome": 511000000,
    "netIncomeRatio": 0.0831299821,
    "eps": 0.58,
    "epsdiluted": 0.58,
    "weightedAverageShsOut": 877000000,
    "weightedAverageShsOutDil": 880000000,
    "link": "https://www.sec.gov/Archives/edgar/data/45012/000004501218000120/0000045012-18-000120-index.htm",
    "finalLink": "https://www.sec.gov/Archives/edgar/data/45012/000004501218000120/hal_06302018-10q.htm"
  },
  {
    "date": "2018-03-31",
    "symbol": "HAL",
    "reportedCurrency": "USD",
    "cik": "0000045012",
    "fillingDate": "2018-04-27",
    "acceptedDate": "2018-04-27 10:44:17",
    "calendarYear": "2018",
    "period": "Q1",
    "revenue": 5740000000,
    "costOfRevenue": 5063000000,
    "grossProfit": 677000000,
    "grossProfitRatio": 0.1179442509,
    "researchAndDevelopmentExpenses": 0,
    "generalAndAdministrativeExpenses": 58000000,
    "sellingAndMarketingExpenses": 0,
    "sellingGeneralAndAdministrativeExpenses": 58000000,
    "otherExpenses": 0,
    "operatingExpenses": 58000000,
    "costAndExpenses": 5121000000,
    "interestIncome": 0,
    "interestExpense": 140000000,
    "depreciationAndAmortization": 394000000,
    "ebitda": 733000000,
    "ebitdaratio": 0.1277003484,
    "operatingIncome": 354000000,
    "operatingIncomeRatio": 0.0616724739,
    "totalOtherIncomeExpensesNet": -165000000,
    "incomeBeforeTax": 189000000,
    "incomeBeforeTaxRatio": 0.0329268293,
    "incomeTaxExpense": 142000000,
    "netIncome": 46000000,
    "netIncomeRatio": 0.0080139373,
    "eps": 0.0526,
    "epsdiluted": 0.0524,
    "weightedAverageShsOut": 875000000,
    "weightedAverageShsOutDil": 878000000,
    "link": "https://www.sec.gov/Archives/edgar/data/45012/000004501218000086/0000045012-18-000086-index.htm",
    "finalLink": "https://www.sec.gov/Archives/edgar/data/45012/000004501218000086/hal_03312018-10q.htm"
  },
  {
    "date": "2017-12-31",
    "symbol": "HAL",
    "reportedCurrency": "USD",
    "cik": "0000045012",
    "fillingDate": "2018-02-09",
    "acceptedDate": "2018-02-09 09:50:46",
    "calendarYear": "2017",
    "period": "Q4",
    "revenue": 5940000000,
    "costOfRevenue": 5105000000,
    "grossProfit": 835000000,
    "grossProfitRatio": 0.1405723906,
    "researchAndDevelopmentExpenses": 0,
    "generalAndAdministrativeExpenses": 71000000,
    "sellingAndMarketingExpenses": 0,
    "sellingGeneralAndAdministrativeExpenses": 71000000,
    "otherExpenses": 0,
    "operatingExpenses": 71000000,
    "costAndExpenses": 5176000000,
    "interestIncome": 0,
    "interestExpense": 115000000,
    "depreciationAndAmortization": 393000000,
    "ebitda": 783000000,
    "ebitdaratio": 0.1318181818,
    "operatingIncome": 379000000,
    "operatingIncomeRatio": 0.0638047138,
    "totalOtherIncomeExpensesNet": -135000000,
    "incomeBeforeTax": 244000000,
    "incomeBeforeTaxRatio": 0.0410774411,
    "incomeTaxExpense": 1050000000,
    "netIncome": -824000000,
    "netIncomeRatio": -0.1387205387,
    "eps": -0.94,
    "epsdiluted": -0.94,
    "weightedAverageShsOut": 873000000,
    "weightedAverageShsOutDil": 873000000,
    "link": "https://www.sec.gov/Archives/edgar/data/45012/000004501218000059/0000045012-18-000059-index.htm",
    "finalLink": "https://www.sec.gov/Archives/edgar/data/45012/000004501218000059/hal_12312017-10k.htm"
  },
  {
    "date": "2017-09-30",
    "symbol": "HAL",
    "reportedCurrency": "USD",
    "cik": "0000045012",
    "fillingDate": "2017-10-27",
    "acceptedDate": "2017-10-27 09:29:03",
    "calendarYear": "2017",
    "period": "Q3",
    "revenue": 5444000000,
    "costOfRevenue": 4755000000,
    "grossProfit": 689000000,
    "grossProfitRatio": 0.1265613519,
    "researchAndDevelopmentExpenses": 0,
    "generalAndAdministrativeExpenses": 55000000,
    "sellingAndMarketingExpenses": 0,
    "sellingGeneralAndAdministrativeExpenses": 55000000,
    "otherExpenses": 0,
    "operatingExpenses": 55000000,
    "costAndExpenses": 4810000000,
    "interestIncome": 30000000,
    "interestExpense": 145000000,
    "depreciationAndAmortization": 394000000,
    "ebitda": 1035000000,
    "ebitdaratio": 0.1901175606,
    "operatingIncome": 634000000,
    "operatingIncomeRatio": 0.1164584864,
    "totalOtherIncomeExpensesNet": -138000000,
    "incomeBeforeTax": 496000000,
    "incomeBeforeTaxRatio": 0.0911094783,
    "incomeTaxExpense": 135000000,
    "netIncome": 365000000,
    "netIncomeRatio": 0.0670462895,
    "eps": 0.42,
    "epsdiluted": 0.42,
    "weightedAverageShsOut": 872000000,
    "weightedAverageShsOutDil": 873000000,
    "link": "https://www.sec.gov/Archives/edgar/data/45012/000004501217000218/0000045012-17-000218-index.htm",
    "finalLink": "https://www.sec.gov/Archives/edgar/data/45012/000004501217000218/hal_09302017-10q.htm"
  },
  {
    "date": "2017-06-30",
    "symbol": "HAL",
    "reportedCurrency": "USD",
    "cik": "0000045012",
    "fillingDate": "2017-07-28",
    "acceptedDate": "2017-07-28 10:05:26",
    "calendarYear": "2017",
    "period": "Q2",
    "revenue": 4957000000,
    "costOfRevenue": 4474000000,
    "grossProfit": 483000000,
    "grossProfitRatio": 0.0974379665,
    "researchAndDevelopmentExpenses": 0,
    "generalAndAdministrativeExpenses": 75000000,
    "sellingAndMarketingExpenses": 0,
    "sellingGeneralAndAdministrativeExpenses": 75000000,
    "otherExpenses": 0,
    "operatingExpenses": 75000000,
    "costAndExpenses": 4549000000,
    "interestIncome": 0,
    "interestExpense": 121000000,
    "depreciationAndAmortization": 386000000,
    "ebitda": 534000000,
    "ebitdaratio": 0.1077264474,
    "operatingIncome": 146000000,
    "operatingIncomeRatio": 0.0294532984,
    "totalOtherIncomeExpensesNet": -147000000,
    "incomeBeforeTax": -1000000,
    "incomeBeforeTaxRatio": -0.0002017349,
    "incomeTaxExpense": -29000000,
    "netIncome": 28000000,
    "netIncomeRatio": 0.0056485778,
    "eps": 0.0322,
    "epsdiluted": 0.0321,
    "weightedAverageShsOut": 869000000,
    "weightedAverageShsOutDil": 871000000,
    "link": "https://www.sec.gov/Archives/edgar/data/45012/000004501217000159/0000045012-17-000159-index.htm",
    "finalLink": "https://www.sec.gov/Archives/edgar/data/45012/000004501217000159/hal_06302017-10q.htm"
  },
  {
    "date": "2017-03-31",
    "symbol": "HAL",
    "reportedCurrency": "USD",
    "cik": "0000045012",
    "fillingDate": "2017-04-28",
    "acceptedDate": "2017-04-28 09:28:52",
    "calendarYear": "2017",
    "period": "Q1",
    "revenue": 4279000000,
    "costOfRevenue": 4021000000,
    "grossProfit": 258000000,
    "grossProfitRatio": 0.0602944613,
    "researchAndDevelopmentExpenses": 0,
    "generalAndAdministrativeExpenses": 55000000,
    "sellingAndMarketingExpenses": 0,
    "sellingGeneralAndAdministrativeExpenses": 55000000,
    "otherExpenses": 0,
    "operatingExpenses": 55000000,
    "costAndExpenses": 4076000000,
    "interestIncome": 0,
    "interestExpense": 242000000,
    "depreciationAndAmortization": 383000000,
    "ebitda": 695000000,
    "ebitdaratio": 0.1624211264,
    "operatingIncome": 203000000,
    "operatingIncomeRatio": 0.0474409909,
    "totalOtherIncomeExpensesNet": -260000000,
    "incomeBeforeTax": -57000000,
    "incomeBeforeTaxRatio": -0.0133208694,
    "incomeTaxExpense": -25000000,
    "netIncome": -32000000,
    "netIncomeRatio": -0.0074783828,
    "eps": -0.0369,
    "epsdiluted": -0.0369,
    "weightedAverageShsOut": 867000000,
    "weightedAverageShsOutDil": 867000000,
    "link": "https://www.sec.gov/Archives/edgar/data/45012/000004501217000091/0000045012-17-000091-index.htm",
    "finalLink": "https://www.sec.gov/Archives/edgar/data/45012/000004501217000091/hal_03312017-10q.htm"
  },
  {
    "date": "2016-12-31",
    "symbol": "HAL",
    "reportedCurrency": "USD",
    "cik": "0000045012",
    "fillingDate": "2017-02-07",
    "acceptedDate": "2017-02-07 12:18:53",
    "calendarYear": "2016",
    "period": "Q4",
    "revenue": 4021000000,
    "costOfRevenue": 3704000000,
    "grossProfit": 317000000,
    "grossProfitRatio": 0.0788361104,
    "researchAndDevelopmentExpenses": 329000000,
    "generalAndAdministrativeExpenses": 96000000,
    "sellingAndMarketingExpenses": 0,
    "sellingGeneralAndAdministrativeExpenses": 96000000,
    "otherExpenses": -91000000,
    "operatingExpenses": 96000000,
    "costAndExpenses": 3800000000,
    "interestIncome": 0,
    "interestExpense": 137000000,
    "depreciationAndAmortization": 386000000,
    "ebitda": 369000000,
    "ebitdaratio": 0.0917682169,
    "operatingIncome": 53000000,
    "operatingIncomeRatio": 0.0131808008,
    "totalOtherIncomeExpensesNet": -228000000,
    "incomeBeforeTax": -175000000,
    "incomeBeforeTaxRatio": -0.0435215121,
    "incomeTaxExpense": -22000000,
    "netIncome": -149000000,
    "netIncomeRatio": -0.0370554588,
    "eps": -0.17,
    "epsdiluted": -0.17,
    "weightedAverageShsOut": 865000000,
    "weightedAverageShsOutDil": 865000000,
    "link": "https://www.sec.gov/Archives/edgar/data/45012/000004501217000047/0000045012-17-000047-index.htm",
    "finalLink": "https://www.sec.gov/Archives/edgar/data/45012/000004501217000047/hal_12312016-10k.htm"
  },
  {
    "date": "2016-09-30",
    "symbol": "HAL",
    "reportedCurrency": "USD",
    "cik": "0000045012",
    "fillingDate": "2016-10-28",
    "acceptedDate": "2016-10-28 10:40:52",
    "calendarYear": "2016",
    "period": "Q3",
    "revenue": 3833000000,
    "costOfRevenue": 3662000000,
    "grossProfit": 171000000,
    "grossProfitRatio": 0.044612575,
    "researchAndDevelopmentExpenses": 0,
    "generalAndAdministrativeExpenses": 43000000,
    "sellingAndMarketingExpenses": 0,
    "sellingGeneralAndAdministrativeExpenses": 43000000,
    "otherExpenses": 0,
    "operatingExpenses": 43000000,
    "costAndExpenses": 3705000000,
    "interestIncome": 18000000,
    "interestExpense": 159000000,
    "depreciationAndAmortization": 375000000,
    "ebitda": 482000000,
    "ebitdaratio": 0.1257500652,
    "operatingIncome": 128000000,
    "operatingIncomeRatio": 0.0333942082,
    "totalOtherIncomeExpensesNet": -180000000,
    "incomeBeforeTax": -52000000,
    "incomeBeforeTaxRatio": -0.0135663971,
    "incomeTaxExpense": -59000000,
    "netIncome": 6000000,
    "netIncomeRatio": 0.0015653535,
    "eps": 0.007,
    "epsdiluted": 0.0069,
    "weightedAverageShsOut": 862000000,
    "weightedAverageShsOutDil": 864000000,
    "link": "https://www.sec.gov/Archives/edgar/data/45012/000004501216000401/0000045012-16-000401-index.htm",
    "finalLink": "https://www.sec.gov/Archives/edgar/data/45012/000004501216000401/hal_09302016-10q.htm"
  },
  {
    "date": "2016-06-30",
    "symbol": "HAL",
    "reportedCurrency": "USD",
    "cik": "0000045012",
    "fillingDate": "2016-08-01",
    "acceptedDate": "2016-08-01 09:46:33",
    "calendarYear": "2016",
    "period": "Q2",
    "revenue": 3835000000,
    "costOfRevenue": 3732000000,
    "grossProfit": 103000000,
    "grossProfitRatio": 0.0268578879,
    "researchAndDevelopmentExpenses": 0,
    "generalAndAdministrativeExpenses": 41000000,
    "sellingAndMarketingExpenses": 0,
    "sellingGeneralAndAdministrativeExpenses": 41000000,
    "otherExpenses": 0,
    "operatingExpenses": 41000000,
    "costAndExpenses": 3773000000,
    "interestIncome": 0,
    "interestExpense": 196000000,
    "depreciationAndAmortization": 396000000,
    "ebitda": -3515000000,
    "ebitdaratio": -0.9165580183,
    "operatingIncome": -3880000000,
    "operatingIncomeRatio": -1.0117340287,
    "totalOtherIncomeExpensesNet": -227000000,
    "incomeBeforeTax": -4107000000,
    "incomeBeforeTaxRatio": -1.0709256845,
    "incomeTaxExpense": -902000000,
    "netIncome": -3208000000,
    "netIncomeRatio": -0.836505867,
    "eps": -3.73,
    "epsdiluted": -3.73,
    "weightedAverageShsOut": 860000000,
    "weightedAverageShsOutDil": 860000000,
    "link": "https://www.sec.gov/Archives/edgar/data/45012/000004501216000331/0000045012-16-000331-index.htm",
    "finalLink": "https://www.sec.gov/Archives/edgar/data/45012/000004501216000331/hal_06302016-10q.htm"
  },
  {
    "date": "2016-03-31",
    "symbol": "HAL",
    "reportedCurrency": "USD",
    "cik": "0000045012",
    "fillingDate": "2016-05-06",
    "acceptedDate": "2016-05-06 11:57:49",
    "calendarYear": "2016",
    "period": "Q1",
    "revenue": 4198000000,
    "costOfRevenue": 3925000000,
    "grossProfit": 273000000,
    "grossProfitRatio": 0.0650309671,
    "researchAndDevelopmentExpenses": 0,
    "generalAndAdministrativeExpenses": 48000000,
    "sellingAndMarketingExpenses": 0,
    "sellingGeneralAndAdministrativeExpenses": 48000000,
    "otherExpenses": 0,
    "operatingExpenses": 48000000,
    "costAndExpenses": 3973000000,
    "interestIncome": 0,
    "interestExpense": 165000000,
    "depreciationAndAmortization": 346000000,
    "ebitda": -2416000000,
    "ebitdaratio": -0.5755121486,
    "operatingIncome": -3079000000,
    "operatingIncomeRatio": -0.7334444974,
    "totalOtherIncomeExpensesNet": -875000000,
    "incomeBeforeTax": -3291000000,
    "incomeBeforeTaxRatio": -0.7839447356,
    "incomeTaxExpense": -875000000,
    "netIncome": -2412000000,
    "netIncomeRatio": -0.574559314,
    "eps": -2.81,
    "epsdiluted": -2.81,
    "weightedAverageShsOut": 858000000,
    "weightedAverageShsOutDil": 858000000,
    "link": "https://www.sec.gov/Archives/edgar/data/45012/000004501216000298/0000045012-16-000298-index.htm",
    "finalLink": "https://www.sec.gov/Archives/edgar/data/45012/000004501216000298/hal_03312016-10q.htm"
  },
  {
    "date": "2015-12-31",
    "symbol": "HAL",
    "reportedCurrency": "USD",
    "cik": "0000045012",
    "fillingDate": "2016-02-05",
    "acceptedDate": "2016-02-05 11:02:03",
    "calendarYear": "2015",
    "period": "Q4",
    "revenue": 5082000000,
    "costOfRevenue": 4556000000,
    "grossProfit": 526000000,
    "grossProfitRatio": 0.103502558,
    "researchAndDevelopmentExpenses": 487000000,
    "generalAndAdministrativeExpenses": 53000000,
    "sellingAndMarketingExpenses": 0,
    "sellingGeneralAndAdministrativeExpenses": 53000000,
    "otherExpenses": -43000000,
    "operatingExpenses": 53000000,
    "costAndExpenses": 4609000000,
    "interestIncome": 0,
    "interestExpense": 136000000,
    "depreciationAndAmortization": 402000000,
    "ebitda": 461000000,
    "ebitdaratio": 0.090712318,
    "operatingIncome": 86000000,
    "operatingIncomeRatio": 0.0169224715,
    "totalOtherIncomeExpensesNet": -179000000,
    "incomeBeforeTax": -93000000,
    "incomeBeforeTaxRatio": -0.0182998819,
    "incomeTaxExpense": -67000000,
    "netIncome": -28000000,
    "netIncomeRatio": -0.0055096419,
    "eps": -0.0327,
    "epsdiluted": -0.0327,
    "weightedAverageShsOut": 856000000,
    "weightedAverageShsOutDil": 856000000,
    "link": "https://www.sec.gov/Archives/edgar/data/45012/000004501216000272/0000045012-16-000272-index.htm",
    "finalLink": "https://www.sec.gov/Archives/edgar/data/45012/000004501216000272/hal_12312015-10k.htm"
  },
  {
    "date": "2015-09-30",
    "symbol": "HAL",
    "reportedCurrency": "USD",
    "cik": "0000045012",
    "fillingDate": "2015-10-23",
    "acceptedDate": "2015-10-23 11:03:30",
    "calendarYear": "2015",
    "period": "Q3",
    "revenue": 5582000000,
    "costOfRevenue": 5039000000,
    "grossProfit": 543000000,
    "grossProfitRatio": 0.0972769617,
    "researchAndDevelopmentExpenses": 0,
    "generalAndAdministrativeExpenses": 37000000,
    "sellingAndMarketingExpenses": 0,
    "sellingGeneralAndAdministrativeExpenses": 37000000,
    "otherExpenses": 0,
    "operatingExpenses": 37000000,
    "costAndExpenses": 5076000000,
    "interestIncome": 0,
    "interestExpense": 99000000,
    "depreciationAndAmortization": 417000000,
    "ebitda": 426000000,
    "ebitdaratio": 0.0763167324,
    "operatingIncome": 43000000,
    "operatingIncomeRatio": 0.0077033321,
    "totalOtherIncomeExpensesNet": -133000000,
    "incomeBeforeTax": -90000000,
    "incomeBeforeTaxRatio": -0.0161232533,
    "incomeTaxExpense": -37000000,
    "netIncome": -54000000,
    "netIncomeRatio": -0.009673952,
    "eps": -0.0632,
    "epsdiluted": -0.0632,
    "weightedAverageShsOut": 855000000,
    "weightedAverageShsOutDil": 855000000,
    "link": "https://www.sec.gov/Archives/edgar/data/45012/000004501215000156/0000045012-15-000156-index.htm",
    "finalLink": "https://www.sec.gov/Archives/edgar/data/45012/000004501215000156/hal_9302015-10q.htm"
  },
  {
    "date": "2015-06-30",
    "symbol": "HAL",
    "reportedCurrency": "USD",
    "cik": "0000045012",
    "fillingDate": "2015-07-24",
    "acceptedDate": "2015-07-24 11:06:35",
    "calendarYear": "2015",
    "period": "Q2",
    "revenue": 5919000000,
    "costOfRevenue": 5233000000,
    "grossProfit": 686000000,
    "grossProfitRatio": 0.1158979557,
    "researchAndDevelopmentExpenses": 0,
    "generalAndAdministrativeExpenses": 43000000,
    "sellingAndMarketingExpenses": 0,
    "sellingGeneralAndAdministrativeExpenses": 43000000,
    "otherExpenses": 0,
    "operatingExpenses": 43000000,
    "costAndExpenses": 5276000000,
    "interestIncome": 0,
    "interestExpense": 106000000,
    "depreciationAndAmortization": 456000000,
    "ebitda": 687000000,
    "ebitdaratio": 0.1160669032,
    "operatingIncome": 254000000,
    "operatingIncomeRatio": 0.0429126542,
    "totalOtherIncomeExpensesNet": -129000000,
    "incomeBeforeTax": 125000000,
    "incomeBeforeTaxRatio": 0.0211184322,
    "incomeTaxExpense": 71000000,
    "netIncome": 54000000,
    "netIncomeRatio": 0.0091231627,
    "eps": 0.0634,
    "epsdiluted": 0.0632,
    "weightedAverageShsOut": 852000000,
    "weightedAverageShsOutDil": 854000000,
    "link": "https://www.sec.gov/Archives/edgar/data/45012/000004501215000104/0000045012-15-000104-index.htm",
    "finalLink": "https://www.sec.gov/Archives/edgar/data/45012/000004501215000104/hal_6302015-10q.htm"
  },
  {
    "date": "2015-03-31",
    "symbol": "HAL",
    "reportedCurrency": "USD",
    "cik": "0000045012",
    "fillingDate": "2015-04-23",
    "acceptedDate": "2015-04-23 17:04:23",
    "calendarYear": "2015",
    "period": "Q1",
    "revenue": 7050000000,
    "costOfRevenue": 6285000000,
    "grossProfit": 765000000,
    "grossProfitRatio": 0.1085106383,
    "researchAndDevelopmentExpenses": 0,
    "generalAndAdministrativeExpenses": 105000000,
    "sellingAndMarketingExpenses": 0,
    "sellingGeneralAndAdministrativeExpenses": 105000000,
    "otherExpenses": 0,
    "operatingExpenses": 105000000,
    "costAndExpenses": 6390000000,
    "interestIncome": 0,
    "interestExpense": 106000000,
    "depreciationAndAmortization": 560000000,
    "ebitda": -548000000,
    "ebitdaratio": -0.0777304965,
    "operatingIncome": -548000000,
    "operatingIncomeRatio": -0.0777304965,
    "totalOtherIncomeExpensesNet": -330000000,
    "incomeBeforeTax": -878000000,
    "incomeBeforeTaxRatio": -0.1245390071,
    "incomeTaxExpense": -241000000,
    "netIncome": -643000000,
    "netIncomeRatio": -0.0912056738,
    "eps": -0.76,
    "epsdiluted": -0.76,
    "weightedAverageShsOut": 850000000,
    "weightedAverageShsOutDil": 850000000,
    "link": "https://www.sec.gov/Archives/edgar/data/45012/000004501215000079/0000045012-15-000079-index.htm",
    "finalLink": "https://www.sec.gov/Archives/edgar/data/45012/000004501215000079/hal_3312015-10q.htm"
  },
  {
    "date": "2014-12-31",
    "symbol": "HAL",
    "reportedCurrency": "USD",
    "cik": "0000045012",
    "fillingDate": "2015-02-24",
    "acceptedDate": "2015-02-24 10:16:16",
    "calendarYear": "2014",
    "period": "Q4",
    "revenue": 8770000000,
    "costOfRevenue": 7400000000,
    "grossProfit": 1370000000,
    "grossProfitRatio": 0.1562143672,
    "researchAndDevelopmentExpenses": 601000000,
    "generalAndAdministrativeExpenses": 71000000,
    "sellingAndMarketingExpenses": 0,
    "sellingGeneralAndAdministrativeExpenses": 71000000,
    "otherExpenses": 41000000,
    "operatingExpenses": 71000000,
    "costAndExpenses": 7471000000,
    "interestIncome": 0,
    "interestExpense": 100000000,
    "depreciationAndAmortization": 557000000,
    "ebitda": 1910000000,
    "ebitdaratio": 0.2177879133,
    "operatingIncome": 1299000000,
    "operatingIncomeRatio": 0.1481185861,
    "totalOtherIncomeExpensesNet": -59000000,
    "incomeBeforeTax": 1240000000,
    "incomeBeforeTaxRatio": 0.141391106,
    "incomeTaxExpense": 336000000,
    "netIncome": 901000000,
    "netIncomeRatio": 0.1027366021,
    "eps": 1.06,
    "epsdiluted": 1.06,
    "weightedAverageShsOut": 848000000,
    "weightedAverageShsOutDil": 850000000,
    "link": "https://www.sec.gov/Archives/edgar/data/45012/000004501215000040/0000045012-15-000040-index.htm",
    "finalLink": "https://www.sec.gov/Archives/edgar/data/45012/000004501215000040/hal_12312014-10k.htm"
  },
  {
    "date": "2014-09-30",
    "symbol": "HAL",
    "reportedCurrency": "USD",
    "cik": "0000045012",
    "fillingDate": "2014-10-24",
    "acceptedDate": "2014-10-24 10:57:35",
    "calendarYear": "2014",
    "period": "Q3",
    "revenue": 8701000000,
    "costOfRevenue": 7188000000,
    "grossProfit": 1513000000,
    "grossProfitRatio": 0.1738880588,
    "researchAndDevelopmentExpenses": 0,
    "generalAndAdministrativeExpenses": 74000000,
    "sellingAndMarketingExpenses": 0,
    "sellingGeneralAndAdministrativeExpenses": 74000000,
    "otherExpenses": 0,
    "operatingExpenses": 74000000,
    "costAndExpenses": 7262000000,
    "interestIncome": 0,
    "interestExpense": 96000000,
    "depreciationAndAmortization": 535000000,
    "ebitda": 2181000000,
    "ebitdaratio": 0.2506608436,
    "operatingIncome": 1634000000,
    "operatingIncomeRatio": 0.1877945064,
    "totalOtherIncomeExpensesNet": -84000000,
    "incomeBeforeTax": 1550000000,
    "incomeBeforeTaxRatio": 0.1781404436,
    "incomeTaxExpense": 411000000,
    "netIncome": 1203000000,
    "netIncomeRatio": 0.1382599701,
    "eps": 1.42,
    "epsdiluted": 1.41,
    "weightedAverageShsOut": 848000000,
    "weightedAverageShsOutDil": 854000000,
    "link": "https://www.sec.gov/Archives/edgar/data/45012/000004501214000341/0000045012-14-000341-index.htm",
    "finalLink": "https://www.sec.gov/Archives/edgar/data/45012/000004501214000341/hal_09302014-10q.htm"
  },
  {
    "date": "2014-06-30",
    "symbol": "HAL",
    "reportedCurrency": "USD",
    "cik": "0000045012",
    "fillingDate": "2014-07-25",
    "acceptedDate": "2014-07-25 11:01:14",
    "calendarYear": "2014",
    "period": "Q2",
    "revenue": 8051000000,
    "costOfRevenue": 6768000000,
    "grossProfit": 1283000000,
    "grossProfitRatio": 0.1593590858,
    "researchAndDevelopmentExpenses": 0,
    "generalAndAdministrativeExpenses": 89000000,
    "sellingAndMarketingExpenses": 0,
    "sellingGeneralAndAdministrativeExpenses": 89000000,
    "otherExpenses": 0,
    "operatingExpenses": 89000000,
    "costAndExpenses": 6857000000,
    "interestIncome": 0,
    "interestExpense": 94000000,
    "depreciationAndAmortization": 524000000,
    "ebitda": 1694000000,
    "ebitdaratio": 0.2104086449,
    "operatingIncome": 1194000000,
    "operatingIncomeRatio": 0.1483045584,
    "totalOtherIncomeExpensesNet": -118000000,
    "incomeBeforeTax": 1076000000,
    "incomeBeforeTaxRatio": 0.133647994,
    "incomeTaxExpense": 299000000,
    "netIncome": 774000000,
    "netIncomeRatio": 0.0961371258,
    "eps": 0.91,
    "epsdiluted": 0.91,
    "weightedAverageShsOut": 846000000,
    "weightedAverageShsOutDil": 852000000,
    "link": "https://www.sec.gov/Archives/edgar/data/45012/000004501214000282/0000045012-14-000282-index.htm",
    "finalLink": "https://www.sec.gov/Archives/edgar/data/45012/000004501214000282/hal_06302014-10q.htm"
  },
  {
    "date": "2014-03-31",
    "symbol": "HAL",
    "reportedCurrency": "USD",
    "cik": "0000045012",
    "fillingDate": "2014-04-25",
    "acceptedDate": "2014-04-25 10:41:24",
    "calendarYear": "2014",
    "period": "Q1",
    "revenue": 7348000000,
    "costOfRevenue": 6303000000,
    "grossProfit": 1045000000,
    "grossProfitRatio": 0.1422155689,
    "researchAndDevelopmentExpenses": 0,
    "generalAndAdministrativeExpenses": 75000000,
    "sellingAndMarketingExpenses": 0,
    "sellingGeneralAndAdministrativeExpenses": 75000000,
    "otherExpenses": 0,
    "operatingExpenses": 75000000,
    "costAndExpenses": 6378000000,
    "interestIncome": 0,
    "interestExpense": 93000000,
    "depreciationAndAmortization": 510000000,
    "ebitda": 1449000000,
    "ebitdaratio": 0.1971965161,
    "operatingIncome": 970000000,
    "operatingIncomeRatio": 0.1320087099,
    "totalOtherIncomeExpensesNet": -124000000,
    "incomeBeforeTax": 846000000,
    "incomeBeforeTaxRatio": 0.1151333696,
    "incomeTaxExpense": 229000000,
    "netIncome": 622000000,
    "netIncomeRatio": 0.0846488841,
    "eps": 0.73,
    "epsdiluted": 0.73,
    "weightedAverageShsOut": 849000000,
    "weightedAverageShsOutDil": 853000000,
    "link": "https://www.sec.gov/Archives/edgar/data/45012/000004501214000199/0000045012-14-000199-index.htm",
    "finalLink": "https://www.sec.gov/Archives/edgar/data/45012/000004501214000199/hal_03312014-10q.htm"
  },
  {
    "date": "2013-12-31",
    "symbol": "HAL",
    "reportedCurrency": "USD",
    "cik": "0000045012",
    "fillingDate": "2014-02-07",
    "acceptedDate": "2014-02-07 11:18:05",
    "calendarYear": "2013",
    "period": "Q4",
    "revenue": 7639000000,
    "costOfRevenue": 6401000000,
    "grossProfit": 1238000000,
    "grossProfitRatio": 0.1620630973,
    "researchAndDevelopmentExpenses": 588000000,
    "generalAndAdministrativeExpenses": 94000000,
    "sellingAndMarketingExpenses": 0,
    "sellingGeneralAndAdministrativeExpenses": 94000000,
    "otherExpenses": -6000000,
    "operatingExpenses": 94000000,
    "costAndExpenses": 6495000000,
    "interestIncome": 7000000,
    "interestExpense": 98000000,
    "depreciationAndAmortization": 497000000,
    "ebitda": 1642000000,
    "ebitdaratio": 0.2149496007,
    "operatingIncome": 1144000000,
    "operatingIncomeRatio": 0.1497578217,
    "totalOtherIncomeExpensesNet": -104000000,
    "incomeBeforeTax": 1040000000,
    "incomeBeforeTaxRatio": 0.1361434743,
    "incomeTaxExpense": 268000000,
    "netIncome": 793000000,
    "netIncomeRatio": 0.1038093991,
    "eps": 0.93,
    "epsdiluted": 0.93,
    "weightedAverageShsOut": 849000000,
    "weightedAverageShsOutDil": 854000000,
    "link": "https://www.sec.gov/Archives/edgar/data/45012/000004501214000069/0000045012-14-000069-index.htm",
    "finalLink": "https://www.sec.gov/Archives/edgar/data/45012/000004501214000069/hal-12312013x10k.htm"
  },
  {
    "date": "2013-09-30",
    "symbol": "HAL",
    "reportedCurrency": "USD",
    "cik": "0000045012",
    "fillingDate": "2013-10-25",
    "acceptedDate": "2013-10-25 10:46:06",
    "calendarYear": "2013",
    "period": "Q3",
    "revenue": 7472000000,
    "costOfRevenue": 6284000000,
    "grossProfit": 1188000000,
    "grossProfitRatio": 0.158993576,
    "researchAndDevelopmentExpenses": 0,
    "generalAndAdministrativeExpenses": 80000000,
    "sellingAndMarketingExpenses": 0,
    "sellingGeneralAndAdministrativeExpenses": 80000000,
    "otherExpenses": 0,
    "operatingExpenses": 80000000,
    "costAndExpenses": 6364000000,
    "interestIncome": 1000000,
    "interestExpense": 91000000,
    "depreciationAndAmortization": 481000000,
    "ebitda": 1577000000,
    "ebitdaratio": 0.2110546039,
    "operatingIncome": 1108000000,
    "operatingIncomeRatio": 0.1482869379,
    "totalOtherIncomeExpensesNet": -103000000,
    "incomeBeforeTax": 1005000000,
    "incomeBeforeTaxRatio": 0.1345021413,
    "incomeTaxExpense": 296000000,
    "netIncome": 706000000,
    "netIncomeRatio": 0.0944860814,
    "eps": 0.79,
    "epsdiluted": 0.79,
    "weightedAverageShsOut": 890000000,
    "weightedAverageShsOutDil": 894000000,
    "link": "https://www.sec.gov/Archives/edgar/data/45012/000004501213000356/0000045012-13-000356-index.htm",
    "finalLink": "https://www.sec.gov/Archives/edgar/data/45012/000004501213000356/hal_9302013-10q.htm"
  },
  {
    "date": "2013-06-30",
    "symbol": "HAL",
    "reportedCurrency": "USD",
    "cik": "0000045012",
    "fillingDate": "2013-07-26",
    "acceptedDate": "2013-07-26 11:54:34",
    "calendarYear": "2013",
    "period": "Q2",
    "revenue": 7317000000,
    "costOfRevenue": 6246000000,
    "grossProfit": 1071000000,
    "grossProfitRatio": 0.1463714637,
    "researchAndDevelopmentExpenses": 0,
    "generalAndAdministrativeExpenses": 87000000,
    "sellingAndMarketingExpenses": 0,
    "sellingGeneralAndAdministrativeExpenses": 87000000,
    "otherExpenses": 0,
    "operatingExpenses": 87000000,
    "costAndExpenses": 6333000000,
    "interestIncome": 2000000,
    "interestExpense": 71000000,
    "depreciationAndAmortization": 474000000,
    "ebitda": 1447000000,
    "ebitdaratio": 0.1977586443,
    "operatingIncome": 1039000000,
    "operatingIncomeRatio": 0.1419980866,
    "totalOtherIncomeExpensesNet": -82000000,
    "incomeBeforeTax": 957000000,
    "incomeBeforeTaxRatio": 0.1307913079,
    "incomeTaxExpense": 276000000,
    "netIncome": 679000000,
    "netIncomeRatio": 0.0927975946,
    "eps": 0.73,
    "epsdiluted": 0.73,
    "weightedAverageShsOut": 925000000,
    "weightedAverageShsOutDil": 928000000,
    "link": "https://www.sec.gov/Archives/edgar/data/45012/000004501213000242/0000045012-13-000242-index.htm",
    "finalLink": "https://www.sec.gov/Archives/edgar/data/45012/000004501213000242/hal_6302013-10q.htm"
  },
  {
    "date": "2013-03-31",
    "symbol": "HAL",
    "reportedCurrency": "USD",
    "cik": "0000045012",
    "fillingDate": "2013-04-26",
    "acceptedDate": "2013-04-26 11:05:17",
    "calendarYear": "2013",
    "period": "Q1",
    "revenue": 6974000000,
    "costOfRevenue": 6000000000,
    "grossProfit": 974000000,
    "grossProfitRatio": 0.1396616002,
    "researchAndDevelopmentExpenses": 0,
    "generalAndAdministrativeExpenses": 72000000,
    "sellingAndMarketingExpenses": 0,
    "sellingGeneralAndAdministrativeExpenses": 72000000,
    "otherExpenses": 0,
    "operatingExpenses": 72000000,
    "costAndExpenses": 6072000000,
    "interestIncome": 3000000,
    "interestExpense": 71000000,
    "depreciationAndAmortization": 448000000,
    "ebitda": 336000000,
    "ebitdaratio": 0.0481789504,
    "operatingIncome": -98000000,
    "operatingIncomeRatio": -0.0140521939,
    "totalOtherIncomeExpensesNet": -85000000,
    "incomeBeforeTax": -183000000,
    "incomeBeforeTaxRatio": -0.0262403212,
    "incomeTaxExpense": -172000000,
    "netIncome": -18000000,
    "netIncomeRatio": -0.0025810152,
    "eps": -0.0193,
    "epsdiluted": -0.0193,
    "weightedAverageShsOut": 931000000,
    "weightedAverageShsOutDil": 931000000,
    "link": "https://www.sec.gov/Archives/edgar/data/45012/000004501213000159/0000045012-13-000159-index.htm",
    "finalLink": "https://www.sec.gov/Archives/edgar/data/45012/000004501213000159/hal_3312013-10q.htm"
  },
  {
    "date": "2012-12-31",
    "symbol": "HAL",
    "reportedCurrency": "USD",
    "cik": "0000045012",
    "fillingDate": "2013-02-11",
    "acceptedDate": "2013-02-11 09:34:14",
    "calendarYear": "2012",
    "period": "Q4",
    "revenue": 7290000000,
    "costOfRevenue": 6236000000,
    "grossProfit": 1054000000,
    "grossProfitRatio": 0.1445816187,
    "researchAndDevelopmentExpenses": 0,
    "generalAndAdministrativeExpenses": 73000000,
    "sellingAndMarketingExpenses": 0,
    "sellingGeneralAndAdministrativeExpenses": 73000000,
    "otherExpenses": 0,
    "operatingExpenses": 73000000,
    "costAndExpenses": 6309000000,
    "interestIncome": 2000000,
    "interestExpense": 75000000,
    "depreciationAndAmortization": 431000000,
    "ebitda": 1405000000,
    "ebitdaratio": 0.1927297668,
    "operatingIncome": 981000000,
    "operatingIncomeRatio": 0.1345679012,
    "totalOtherIncomeExpensesNet": -82000000,
    "incomeBeforeTax": 899000000,
    "incomeBeforeTaxRatio": 0.1233196159,
    "incomeTaxExpense": 307000000,
    "netIncome": 669000000,
    "netIncomeRatio": 0.0917695473,
    "eps": 0.72,
    "epsdiluted": 0.72,
    "weightedAverageShsOut": 929000000,
    "weightedAverageShsOutDil": 931000000,
    "link": "https://www.sec.gov/Archives/edgar/data/45012/000004501213000086/0000045012-13-000086-index.htm",
    "finalLink": "https://www.sec.gov/Archives/edgar/data/45012/000004501213000086/hal-12312012x10k.htm"
  },
  {
    "date": "2012-09-30",
    "symbol": "HAL",
    "reportedCurrency": "USD",
    "cik": "0000045012",
    "fillingDate": "2012-10-23",
    "acceptedDate": "2012-10-23 13:46:05",
    "calendarYear": "2012",
    "period": "Q3",
    "revenue": 7111000000,
    "costOfRevenue": 6090000000,
    "grossProfit": 1021000000,
    "grossProfitRatio": 0.1435803684,
    "researchAndDevelopmentExpenses": 0,
    "generalAndAdministrativeExpenses": 67000000,
    "sellingAndMarketingExpenses": 0,
    "sellingGeneralAndAdministrativeExpenses": 67000000,
    "otherExpenses": 0,
    "operatingExpenses": 67000000,
    "costAndExpenses": 6157000000,
    "interestIncome": 1000000,
    "interestExpense": 72000000,
    "depreciationAndAmortization": 406000000,
    "ebitda": 1355000000,
    "ebitdaratio": 0.1905498523,
    "operatingIncome": 954000000,
    "operatingIncomeRatio": 0.1341583462,
    "totalOtherIncomeExpensesNet": -77000000,
    "incomeBeforeTax": 877000000,
    "incomeBeforeTaxRatio": 0.123330052,
    "incomeTaxExpense": 267000000,
    "netIncome": 602000000,
    "netIncomeRatio": 0.0846575728,
    "eps": 0.65,
    "epsdiluted": 0.65,
    "weightedAverageShsOut": 928000000,
    "weightedAverageShsOutDil": 930000000,
    "link": "https://www.sec.gov/Archives/edgar/data/45012/000004501212000278/0000045012-12-000278-index.htm",
    "finalLink": "https://www.sec.gov/Archives/edgar/data/45012/000004501212000278/hal_9302012-10q.htm"
  },
  {
    "date": "2012-06-30",
    "symbol": "HAL",
    "reportedCurrency": "USD",
    "cik": "0000045012",
    "fillingDate": "2012-07-27",
    "acceptedDate": "2012-07-27 10:58:51",
    "calendarYear": "2012",
    "period": "Q2",
    "revenue": 7234000000,
    "costOfRevenue": 5927000000,
    "grossProfit": 1307000000,
    "grossProfitRatio": 0.1806745922,
    "researchAndDevelopmentExpenses": 0,
    "generalAndAdministrativeExpenses": 67000000,
    "sellingAndMarketingExpenses": 39000000,
    "sellingGeneralAndAdministrativeExpenses": 106000000,
    "otherExpenses": 0,
    "operatingExpenses": 106000000,
    "costAndExpenses": 6033000000,
    "interestIncome": 2000000,
    "interestExpense": 82000000,
    "depreciationAndAmortization": 406000000,
    "ebitda": 1592000000,
    "ebitdaratio": 0.2200718828,
    "operatingIncome": 1201000000,
    "operatingIncomeRatio": 0.1660215648,
    "totalOtherIncomeExpensesNet": -97000000,
    "incomeBeforeTax": 1104000000,
    "incomeBeforeTaxRatio": 0.1526126624,
    "incomeTaxExpense": 357000000,
    "netIncome": 737000000,
    "netIncomeRatio": 0.1018800111,
    "eps": 0.8,
    "epsdiluted": 0.8,
    "weightedAverageShsOut": 924000000,
    "weightedAverageShsOutDil": 926000000,
    "link": "https://www.sec.gov/Archives/edgar/data/45012/000004501212000204/0000045012-12-000204-index.htm",
    "finalLink": "https://www.sec.gov/Archives/edgar/data/45012/000004501212000204/hal_6302012-10q.htm"
  },
  {
    "date": "2012-03-31",
    "symbol": "HAL",
    "reportedCurrency": "USD",
    "cik": "0000045012",
    "fillingDate": "2012-04-24",
    "acceptedDate": "2012-04-24 12:56:07",
    "calendarYear": "2012",
    "period": "Q1",
    "revenue": 6868000000,
    "costOfRevenue": 5464000000,
    "grossProfit": 1404000000,
    "grossProfitRatio": 0.204426325,
    "researchAndDevelopmentExpenses": 0,
    "generalAndAdministrativeExpenses": 68000000,
    "sellingAndMarketingExpenses": 313000000,
    "sellingGeneralAndAdministrativeExpenses": 381000000,
    "otherExpenses": 0,
    "operatingExpenses": 381000000,
    "costAndExpenses": 5845000000,
    "interestIncome": 2000000,
    "interestExpense": 76000000,
    "depreciationAndAmortization": 385000000,
    "ebitda": 1403000000,
    "ebitdaratio": 0.2042807222,
    "operatingIncome": 1023000000,
    "operatingIncomeRatio": 0.1489516599,
    "totalOtherIncomeExpensesNet": -81000000,
    "incomeBeforeTax": 942000000,
    "incomeBeforeTaxRatio": 0.1371578334,
    "incomeTaxExpense": 304000000,
    "netIncome": 627000000,
    "netIncomeRatio": 0.0912929528,
    "eps": 0.68,
    "epsdiluted": 0.68,
    "weightedAverageShsOut": 923000000,
    "weightedAverageShsOutDil": 926000000,
    "link": "https://www.sec.gov/Archives/edgar/data/45012/000004501212000146/0000045012-12-000146-index.htm",
    "finalLink": "https://www.sec.gov/Archives/edgar/data/45012/000004501212000146/edmarch201210q_final.htm"
  },
  {
    "date": "2011-12-31",
    "symbol": "HAL",
    "reportedCurrency": "USD",
    "cik": "0000045012",
    "fillingDate": "2012-02-16",
    "acceptedDate": "2012-02-16 14:27:13",
    "calendarYear": "2011",
    "period": "Q4",
    "revenue": 7064000000,
    "costOfRevenue": 5567000000,
    "grossProfit": 1497000000,
    "grossProfitRatio": 0.2119195923,
    "researchAndDevelopmentExpenses": 0,
    "generalAndAdministrativeExpenses": 67000000,
    "sellingAndMarketingExpenses": 0,
    "sellingGeneralAndAdministrativeExpenses": 67000000,
    "otherExpenses": 0,
    "operatingExpenses": 67000000,
    "costAndExpenses": 5634000000,
    "interestIncome": 4000000,
    "interestExpense": 73000000,
    "depreciationAndAmortization": 368000000,
    "ebitda": 1795000000,
    "ebitdaratio": 0.2541053228,
    "operatingIncome": 1430000000,
    "operatingIncomeRatio": 0.2024348811,
    "totalOtherIncomeExpensesNet": -76000000,
    "incomeBeforeTax": 1354000000,
    "incomeBeforeTaxRatio": 0.1916761042,
    "incomeTaxExpense": 447000000,
    "netIncome": 906000000,
    "netIncomeRatio": 0.1282559456,
    "eps": 0.98,
    "epsdiluted": 0.98,
    "weightedAverageShsOut": 921000000,
    "weightedAverageShsOutDil": 923000000,
    "link": "https://www.sec.gov/Archives/edgar/data/45012/000004501212000075/0000045012-12-000075-index.htm",
    "finalLink": "https://www.sec.gov/Archives/edgar/data/45012/000004501212000075/ed10k2011_final.htm"
  },
  {
    "date": "2011-09-30",
    "symbol": "HAL",
    "reportedCurrency": "USD",
    "cik": "0000045012",
    "fillingDate": "2011-10-21",
    "acceptedDate": "2011-10-21 13:47:18",
    "calendarYear": "2011",
    "period": "Q3",
    "revenue": 6548000000,
    "costOfRevenue": 5137000000,
    "grossProfit": 1411000000,
    "grossProfitRatio": 0.2154856445,
    "researchAndDevelopmentExpenses": 0,
    "generalAndAdministrativeExpenses": 79000000,
    "sellingAndMarketingExpenses": 0,
    "sellingGeneralAndAdministrativeExpenses": 79000000,
    "otherExpenses": 0,
    "operatingExpenses": 79000000,
    "costAndExpenses": 5216000000,
    "interestIncome": 4000000,
    "interestExpense": 66000000,
    "depreciationAndAmortization": 340000000,
    "ebitda": 1664000000,
    "ebitdaratio": 0.2541233965,
    "operatingIncome": 1332000000,
    "operatingIncomeRatio": 0.2034208919,
    "totalOtherIncomeExpensesNet": -71000000,
    "incomeBeforeTax": 1261000000,
    "incomeBeforeTaxRatio": 0.1925778864,
    "incomeTaxExpense": 411000000,
    "netIncome": 683000000,
    "netIncomeRatio": 0.1043066585,
    "eps": 0.74,
    "epsdiluted": 0.74,
    "weightedAverageShsOut": 920000000,
    "weightedAverageShsOutDil": 925000000,
    "link": "https://www.sec.gov/Archives/edgar/data/45012/000004501211000354/0000045012-11-000354-index.htm",
    "finalLink": "https://www.sec.gov/Archives/edgar/data/45012/000004501211000354/edsept201110q_final.htm"
  },
  {
    "date": "2011-06-30",
    "symbol": "HAL",
    "reportedCurrency": "USD",
    "cik": "0000045012",
    "fillingDate": "2011-07-21",
    "acceptedDate": "2011-07-21 13:09:19",
    "calendarYear": "2011",
    "period": "Q2",
    "revenue": 5935000000,
    "costOfRevenue": 4693000000,
    "grossProfit": 1242000000,
    "grossProfitRatio": 0.2092670598,
    "researchAndDevelopmentExpenses": 0,
    "generalAndAdministrativeExpenses": 65000000,
    "sellingAndMarketingExpenses": 16000000,
    "sellingGeneralAndAdministrativeExpenses": 81000000,
    "otherExpenses": 0,
    "operatingExpenses": 81000000,
    "costAndExpenses": 4774000000,
    "interestIncome": 2000000,
    "interestExpense": 65000000,
    "depreciationAndAmortization": 331000000,
    "ebitda": 1489000000,
    "ebitdaratio": 0.250884583,
    "operatingIncome": 1161000000,
    "operatingIncomeRatio": 0.1956192081,
    "totalOtherIncomeExpensesNet": -68000000,
    "incomeBeforeTax": 1093000000,
    "incomeBeforeTaxRatio": 0.1841617523,
    "incomeTaxExpense": 352000000,
    "netIncome": 739000000,
    "netIncomeRatio": 0.1245155855,
    "eps": 0.81,
    "epsdiluted": 0.8,
    "weightedAverageShsOut": 916000000,
    "weightedAverageShsOutDil": 921000000,
    "link": "https://www.sec.gov/Archives/edgar/data/45012/000004501211000273/0000045012-11-000273-index.htm",
    "finalLink": "https://www.sec.gov/Archives/edgar/data/45012/000004501211000273/edjune201110q_final.htm"
  },
  {
    "date": "2011-03-31",
    "symbol": "HAL",
    "reportedCurrency": "USD",
    "cik": "0000045012",
    "fillingDate": "2011-04-22",
    "acceptedDate": "2011-04-22 14:40:42",
    "calendarYear": "2011",
    "period": "Q1",
    "revenue": 5282000000,
    "costOfRevenue": 4392000000,
    "grossProfit": 890000000,
    "grossProfitRatio": 0.1684967815,
    "researchAndDevelopmentExpenses": 0,
    "generalAndAdministrativeExpenses": 70000000,
    "sellingAndMarketingExpenses": 6000000,
    "sellingGeneralAndAdministrativeExpenses": 76000000,
    "otherExpenses": 0,
    "operatingExpenses": 76000000,
    "costAndExpenses": 4468000000,
    "interestIncome": 1000000,
    "interestExpense": 70000000,
    "depreciationAndAmortization": 320000000,
    "ebitda": 1131000000,
    "ebitdaratio": 0.2141234381,
    "operatingIncome": 814000000,
    "operatingIncomeRatio": 0.1541082923,
    "totalOtherIncomeExpensesNet": -73000000,
    "incomeBeforeTax": 741000000,
    "incomeBeforeTaxRatio": 0.1402877698,
    "incomeTaxExpense": 229000000,
    "netIncome": 511000000,
    "netIncomeRatio": 0.0967436577,
    "eps": 0.56,
    "epsdiluted": 0.56,
    "weightedAverageShsOut": 914000000,
    "weightedAverageShsOutDil": 919000000,
    "link": "https://www.sec.gov/Archives/edgar/data/45012/000004501211000194/0000045012-11-000194-index.htm",
    "finalLink": "https://www.sec.gov/Archives/edgar/data/45012/000004501211000194/edmar201110q_final.htm"
  },
  {
    "date": "2010-12-31",
    "symbol": "HAL",
    "reportedCurrency": "USD",
    "cik": "0000045012",
    "fillingDate": "2011-02-17",
    "acceptedDate": "2011-02-17 10:33:34",
    "calendarYear": "2010",
    "period": "Q4",
    "revenue": 5160000000,
    "costOfRevenue": 4128000000,
    "grossProfit": 1032000000,
    "grossProfitRatio": 0.2,
    "researchAndDevelopmentExpenses": 0,
    "generalAndAdministrativeExpenses": 62000000,
    "sellingAndMarketingExpenses": 0,
    "sellingGeneralAndAdministrativeExpenses": 62000000,
    "otherExpenses": -10000000,
    "operatingExpenses": 52000000,
    "costAndExpenses": 4180000000,
    "interestIncome": 66000000,
    "interestExpense": 135000000,
    "depreciationAndAmortization": 302000000,
    "ebitda": 1347000000,
    "ebitdaratio": 0.2610465116,
    "operatingIncome": 980000000,
    "operatingIncomeRatio": 0.1899224806,
    "totalOtherIncomeExpensesNet": -70000000,
    "incomeBeforeTax": 910000000,
    "incomeBeforeTaxRatio": 0.1763565891,
    "incomeTaxExpense": 283000000,
    "netIncome": 605000000,
    "netIncomeRatio": 0.117248062,
    "eps": 0.66,
    "epsdiluted": 0.66,
    "weightedAverageShsOut": 911000000,
    "weightedAverageShsOutDil": 914000000,
    "link": "https://www.sec.gov/Archives/edgar/data/45012/000004501211000087/0000045012-11-000087-index.htm",
    "finalLink": "https://www.sec.gov/Archives/edgar/data/45012/000004501211000087/ed10k2010_final.htm"
  },
  {
    "date": "2010-09-30",
    "symbol": "HAL",
    "reportedCurrency": "USD",
    "cik": "0000045012",
    "fillingDate": "2010-10-22",
    "acceptedDate": "2010-10-22 11:24:23",
    "calendarYear": "2010",
    "period": "Q3",
    "revenue": 4665000000,
    "costOfRevenue": 3847000000,
    "grossProfit": 818000000,
    "grossProfitRatio": 0.1753483387,
    "researchAndDevelopmentExpenses": 0,
    "generalAndAdministrativeExpenses": 62000000,
    "sellingAndMarketingExpenses": 0,
    "sellingGeneralAndAdministrativeExpenses": 62000000,
    "otherExpenses": 0,
    "operatingExpenses": 62000000,
    "costAndExpenses": 3847000000,
    "interestIncome": 3000000,
    "interestExpense": 79000000,
    "depreciationAndAmortization": 284000000,
    "ebitda": 1104000000,
    "ebitdaratio": 0.2366559486,
    "operatingIncome": 818000000,
    "operatingIncomeRatio": 0.1753483387,
    "totalOtherIncomeExpensesNet": -83000000,
    "incomeBeforeTax": 735000000,
    "incomeBeforeTaxRatio": 0.1575562701,
    "incomeTaxExpense": 249000000,
    "netIncome": 544000000,
    "netIncomeRatio": 0.1166130761,
    "eps": 0.6,
    "epsdiluted": 0.6,
    "weightedAverageShsOut": 910000000,
    "weightedAverageShsOutDil": 912000000,
    "link": "https://www.sec.gov/Archives/edgar/data/45012/000004501210000345/0000045012-10-000345-index.htm",
    "finalLink": "https://www.sec.gov/Archives/edgar/data/45012/000004501210000345/edsept201010q_final.htm"
  },
  {
    "date": "2010-06-30",
    "symbol": "HAL",
    "reportedCurrency": "USD",
    "cik": "0000045012",
    "fillingDate": "2010-07-23",
    "acceptedDate": "2010-07-23 12:18:11",
    "calendarYear": "2010",
    "period": "Q2",
    "revenue": 4387000000,
    "costOfRevenue": 3625000000,
    "grossProfit": 762000000,
    "grossProfitRatio": 0.173695008,
    "researchAndDevelopmentExpenses": 0,
    "generalAndAdministrativeExpenses": 47000000,
    "sellingAndMarketingExpenses": 0,
    "sellingGeneralAndAdministrativeExpenses": 47000000,
    "otherExpenses": -9000000,
    "operatingExpenses": 47000000,
    "costAndExpenses": 3625000000,
    "interestIncome": 3000000,
    "interestExpense": 79000000,
    "depreciationAndAmortization": 272000000,
    "ebitda": 1028000000,
    "ebitdaratio": 0.2343286984,
    "operatingIncome": 762000000,
    "operatingIncomeRatio": 0.173695008,
    "totalOtherIncomeExpensesNet": -85000000,
    "incomeBeforeTax": 677000000,
    "incomeBeforeTaxRatio": 0.1543195806,
    "incomeTaxExpense": 200000000,
    "netIncome": 480000000,
    "netIncomeRatio": 0.1094141783,
    "eps": 0.53,
    "epsdiluted": 0.53,
    "weightedAverageShsOut": 906000000,
    "weightedAverageShsOutDil": 909000000,
    "link": "https://www.sec.gov/Archives/edgar/data/45012/000004501210000226/0000045012-10-000226-index.htm",
    "finalLink": "https://www.sec.gov/Archives/edgar/data/45012/000004501210000226/edjune201010q_final.htm"
  },
  {
    "date": "2010-03-31",
    "symbol": "HAL",
    "reportedCurrency": "USD",
    "cik": "0000045012",
    "fillingDate": "2010-04-22",
    "acceptedDate": "2010-04-22 11:38:59",
    "calendarYear": "2010",
    "period": "Q1",
    "revenue": 3761000000,
    "costOfRevenue": 3259000000,
    "grossProfit": 502000000,
    "grossProfitRatio": 0.1334751396,
    "researchAndDevelopmentExpenses": 0,
    "generalAndAdministrativeExpenses": 58000000,
    "sellingAndMarketingExpenses": 0,
    "sellingGeneralAndAdministrativeExpenses": 58000000,
    "otherExpenses": -5000000,
    "operatingExpenses": 3312000000,
    "costAndExpenses": 3312000000,
    "interestIncome": 3000000,
    "interestExpense": 79000000,
    "depreciationAndAmortization": 261000000,
    "ebitda": 673000000,
    "ebitdaratio": 0.1789417708,
    "operatingIncome": 449000000,
    "operatingIncomeRatio": 0.1193831428,
    "totalOtherIncomeExpensesNet": -116000000,
    "incomeBeforeTax": 333000000,
    "incomeBeforeTaxRatio": 0.0885402818,
    "incomeTaxExpense": 121000000,
    "netIncome": 206000000,
    "netIncomeRatio": 0.0547726668,
    "eps": 0.23,
    "epsdiluted": 0.23,
    "weightedAverageShsOut": 905000000,
    "weightedAverageShsOutDil": 908000000,
    "link": "https://www.sec.gov/Archives/edgar/data/45012/000004501210000170/0000045012-10-000170-index.htm",
    "finalLink": "https://www.sec.gov/Archives/edgar/data/45012/000004501210000170/edmarch201010q_final.htm"
  },
  {
    "date": "2009-12-31",
    "symbol": "HAL",
    "reportedCurrency": "USD",
    "cik": "0000045012",
    "fillingDate": "2010-02-17",
    "acceptedDate": "2010-02-17 13:01:33",
    "calendarYear": "2009",
    "period": "Q4",
    "revenue": 3686000000,
    "costOfRevenue": 3203000000,
    "grossProfit": 483000000,
    "grossProfitRatio": 0.1310363538,
    "researchAndDevelopmentExpenses": 0,
    "generalAndAdministrativeExpenses": 58000000,
    "sellingAndMarketingExpenses": 0,
    "sellingGeneralAndAdministrativeExpenses": 58000000,
    "otherExpenses": -3000000,
    "operatingExpenses": 55000000,
    "costAndExpenses": 3258000000,
    "interestIncome": 4000000,
    "interestExpense": 82000000,
    "depreciationAndAmortization": 254000000,
    "ebitda": 428000000,
    "ebitdaratio": 0.1161150298,
    "operatingIncome": 428000000,
    "operatingIncomeRatio": 0.1161150298,
    "totalOtherIncomeExpensesNet": -82000000,
    "incomeBeforeTax": 346000000,
    "incomeBeforeTaxRatio": 0.0938686923,
    "incomeTaxExpense": 98000000,
    "netIncome": 243000000,
    "netIncomeRatio": 0.0659251221,
    "eps": 0.27,
    "epsdiluted": 0.27,
    "weightedAverageShsOut": 903000000,
    "weightedAverageShsOutDil": 905000000,
    "link": "https://www.sec.gov/Archives/edgar/data/45012/000004501210000085/0000045012-10-000085-index.htm",
    "finalLink": "https://www.sec.gov/Archives/edgar/data/45012/000004501210000085/ed10k2009_final.htm"
  },
  {
    "date": "2009-09-30",
    "symbol": "HAL",
    "reportedCurrency": "USD",
    "cik": "0000045012",
    "fillingDate": "2009-10-23",
    "acceptedDate": "2009-10-23 12:43:20",
    "calendarYear": "2009",
    "period": "Q3",
    "revenue": 3588000000,
    "costOfRevenue": 3066000000,
    "grossProfit": 522000000,
    "grossProfitRatio": 0.1454849498,
    "researchAndDevelopmentExpenses": 0,
    "generalAndAdministrativeExpenses": 49000000,
    "sellingAndMarketingExpenses": 0,
    "sellingGeneralAndAdministrativeExpenses": 49000000,
    "otherExpenses": -1000000,
    "operatingExpenses": 48000000,
    "costAndExpenses": 3114000000,
    "interestIncome": 3000000,
    "interestExpense": 80000000,
    "depreciationAndAmortization": 238000000,
    "ebitda": 711000000,
    "ebitdaratio": 0.1981605351,
    "operatingIncome": 474000000,
    "operatingIncomeRatio": 0.1321070234,
    "totalOtherIncomeExpensesNet": -81000000,
    "incomeBeforeTax": 393000000,
    "incomeBeforeTaxRatio": 0.1095317726,
    "incomeTaxExpense": 124000000,
    "netIncome": 262000000,
    "netIncomeRatio": 0.0730211817,
    "eps": 0.29,
    "epsdiluted": 0.29,
    "weightedAverageShsOut": 902000000,
    "weightedAverageShsOutDil": 904000000,
    "link": "https://www.sec.gov/Archives/edgar/data/45012/000004501209000390/0000045012-09-000390-index.htm",
    "finalLink": "https://www.sec.gov/Archives/edgar/data/45012/000004501209000390/edsept200910q_final.htm"
  },
  {
    "date": "2009-06-30",
    "symbol": "HAL",
    "reportedCurrency": "USD",
    "cik": "0000045012",
    "fillingDate": "2009-07-24",
    "acceptedDate": "2009-07-24 11:52:54",
    "calendarYear": "2009",
    "period": "Q2",
    "revenue": 3494000000,
    "costOfRevenue": 2971000000,
    "grossProfit": 523000000,
    "grossProfitRatio": 0.1496851746,
    "researchAndDevelopmentExpenses": 0,
    "generalAndAdministrativeExpenses": 48000000,
    "sellingAndMarketingExpenses": 0,
    "sellingGeneralAndAdministrativeExpenses": 48000000,
    "otherExpenses": -1000000,
    "operatingExpenses": 3018000000,
    "costAndExpenses": 3018000000,
    "interestIncome": 3000000,
    "interestExpense": 82000000,
    "depreciationAndAmortization": 224000000,
    "ebitda": 689000000,
    "ebitdaratio": 0.1971951918,
    "operatingIncome": 476000000,
    "operatingIncomeRatio": 0.1362335432,
    "totalOtherIncomeExpensesNet": -93000000,
    "incomeBeforeTax": 383000000,
    "incomeBeforeTaxRatio": 0.1096164854,
    "incomeTaxExpense": 117000000,
    "netIncome": 265000000,
    "netIncomeRatio": 0.0758443045,
    "eps": 0.3,
    "epsdiluted": 0.29,
    "weightedAverageShsOut": 898000000,
    "weightedAverageShsOutDil": 900000000,
    "link": "https://www.sec.gov/Archives/edgar/data/45012/000004501209000264/0000045012-09-000264-index.htm",
    "finalLink": "https://www.sec.gov/Archives/edgar/data/45012/000004501209000264/edjune200910q_final.htm"
  },
  {
    "date": "2009-03-31",
    "symbol": "HAL",
    "reportedCurrency": "USD",
    "cik": "0000045012",
    "fillingDate": "2009-04-24",
    "acceptedDate": "2009-04-24 11:13:49",
    "calendarYear": "2009",
    "period": "Q1",
    "revenue": 3907000000,
    "costOfRevenue": 3239000000,
    "grossProfit": 668000000,
    "grossProfitRatio": 0.1709751728,
    "researchAndDevelopmentExpenses": 0,
    "generalAndAdministrativeExpenses": 52000000,
    "sellingAndMarketingExpenses": 0,
    "sellingGeneralAndAdministrativeExpenses": 52000000,
    "otherExpenses": 0,
    "operatingExpenses": 52000000,
    "costAndExpenses": 3291000000,
    "interestIncome": 2000000,
    "interestExpense": 53000000,
    "depreciationAndAmortization": 215000000,
    "ebitda": 828000000,
    "ebitdaratio": 0.21192731,
    "operatingIncome": 616000000,
    "operatingIncomeRatio": 0.1576657282,
    "totalOtherIncomeExpensesNet": -56000000,
    "incomeBeforeTax": 560000000,
    "incomeBeforeTaxRatio": 0.1433324802,
    "incomeTaxExpense": 179000000,
    "netIncome": 378000000,
    "netIncomeRatio": 0.0967494241,
    "eps": 0.42,
    "epsdiluted": 0.42,
    "weightedAverageShsOut": 897000000,
    "weightedAverageShsOutDil": 899000000,
    "link": "https://www.sec.gov/Archives/edgar/data/45012/000004501209000201/0000045012-09-000201-index.htm",
    "finalLink": "https://www.sec.gov/Archives/edgar/data/45012/000004501209000201/edmarch200910q_final.htm"
  },
  {
    "date": "2008-12-31",
    "symbol": "HAL",
    "reportedCurrency": "USD",
    "cik": "0000045012",
    "fillingDate": "2009-02-18",
    "acceptedDate": "2009-02-18 14:57:41",
    "calendarYear": "2008",
    "period": "Q4",
    "revenue": 4910000000,
    "costOfRevenue": 3686000000,
    "grossProfit": 1224000000,
    "grossProfitRatio": 0.249287169,
    "researchAndDevelopmentExpenses": 0,
    "generalAndAdministrativeExpenses": 61000000,
    "sellingAndMarketingExpenses": 0,
    "sellingGeneralAndAdministrativeExpenses": 61000000,
    "otherExpenses": 0,
    "operatingExpenses": 61000000,
    "costAndExpenses": 3747000000,
    "interestIncome": 0,
    "interestExpense": 0,
    "depreciationAndAmortization": 203000000,
    "ebitda": 679000000,
    "ebitdaratio": 0.1382892057,
    "operatingIncome": 1163000000,
    "operatingIncomeRatio": 0.2368635438,
    "totalOtherIncomeExpensesNet": -70000000,
    "incomeBeforeTax": 1093000000,
    "incomeBeforeTaxRatio": 0.2226069246,
    "incomeTaxExpense": 342000000,
    "netIncome": 468000000,
    "netIncomeRatio": 0.0953156823,
    "eps": 0.52,
    "epsdiluted": 0.52,
    "weightedAverageShsOut": 895000000,
    "weightedAverageShsOutDil": 897000000,
    "link": "https://www.sec.gov/Archives/edgar/data/45012/000004501209000098/0000045012-09-000098-index.htm",
    "finalLink": "https://www.sec.gov/Archives/edgar/data/45012/000004501209000098/ed10k2008_final.htm"
  },
  {
    "date": "2008-09-30",
    "symbol": "HAL",
    "reportedCurrency": "USD",
    "cik": "0000045012",
    "fillingDate": "2008-10-21",
    "acceptedDate": "2008-10-21 16:33:56",
    "calendarYear": "2008",
    "period": "Q3",
    "revenue": 4853000000,
    "costOfRevenue": 3725000000,
    "grossProfit": 1128000000,
    "grossProfitRatio": 0.2324335463,
    "researchAndDevelopmentExpenses": 0,
    "generalAndAdministrativeExpenses": 78000000,
    "sellingAndMarketingExpenses": 0,
    "sellingGeneralAndAdministrativeExpenses": 78000000,
    "otherExpenses": -1000000,
    "operatingExpenses": 77000000,
    "costAndExpenses": 3802000000,
    "interestIncome": 6000000,
    "interestExpense": 35000000,
    "depreciationAndAmortization": 193000000,
    "ebitda": 1246000000,
    "ebitdaratio": 0.256748403,
    "operatingIncome": 1051000000,
    "operatingIncomeRatio": 0.2165670719,
    "totalOtherIncomeExpensesNet": -33000000,
    "incomeBeforeTax": 325000000,
    "incomeBeforeTaxRatio": 0.0669688852,
    "incomeTaxExpense": 343000000,
    "netIncome": -21000000,
    "netIncomeRatio": -0.0043272203,
    "eps": -0.0238,
    "epsdiluted": -0.0231,
    "weightedAverageShsOut": 882000000,
    "weightedAverageShsOutDil": 908000000,
    "link": "https://www.sec.gov/Archives/edgar/data/45012/000004501208000480/0000045012-08-000480-index.htm",
    "finalLink": "https://www.sec.gov/Archives/edgar/data/45012/000004501208000480/edsept200810q_final.htm"
  },
  {
    "date": "2008-06-30",
    "symbol": "HAL",
    "reportedCurrency": "USD",
    "cik": "0000045012",
    "fillingDate": "2008-07-25",
    "acceptedDate": "2008-07-25 13:57:54",
    "calendarYear": "2008",
    "period": "Q2",
    "revenue": 4487000000,
    "costOfRevenue": 3492000000,
    "grossProfit": 995000000,
    "grossProfitRatio": 0.2217517272,
    "researchAndDevelopmentExpenses": 0,
    "generalAndAdministrativeExpenses": 71000000,
    "sellingAndMarketingExpenses": 0,
    "sellingGeneralAndAdministrativeExpenses": 71000000,
    "otherExpenses": -25000000,
    "operatingExpenses": 46000000,
    "costAndExpenses": 3538000000,
    "interestIncome": 9000000,
    "interestExpense": 42000000,
    "depreciationAndAmortization": 178000000,
    "ebitda": 1134000000,
    "ebitdaratio": 0.2527301092,
    "operatingIncome": 949000000,
    "operatingIncomeRatio": 0.2114998886,
    "totalOtherIncomeExpensesNet": -35000000,
    "incomeBeforeTax": 917000000,
    "incomeBeforeTaxRatio": 0.2043681747,
    "incomeTaxExpense": 288000000,
    "netIncome": 507000000,
    "netIncomeRatio": 0.1129930912,
    "eps": 0.58,
    "epsdiluted": 0.55,
    "weightedAverageShsOut": 875000000,
    "weightedAverageShsOutDil": 918000000,
    "link": "https://www.sec.gov/Archives/edgar/data/45012/000004501208000352/0000045012-08-000352-index.htm",
    "finalLink": "https://www.sec.gov/Archives/edgar/data/45012/000004501208000352/edjune200810q_final.htm"
  },
  {
    "date": "2008-03-31",
    "symbol": "HAL",
    "reportedCurrency": "USD",
    "cik": "0000045012",
    "fillingDate": "2008-04-25",
    "acceptedDate": "2008-04-25 11:41:33",
    "calendarYear": "2008",
    "period": "Q1",
    "revenue": 4029000000,
    "costOfRevenue": 3146000000,
    "grossProfit": 883000000,
    "grossProfitRatio": 0.2191610822,
    "researchAndDevelopmentExpenses": 0,
    "generalAndAdministrativeExpenses": 72000000,
    "sellingAndMarketingExpenses": 0,
    "sellingGeneralAndAdministrativeExpenses": 72000000,
    "otherExpenses": -36000000,
    "operatingExpenses": 36000000,
    "costAndExpenses": 3182000000,
    "interestIncome": 20000000,
    "interestExpense": 42000000,
    "depreciationAndAmortization": 164000000,
    "ebitda": 1030000000,
    "ebitdaratio": 0.2556465624,
    "operatingIncome": 847000000,
    "operatingIncomeRatio": 0.2102258625,
    "totalOtherIncomeExpensesNet": -23000000,
    "incomeBeforeTax": 828000000,
    "incomeBeforeTaxRatio": 0.2055100521,
    "incomeTaxExpense": 238000000,
    "netIncome": 584000000,
    "netIncomeRatio": 0.1449491189,
    "eps": 0.66,
    "epsdiluted": 0.64,
    "weightedAverageShsOut": 879000000,
    "weightedAverageShsOutDil": 914000000,
    "link": "https://www.sec.gov/Archives/edgar/data/45012/000004501208000242/0000045012-08-000242-index.htm",
    "finalLink": "https://www.sec.gov/Archives/edgar/data/45012/000004501208000242/edmarch200810q_final.htm"
  },
  {
    "date": "2007-12-31",
    "symbol": "HAL",
    "reportedCurrency": "USD",
    "cik": "0000045012",
    "fillingDate": "2008-02-22",
    "acceptedDate": "2008-02-22 12:46:39",
    "calendarYear": "2007",
    "period": "Q4",
    "revenue": 4179000000,
    "costOfRevenue": 3194000000,
    "grossProfit": 985000000,
    "grossProfitRatio": 0.2357023211,
    "researchAndDevelopmentExpenses": 0,
    "generalAndAdministrativeExpenses": 79000000,
    "sellingAndMarketingExpenses": 0,
    "sellingGeneralAndAdministrativeExpenses": 79000000,
    "otherExpenses": -1000000,
    "operatingExpenses": 78000000,
    "costAndExpenses": 3272000000,
    "interestIncome": 0,
    "interestExpense": 0,
    "depreciationAndAmortization": 166000000,
    "ebitda": 1073000000,
    "ebitdaratio": 0.2567599904,
    "operatingIncome": 907000000,
    "operatingIncomeRatio": 0.2170375688,
    "totalOtherIncomeExpensesNet": -14000000,
    "incomeBeforeTax": 893000000,
    "incomeBeforeTaxRatio": 0.213687485,
    "incomeTaxExpense": 212000000,
    "netIncome": 690000000,
    "netIncomeRatio": 0.1651112706,
    "eps": 0.79,
    "epsdiluted": 0.79,
    "weightedAverageShsOut": 873000000,
    "weightedAverageShsOutDil": 873000000,
    "link": "https://www.sec.gov/Archives/edgar/data/45012/000004501208000122/0000045012-08-000122-index.htm",
    "finalLink": "https://www.sec.gov/Archives/edgar/data/45012/000004501208000122/ed10k2007_final.htm"
  },
  {
    "date": "2007-09-30",
    "symbol": "HAL",
    "reportedCurrency": "USD",
    "cik": "0000045012",
    "fillingDate": "2007-10-26",
    "acceptedDate": "2007-10-26 17:21:34",
    "calendarYear": "2007",
    "period": "Q3",
    "revenue": 3928000000,
    "costOfRevenue": 2956000000,
    "grossProfit": 972000000,
    "grossProfitRatio": 0.2474541752,
    "researchAndDevelopmentExpenses": 0,
    "generalAndAdministrativeExpenses": 63000000,
    "sellingAndMarketingExpenses": 0,
    "sellingGeneralAndAdministrativeExpenses": 63000000,
    "otherExpenses": -1000000,
    "operatingExpenses": 62000000,
    "costAndExpenses": 3018000000,
    "interestIncome": 0,
    "interestExpense": 0,
    "depreciationAndAmortization": 146000000,
    "ebitda": 910000000,
    "ebitdaratio": 0.2316700611,
    "operatingIncome": 910000000,
    "operatingIncomeRatio": 0.2316700611,
    "totalOtherIncomeExpensesNet": -14000000,
    "incomeBeforeTax": 896000000,
    "incomeBeforeTaxRatio": 0.2281059063,
    "incomeTaxExpense": 152000000,
    "netIncome": 727000000,
    "netIncomeRatio": 0.1850814664,
    "eps": 0.83,
    "epsdiluted": 0.79,
    "weightedAverageShsOut": 880000000,
    "weightedAverageShsOutDil": 917000000,
    "link": "https://www.sec.gov/Archives/edgar/data/45012/000004501207000309/0000045012-07-000309-index.htm",
    "finalLink": "https://www.sec.gov/Archives/edgar/data/45012/000004501207000309/edsept200710q_final.htm"
  },
  {
    "date": "2007-06-30",
    "symbol": "HAL",
    "reportedCurrency": "USD",
    "cik": "0000045012",
    "fillingDate": "2007-07-27",
    "acceptedDate": "2007-07-27 15:56:58",
    "calendarYear": "2007",
    "period": "Q2",
    "revenue": 3735000000,
    "costOfRevenue": 2809000000,
    "grossProfit": 926000000,
    "grossProfitRatio": 0.2479250335,
    "researchAndDevelopmentExpenses": 0,
    "generalAndAdministrativeExpenses": 82000000,
    "sellingAndMarketingExpenses": 0,
    "sellingGeneralAndAdministrativeExpenses": 82000000,
    "otherExpenses": -49000000,
    "operatingExpenses": 33000000,
    "costAndExpenses": 2842000000,
    "interestIncome": 0,
    "interestExpense": 0,
    "depreciationAndAmortization": 140000000,
    "ebitda": 893000000,
    "ebitdaratio": 0.2390896921,
    "operatingIncome": 893000000,
    "operatingIncomeRatio": 0.2390896921,
    "totalOtherIncomeExpensesNet": -7000000,
    "incomeBeforeTax": 886000000,
    "incomeBeforeTaxRatio": 0.2372155288,
    "incomeTaxExpense": 284000000,
    "netIncome": 1530000000,
    "netIncomeRatio": 0.4096385542,
    "eps": 1.69,
    "epsdiluted": 1.62,
    "weightedAverageShsOut": 905000000,
    "weightedAverageShsOutDil": 942000000,
    "link": "https://www.sec.gov/Archives/edgar/data/45012/000004501207000187/0000045012-07-000187-index.htm",
    "finalLink": "https://www.sec.gov/Archives/edgar/data/45012/000004501207000187/edjune200710q_final.htm"
  },
  {
    "date": "2007-03-31",
    "symbol": "HAL",
    "reportedCurrency": "USD",
    "cik": "0000045012",
    "fillingDate": "2007-05-04",
    "acceptedDate": "2007-05-04 07:47:53",
    "calendarYear": "2007",
    "period": "Q1",
    "revenue": 3422000000,
    "costOfRevenue": 2566000000,
    "grossProfit": 856000000,
    "grossProfitRatio": 0.2501461134,
    "researchAndDevelopmentExpenses": 0,
    "generalAndAdministrativeExpenses": 69000000,
    "sellingAndMarketingExpenses": 0,
    "sellingGeneralAndAdministrativeExpenses": 69000000,
    "otherExpenses": -1000000,
    "operatingExpenses": 68000000,
    "costAndExpenses": 2634000000,
    "interestIncome": 0,
    "interestExpense": 0,
    "depreciationAndAmortization": 131000000,
    "ebitda": 788000000,
    "ebitdaratio": 0.2302746932,
    "operatingIncome": 788000000,
    "operatingIncomeRatio": 0.2302746932,
    "totalOtherIncomeExpensesNet": -3000000,
    "incomeBeforeTax": 785000000,
    "incomeBeforeTaxRatio": 0.2293980129,
    "incomeTaxExpense": 259000000,
    "netIncome": 552000000,
    "netIncomeRatio": 0.1613091759,
    "eps": 0.56,
    "epsdiluted": 0.54,
    "weightedAverageShsOut": 992000000,
    "weightedAverageShsOutDil": 1025000000,
    "link": "https://www.sec.gov/Archives/edgar/data/45012/000004501207000131/0000045012-07-000131-index.htm",
    "finalLink": "https://www.sec.gov/Archives/edgar/data/45012/000004501207000131/edmarch200710q_final.htm"
  },
  {
    "date": "2006-12-31",
    "symbol": "HAL",
    "reportedCurrency": "USD",
    "cik": "0000045012",
    "fillingDate": "2007-02-28",
    "acceptedDate": "2007-02-27 21:00:59",
    "calendarYear": "2006",
    "period": "Q4",
    "revenue": 5944000000,
    "costOfRevenue": 4884000000,
    "grossProfit": 1060000000,
    "grossProfitRatio": 0.1783310902,
    "researchAndDevelopmentExpenses": 0,
    "generalAndAdministrativeExpenses": 135000000,
    "sellingAndMarketingExpenses": 0,
    "sellingGeneralAndAdministrativeExpenses": 135000000,
    "otherExpenses": -54000000,
    "operatingExpenses": 81000000,
    "costAndExpenses": 4965000000,
    "interestIncome": 0,
    "interestExpense": 0,
    "depreciationAndAmortization": 139000000,
    "ebitda": 1118000000,
    "ebitdaratio": 0.1880888291,
    "operatingIncome": 1043000000,
    "operatingIncomeRatio": 0.1754710633,
    "totalOtherIncomeExpensesNet": 0,
    "incomeBeforeTax": 1043000000,
    "incomeBeforeTaxRatio": 0.1754710633,
    "incomeTaxExpense": 343000000,
    "netIncome": 658000000,
    "netIncomeRatio": 0.1106998654,
    "eps": 0.66,
    "epsdiluted": 0.66,
    "weightedAverageShsOut": 992000000,
    "weightedAverageShsOutDil": 992000000,
    "link": "https://www.sec.gov/Archives/edgar/data/45012/000004501207000072/0000045012-07-000072-index.htm",
    "finalLink": "https://www.sec.gov/Archives/edgar/data/45012/000004501207000072/ed10k2006_final.htm"
  },
  {
    "date": "2006-09-30",
    "symbol": "HAL",
    "reportedCurrency": "USD",
    "cik": "0000045012",
    "fillingDate": "2006-10-31",
    "acceptedDate": "2006-10-31 17:23:35",
    "calendarYear": "2006",
    "period": "Q3",
    "revenue": 5831000000,
    "costOfRevenue": 4749000000,
    "grossProfit": 1082000000,
    "grossProfitRatio": 0.1855599383,
    "researchAndDevelopmentExpenses": 0,
    "generalAndAdministrativeExpenses": 115000000,
    "sellingAndMarketingExpenses": 0,
    "sellingGeneralAndAdministrativeExpenses": 115000000,
    "otherExpenses": -1000000,
    "operatingExpenses": 114000000,
    "costAndExpenses": 4863000000,
    "interestIncome": 0,
    "interestExpense": 0,
    "depreciationAndAmortization": 131000000,
    "ebitda": 992000000,
    "ebitdaratio": 0.1701251929,
    "operatingIncome": 968000000,
    "operatingIncomeRatio": 0.1660092608,
    "totalOtherIncomeExpensesNet": -105000000,
    "incomeBeforeTax": 960000000,
    "incomeBeforeTaxRatio": 0.1646372835,
    "incomeTaxExpense": 320000000,
    "netIncome": 611000000,
    "netIncomeRatio": 0.1047847711,
    "eps": 0.6,
    "epsdiluted": 0.58,
    "weightedAverageShsOut": 1011000000,
    "weightedAverageShsOutDil": 1048000000,
    "link": "https://www.sec.gov/Archives/edgar/data/45012/000004501206000348/0000045012-06-000348-index.htm",
    "finalLink": "https://www.sec.gov/Archives/edgar/data/45012/000004501206000348/edsept200610q_final.htm"
  },
  {
    "date": "2006-06-30",
    "symbol": "HAL",
    "reportedCurrency": "USD",
    "cik": "0000045012",
    "fillingDate": "2006-07-28",
    "acceptedDate": "2006-07-28 15:17:12",
    "calendarYear": "2006",
    "period": "Q2",
    "revenue": 5545000000,
    "costOfRevenue": 4734000000,
    "grossProfit": 811000000,
    "grossProfitRatio": 0.14625789,
    "researchAndDevelopmentExpenses": 0,
    "generalAndAdministrativeExpenses": 100000000,
    "sellingAndMarketingExpenses": 0,
    "sellingGeneralAndAdministrativeExpenses": 100000000,
    "otherExpenses": -7000000,
    "operatingExpenses": 93000000,
    "costAndExpenses": 4827000000,
    "interestIncome": 0,
    "interestExpense": 0,
    "depreciationAndAmortization": 129000000,
    "ebitda": 877000000,
    "ebitdaratio": 0.158160505,
    "operatingIncome": 718000000,
    "operatingIncomeRatio": 0.1294860234,
    "totalOtherIncomeExpensesNet": -19000000,
    "incomeBeforeTax": 699000000,
    "incomeBeforeTaxRatio": 0.1260595131,
    "incomeTaxExpense": 226000000,
    "netIncome": 591000000,
    "netIncomeRatio": 0.1065825068,
    "eps": 0.58,
    "epsdiluted": 0.55,
    "weightedAverageShsOut": 1026000000,
    "weightedAverageShsOutDil": 1070000000,
    "link": "https://www.sec.gov/Archives/edgar/data/45012/000004501206000275/0000045012-06-000275-index.htm",
    "finalLink": "https://www.sec.gov/Archives/edgar/data/45012/000004501206000275/edjune200610q_final.htm"
  },
  {
    "date": "2006-03-31",
    "symbol": "HAL",
    "reportedCurrency": "USD",
    "cik": "0000045012",
    "fillingDate": "2006-04-28",
    "acceptedDate": "2006-04-28 16:40:44",
    "calendarYear": "2006",
    "period": "Q1",
    "revenue": 5210000000,
    "costOfRevenue": 4365000000,
    "grossProfit": 845000000,
    "grossProfitRatio": 0.1621880998,
    "researchAndDevelopmentExpenses": 0,
    "generalAndAdministrativeExpenses": 100000000,
    "sellingAndMarketingExpenses": 0,
    "sellingGeneralAndAdministrativeExpenses": 100000000,
    "otherExpenses": -10000000,
    "operatingExpenses": 90000000,
    "costAndExpenses": 4455000000,
    "interestIncome": 0,
    "interestExpense": 0,
    "depreciationAndAmortization": 128000000,
    "ebitda": 809000000,
    "ebitdaratio": 0.1552783109,
    "operatingIncome": 755000000,
    "operatingIncomeRatio": 0.1449136276,
    "totalOtherIncomeExpensesNet": -80000000,
    "incomeBeforeTax": 747000000,
    "incomeBeforeTaxRatio": 0.143378119,
    "incomeTaxExpense": 255000000,
    "netIncome": 488000000,
    "netIncomeRatio": 0.0936660269,
    "eps": 0.48,
    "epsdiluted": 0.46,
    "weightedAverageShsOut": 1024000000,
    "weightedAverageShsOutDil": 1068000000,
    "link": "https://www.sec.gov/Archives/edgar/data/45012/000004501206000191/0000045012-06-000191-index.htm",
    "finalLink": "https://www.sec.gov/Archives/edgar/data/45012/000004501206000191/edmarch200610q_final.htm"
  },
  {
    "date": "2005-12-31",
    "symbol": "HAL",
    "reportedCurrency": "USD",
    "cik": "0000045012",
    "fillingDate": "2006-03-13",
    "acceptedDate": "2006-03-10 17:32:35",
    "calendarYear": "2005",
    "period": "Q4",
    "revenue": 5792000000,
    "costOfRevenue": 4922000000,
    "grossProfit": 870000000,
    "grossProfitRatio": 0.1502071823,
    "researchAndDevelopmentExpenses": 0,
    "generalAndAdministrativeExpenses": 94000000,
    "sellingAndMarketingExpenses": 0,
    "sellingGeneralAndAdministrativeExpenses": 94000000,
    "otherExpenses": -3000000,
    "operatingExpenses": 91000000,
    "costAndExpenses": 5013000000,
    "interestIncome": 0,
    "interestExpense": 0,
    "depreciationAndAmortization": 127000000,
    "ebitda": 906000000,
    "ebitdaratio": 0.1564226519,
    "operatingIncome": 779000000,
    "operatingIncomeRatio": 0.1344958564,
    "totalOtherIncomeExpensesNet": -38000000,
    "incomeBeforeTax": 741000000,
    "incomeBeforeTaxRatio": 0.1279350829,
    "incomeTaxExpense": -376000000,
    "netIncome": 1102000000,
    "netIncomeRatio": 0.1902624309,
    "eps": 1.08,
    "epsdiluted": 1.08,
    "weightedAverageShsOut": 1022000000,
    "weightedAverageShsOutDil": 1024000000,
    "link": "https://www.sec.gov/Archives/edgar/data/45012/000004501206000124/0000045012-06-000124-index.htm",
    "finalLink": "https://www.sec.gov/Archives/edgar/data/45012/000004501206000124/ed10k2005_final.htm"
  },
  {
    "date": "2005-09-30",
    "symbol": "HAL",
    "reportedCurrency": "USD",
    "cik": "0000045012",
    "fillingDate": "2005-10-31",
    "acceptedDate": "2005-10-31 17:04:27",
    "calendarYear": "2005",
    "period": "Q3",
    "revenue": 5144000000,
    "costOfRevenue": 4401000000,
    "grossProfit": 743000000,
    "grossProfitRatio": 0.1444401244,
    "researchAndDevelopmentExpenses": 0,
    "generalAndAdministrativeExpenses": 89000000,
    "sellingAndMarketingExpenses": 0,
    "sellingGeneralAndAdministrativeExpenses": 89000000,
    "otherExpenses": -36000000,
    "operatingExpenses": 53000000,
    "costAndExpenses": 4454000000,
    "interestIncome": 0,
    "interestExpense": 0,
    "depreciationAndAmortization": 125000000,
    "ebitda": 805000000,
    "ebitdaratio": 0.1564930016,
    "operatingIncome": 690000000,
    "operatingIncomeRatio": 0.1341368585,
    "totalOtherIncomeExpensesNet": -28000000,
    "incomeBeforeTax": 652000000,
    "incomeBeforeTaxRatio": 0.1267496112,
    "incomeTaxExpense": 132000000,
    "netIncome": 499000000,
    "netIncomeRatio": 0.0970062208,
    "eps": 0.49,
    "epsdiluted": 0.48,
    "weightedAverageShsOut": 1012000000,
    "weightedAverageShsOutDil": 1050000000,
    "link": "https://www.sec.gov/Archives/edgar/data/45012/000004501205000346/0000045012-05-000346-index.htm",
    "finalLink": "https://www.sec.gov/Archives/edgar/data/45012/000004501205000346/edsept200510q_final.htm"
  },
  {
    "date": "2005-06-30",
    "symbol": "HAL",
    "reportedCurrency": "USD",
    "cik": "0000045012",
    "fillingDate": "2005-07-29",
    "acceptedDate": "2005-07-29 17:16:35",
    "calendarYear": "2005",
    "period": "Q2",
    "revenue": 5163000000,
    "costOfRevenue": 4463000000,
    "grossProfit": 700000000,
    "grossProfitRatio": 0.1355800891,
    "researchAndDevelopmentExpenses": 0,
    "generalAndAdministrativeExpenses": 96000000,
    "sellingAndMarketingExpenses": 0,
    "sellingGeneralAndAdministrativeExpenses": 96000000,
    "otherExpenses": -3000000,
    "operatingExpenses": 93000000,
    "costAndExpenses": 4556000000,
    "interestIncome": 0,
    "interestExpense": 0,
    "depreciationAndAmortization": 127000000,
    "ebitda": 723000000,
    "ebitdaratio": 0.1400348635,
    "operatingIncome": 607000000,
    "operatingIncomeRatio": 0.1175673058,
    "totalOtherIncomeExpensesNet": -41000000,
    "incomeBeforeTax": 555000000,
    "incomeBeforeTaxRatio": 0.1074956421,
    "incomeTaxExpense": 154000000,
    "netIncome": 392000000,
    "netIncomeRatio": 0.0759248499,
    "eps": 0.39,
    "epsdiluted": 0.38,
    "weightedAverageShsOut": 1006000000,
    "weightedAverageShsOutDil": 1026000000,
    "link": "https://www.sec.gov/Archives/edgar/data/45012/000004501205000233/0000045012-05-000233-index.htm",
    "finalLink": "https://www.sec.gov/Archives/edgar/data/45012/000004501205000233/edjune200510q_final.htm"
  },
  {
    "date": "2005-03-31",
    "symbol": "HAL",
    "reportedCurrency": "USD",
    "cik": "0000045012",
    "fillingDate": "2005-04-29",
    "acceptedDate": "2005-04-29 16:12:52",
    "calendarYear": "2005",
    "period": "Q1",
    "revenue": 4938000000,
    "costOfRevenue": 4360000000,
    "grossProfit": 578000000,
    "grossProfitRatio": 0.1170514378,
    "researchAndDevelopmentExpenses": 0,
    "generalAndAdministrativeExpenses": 101000000,
    "sellingAndMarketingExpenses": 0,
    "sellingGeneralAndAdministrativeExpenses": 101000000,
    "otherExpenses": -109000000,
    "operatingExpenses": -8000000,
    "costAndExpenses": 4352000000,
    "interestIncome": 0,
    "interestExpense": 0,
    "depreciationAndAmortization": 125000000,
    "ebitda": 700000000,
    "ebitdaratio": 0.1417577967,
    "operatingIncome": 586000000,
    "operatingIncomeRatio": 0.1186715269,
    "totalOtherIncomeExpensesNet": -42000000,
    "incomeBeforeTax": 544000000,
    "incomeBeforeTaxRatio": 0.1101660591,
    "incomeTaxExpense": 169000000,
    "netIncome": 365000000,
    "netIncomeRatio": 0.0739165654,
    "eps": 0.36,
    "epsdiluted": 0.36,
    "weightedAverageShsOut": 1002000000,
    "weightedAverageShsOutDil": 1020000000,
    "link": "https://www.sec.gov/Archives/edgar/data/45012/000004501205000118/0000045012-05-000118-index.htm",
    "finalLink": "https://www.sec.gov/Archives/edgar/data/45012/000004501205000118/edmarch200510q_final.htm"
  },
  {
    "date": "2004-12-31",
    "symbol": "HAL",
    "reportedCurrency": "USD",
    "cik": "0000045012",
    "fillingDate": "2005-03-01",
    "acceptedDate": "2005-03-01 12:38:11",
    "calendarYear": "2004",
    "period": "Q4",
    "revenue": 5181000000,
    "costOfRevenue": 4780000000,
    "grossProfit": 401000000,
    "grossProfitRatio": 0.0773981857,
    "researchAndDevelopmentExpenses": 0,
    "generalAndAdministrativeExpenses": 90000000,
    "sellingAndMarketingExpenses": 0,
    "sellingGeneralAndAdministrativeExpenses": 90000000,
    "otherExpenses": -35000000,
    "operatingExpenses": 55000000,
    "costAndExpenses": 4835000000,
    "interestIncome": 0,
    "interestExpense": 0,
    "depreciationAndAmortization": 135000000,
    "ebitda": 481000000,
    "ebitdaratio": 0.0928392202,
    "operatingIncome": 346000000,
    "operatingIncomeRatio": 0.0667824744,
    "totalOtherIncomeExpensesNet": -49000000,
    "incomeBeforeTax": 297000000,
    "incomeBeforeTaxRatio": 0.0573248408,
    "incomeTaxExpense": 110000000,
    "netIncome": -203000000,
    "netIncomeRatio": -0.0391816252,
    "eps": -0.2,
    "epsdiluted": -0.2,
    "weightedAverageShsOut": 1002000000,
    "weightedAverageShsOutDil": 1002000000,
    "link": "https://www.sec.gov/Archives/edgar/data/45012/000004501205000055/0000045012-05-000055-index.htm",
    "finalLink": "https://www.sec.gov/Archives/edgar/data/45012/000004501205000055/ed10k2004_final.htm"
  },
  {
    "date": "2004-09-30",
    "symbol": "HAL",
    "reportedCurrency": "USD",
    "cik": "0000045012",
    "fillingDate": "2004-11-05",
    "acceptedDate": "2004-11-05 17:23:43",
    "calendarYear": "2004",
    "period": "Q3",
    "revenue": 4795000000,
    "costOfRevenue": 4391000000,
    "grossProfit": 404000000,
    "grossProfitRatio": 0.0842544317,
    "researchAndDevelopmentExpenses": 0,
    "generalAndAdministrativeExpenses": 97000000,
    "sellingAndMarketingExpenses": 0,
    "sellingGeneralAndAdministrativeExpenses": 97000000,
    "otherExpenses": -35000000,
    "operatingExpenses": 62000000,
    "costAndExpenses": 4453000000,
    "interestIncome": 0,
    "interestExpense": 0,
    "depreciationAndAmortization": 118000000,
    "ebitda": 342000000,
    "ebitdaratio": 0.0713242961,
    "operatingIncome": 342000000,
    "operatingIncomeRatio": 0.0713242961,
    "totalOtherIncomeExpensesNet": -39000000,
    "incomeBeforeTax": 303000000,
    "incomeBeforeTaxRatio": 0.0631908238,
    "incomeTaxExpense": 111000000,
    "netIncome": -44000000,
    "netIncomeRatio": -0.0091762252,
    "eps": -0.0502,
    "epsdiluted": -0.0498,
    "weightedAverageShsOut": 876000000,
    "weightedAverageShsOutDil": 884000000,
    "link": "https://www.sec.gov/Archives/edgar/data/45012/000004501204000313/0000045012-04-000313-index.htm",
    "finalLink": "https://www.sec.gov/Archives/edgar/data/45012/000004501204000313/edsept04_final.htm"
  },
  {
    "date": "2004-06-30",
    "symbol": "HAL",
    "reportedCurrency": "USD",
    "cik": "0000045012",
    "fillingDate": "2004-08-03",
    "acceptedDate": "2004-08-03 17:25:45",
    "calendarYear": "2004",
    "period": "Q2",
    "revenue": 4963000000,
    "costOfRevenue": 4904000000,
    "grossProfit": 59000000,
    "grossProfitRatio": 0.011887971,
    "researchAndDevelopmentExpenses": 0,
    "generalAndAdministrativeExpenses": 78000000,
    "sellingAndMarketingExpenses": 0,
    "sellingGeneralAndAdministrativeExpenses": 78000000,
    "otherExpenses": 7000000,
    "operatingExpenses": 85000000,
    "costAndExpenses": 4989000000,
    "interestIncome": 0,
    "interestExpense": 0,
    "depreciationAndAmortization": 124000000,
    "ebitda": 98000000,
    "ebitdaratio": 0.0197461213,
    "operatingIncome": -26000000,
    "operatingIncomeRatio": -0.0052387669,
    "totalOtherIncomeExpensesNet": -54000000,
    "incomeBeforeTax": -80000000,
    "incomeBeforeTaxRatio": -0.0161192827,
    "incomeTaxExpense": -29000000,
    "netIncome": -667000000,
    "netIncomeRatio": -0.1343945194,
    "eps": -0.76,
    "epsdiluted": -0.76,
    "weightedAverageShsOut": 874000000,
    "weightedAverageShsOutDil": 874000000,
    "link": "https://www.sec.gov/Archives/edgar/data/45012/000004501204000228/0000045012-04-000228-index.htm",
    "finalLink": "https://www.sec.gov/Archives/edgar/data/45012/000004501204000228/edjune10q2004_final.htm"
  },
  {
    "date": "2004-03-31",
    "symbol": "HAL",
    "reportedCurrency": "USD",
    "cik": "0000045012",
    "fillingDate": "2004-05-07",
    "acceptedDate": "2004-05-07 17:29:41",
    "calendarYear": "2004",
    "period": "Q1",
    "revenue": 5527000000,
    "costOfRevenue": 5248000000,
    "grossProfit": 279000000,
    "grossProfitRatio": 0.0504794644,
    "researchAndDevelopmentExpenses": 0,
    "generalAndAdministrativeExpenses": 96000000,
    "sellingAndMarketingExpenses": 0,
    "sellingGeneralAndAdministrativeExpenses": 96000000,
    "otherExpenses": 8000000,
    "operatingExpenses": 104000000,
    "costAndExpenses": 5352000000,
    "interestIncome": 0,
    "interestExpense": 0,
    "depreciationAndAmortization": 132000000,
    "ebitda": 175000000,
    "ebitdaratio": 0.0316627465,
    "operatingIncome": 175000000,
    "operatingIncomeRatio": 0.0316627465,
    "totalOtherIncomeExpensesNet": -44000000,
    "incomeBeforeTax": 131000000,
    "incomeBeforeTaxRatio": 0.0237018274,
    "incomeTaxExpense": 49000000,
    "netIncome": -65000000,
    "netIncomeRatio": -0.0117604487,
    "eps": -0.0745,
    "epsdiluted": -0.0739,
    "weightedAverageShsOut": 872000000,
    "weightedAverageShsOutDil": 880000000,
    "link": "https://www.sec.gov/Archives/edgar/data/45012/000101540204001936/0001015402-04-001936-index.htm",
    "finalLink": "https://www.sec.gov/Archives/edgar/data/45012/000101540204001936/edmarch10q_2004.htm"
  },
  {
    "date": "2003-12-31",
    "symbol": "HAL",
    "reportedCurrency": "USD",
    "cik": "0000045012",
    "fillingDate": "2004-03-08",
    "acceptedDate": "2004-03-08 13:26:00",
    "calendarYear": "2003",
    "period": "Q4",
    "revenue": 5464000000,
    "costOfRevenue": 5070000000,
    "grossProfit": 394000000,
    "grossProfitRatio": 0.0721083455,
    "researchAndDevelopmentExpenses": 0,
    "generalAndAdministrativeExpenses": 89000000,
    "sellingAndMarketingExpenses": 0,
    "sellingGeneralAndAdministrativeExpenses": 89000000,
    "otherExpenses": 2000000,
    "operatingExpenses": 91000000,
    "costAndExpenses": 5161000000,
    "interestIncome": 0,
    "interestExpense": 0,
    "depreciationAndAmortization": 134000000,
    "ebitda": 437000000,
    "ebitdaratio": 0.0799780381,
    "operatingIncome": 303000000,
    "operatingIncomeRatio": 0.0554538799,
    "totalOtherIncomeExpensesNet": -43000000,
    "incomeBeforeTax": 260000000,
    "incomeBeforeTaxRatio": 0.0475841874,
    "incomeTaxExpense": 92000000,
    "netIncome": -947000000,
    "netIncomeRatio": -0.1733162518,
    "eps": -1.09,
    "epsdiluted": -1.09,
    "weightedAverageShsOut": 868000000,
    "weightedAverageShsOutDil": 872000000,
    "link": "https://www.sec.gov/Archives/edgar/data/45012/000004501204000086/0000045012-04-000086-index.htm",
    "finalLink": "https://www.sec.gov/Archives/edgar/data/45012/000004501204000086/ed10k2003.txt"
  },
  {
    "date": "2003-09-30",
    "symbol": "HAL",
    "reportedCurrency": "USD",
    "cik": "0000045012",
    "fillingDate": "2003-11-07",
    "acceptedDate": "2003-11-07 16:53:11",
    "calendarYear": "2003",
    "period": "Q3",
    "revenue": 4148000000,
    "costOfRevenue": 3865000000,
    "grossProfit": 283000000,
    "grossProfitRatio": 0.0682256509,
    "researchAndDevelopmentExpenses": 0,
    "generalAndAdministrativeExpenses": 80000000,
    "sellingAndMarketingExpenses": 0,
    "sellingGeneralAndAdministrativeExpenses": 80000000,
    "otherExpenses": -1000000,
    "operatingExpenses": 79000000,
    "costAndExpenses": 3944000000,
    "interestIncome": 0,
    "interestExpense": 0,
    "depreciationAndAmortization": 132000000,
    "ebitda": 336000000,
    "ebitdaratio": 0.081002893,
    "operatingIncome": 204000000,
    "operatingIncomeRatio": 0.0491803279,
    "totalOtherIncomeExpensesNet": -43000000,
    "incomeBeforeTax": 161000000,
    "incomeBeforeTaxRatio": 0.0388138862,
    "incomeTaxExpense": 63000000,
    "netIncome": 58000000,
    "netIncomeRatio": 0.0139826422,
    "eps": 0.0667,
    "epsdiluted": 0.0664,
    "weightedAverageShsOut": 870000000,
    "weightedAverageShsOutDil": 874000000,
    "link": "https://www.sec.gov/Archives/edgar/data/45012/000095012903005445/0000950129-03-005445-index.htm",
    "finalLink": "https://www.sec.gov/Archives/edgar/data/45012/000095012903005445/h10204e10vq.txt"
  },
  {
    "date": "2003-06-30",
    "symbol": "HAL",
    "reportedCurrency": "USD",
    "cik": "0000045012",
    "fillingDate": "2003-08-12",
    "acceptedDate": "2003-08-12 09:51:56",
    "calendarYear": "2003",
    "period": "Q2",
    "revenue": 3599000000,
    "costOfRevenue": 3475000000,
    "grossProfit": 124000000,
    "grossProfitRatio": 0.034454015,
    "researchAndDevelopmentExpenses": 0,
    "generalAndAdministrativeExpenses": 80000000,
    "sellingAndMarketingExpenses": 0,
    "sellingGeneralAndAdministrativeExpenses": 80000000,
    "otherExpenses": -27000000,
    "operatingExpenses": 53000000,
    "costAndExpenses": 3528000000,
    "interestIncome": 0,
    "interestExpense": 0,
    "depreciationAndAmortization": 125000000,
    "ebitda": 196000000,
    "ebitdaratio": 0.0544595721,
    "operatingIncome": 71000000,
    "operatingIncomeRatio": 0.0197277021,
    "totalOtherIncomeExpensesNet": 3000000,
    "incomeBeforeTax": 74000000,
    "incomeBeforeTaxRatio": 0.020561267,
    "incomeTaxExpense": 29000000,
    "netIncome": 26000000,
    "netIncomeRatio": 0.007224229,
    "eps": 0.03,
    "epsdiluted": 0.0298,
    "weightedAverageShsOut": 868000000,
    "weightedAverageShsOutDil": 872000000,
    "link": "https://www.sec.gov/Archives/edgar/data/45012/000004501203000116/0000045012-03-000116-index.htm",
    "finalLink": "https://www.sec.gov/Archives/edgar/data/45012/000004501203000116/edjune10q_2003.txt"
  },
  {
    "date": "2003-03-31",
    "symbol": "HAL",
    "reportedCurrency": "USD",
    "cik": "0000045012",
    "fillingDate": "2004-01-15",
    "acceptedDate": "2004-01-15 14:54:21",
    "calendarYear": "2003",
    "period": "Q1",
    "revenue": 3077000000,
    "costOfRevenue": 2858000000,
    "grossProfit": 219000000,
    "grossProfitRatio": 0.0711732207,
    "researchAndDevelopmentExpenses": 0,
    "generalAndAdministrativeExpenses": 81000000,
    "sellingAndMarketingExpenses": 0,
    "sellingGeneralAndAdministrativeExpenses": 81000000,
    "otherExpenses": -4000000,
    "operatingExpenses": 77000000,
    "costAndExpenses": 2935000000,
    "interestIncome": 0,
    "interestExpense": 0,
    "depreciationAndAmortization": 127000000,
    "ebitda": 269000000,
    "ebitdaratio": 0.0874228144,
    "operatingIncome": 142000000,
    "operatingIncomeRatio": 0.0461488463,
    "totalOtherIncomeExpensesNet": -25000000,
    "incomeBeforeTax": 117000000,
    "incomeBeforeTaxRatio": 0.0380240494,
    "incomeTaxExpense": 50000000,
    "netIncome": 43000000,
    "netIncomeRatio": 0.0139746506,
    "eps": 0.0495,
    "epsdiluted": 0.0493,
    "weightedAverageShsOut": 868000000,
    "weightedAverageShsOutDil": 872000000,
    "link": "https://www.sec.gov/Archives/edgar/data/45012/000095012904000133/0000950129-04-000133-index.htm",
    "finalLink": "https://www.sec.gov/Archives/edgar/data/45012/000095012904000133/h11860e10vqza.txt"
  },
  {
    "date": "2002-12-31",
    "symbol": "HAL",
    "reportedCurrency": "USD",
    "cik": "0000045012",
    "fillingDate": "2003-03-28",
    "acceptedDate": "2003-03-27 19:29:22",
    "calendarYear": "2002",
    "period": "Q4",
    "revenue": 3348000000,
    "costOfRevenue": 3273000000,
    "grossProfit": 75000000,
    "grossProfitRatio": 0.0224014337,
    "researchAndDevelopmentExpenses": 0,
    "generalAndAdministrativeExpenses": 96000000,
    "sellingAndMarketingExpenses": 0,
    "sellingGeneralAndAdministrativeExpenses": 96000000,
    "otherExpenses": 0,
    "operatingExpenses": 96000000,
    "costAndExpenses": 3369000000,
    "interestIncome": 0,
    "interestExpense": 0,
    "depreciationAndAmortization": 103000000,
    "ebitda": 82000000,
    "ebitdaratio": 0.0244922342,
    "operatingIncome": -21000000,
    "operatingIncomeRatio": -0.0062724014,
    "totalOtherIncomeExpensesNet": -24000000,
    "incomeBeforeTax": -45000000,
    "incomeBeforeTaxRatio": -0.0134408602,
    "incomeTaxExpense": 49000000,
    "netIncome": -616000000,
    "netIncomeRatio": -0.1839904421,
    "eps": -0.71,
    "epsdiluted": -0.71,
    "weightedAverageShsOut": 864000000,
    "weightedAverageShsOutDil": 868000000,
    "link": "https://www.sec.gov/Archives/edgar/data/45012/000004501203000018/0000045012-03-000018-index.htm",
    "finalLink": "https://www.sec.gov/Archives/edgar/data/45012/000004501203000018/ed10k_2002.txt"
  },
  {
    "date": "2002-09-30",
    "symbol": "HAL",
    "reportedCurrency": "USD",
    "cik": "0000045012",
    "fillingDate": "2002-11-12",
    "acceptedDate": "2002-11-12 09:22:52",
    "calendarYear": "2002",
    "period": "Q3",
    "revenue": 2982000000,
    "costOfRevenue": 2685000000,
    "grossProfit": 297000000,
    "grossProfitRatio": 0.0995975855,
    "researchAndDevelopmentExpenses": 0,
    "generalAndAdministrativeExpenses": 89000000,
    "sellingAndMarketingExpenses": 0,
    "sellingGeneralAndAdministrativeExpenses": 89000000,
    "otherExpenses": 17000000,
    "operatingExpenses": 106000000,
    "costAndExpenses": 2791000000,
    "interestIncome": 0,
    "interestExpense": 0,
    "depreciationAndAmortization": 136000000,
    "ebitda": 327000000,
    "ebitdaratio": 0.1096579477,
    "operatingIncome": 191000000,
    "operatingIncomeRatio": 0.0640509725,
    "totalOtherIncomeExpensesNet": -20000000,
    "incomeBeforeTax": 166000000,
    "incomeBeforeTaxRatio": 0.0556673374,
    "incomeTaxExpense": 72000000,
    "netIncome": 94000000,
    "netIncomeRatio": 0.0315224681,
    "eps": 0.11,
    "epsdiluted": 0.11,
    "weightedAverageShsOut": 864000000,
    "weightedAverageShsOutDil": 868000000,
    "link": "https://www.sec.gov/Archives/edgar/data/45012/000004501202000062/0000045012-02-000062-index.htm",
    "finalLink": "https://www.sec.gov/Archives/edgar/data/45012/000004501202000062/edsept10q2002.txt"
  },
  {
    "date": "2002-06-30",
    "symbol": "HAL",
    "reportedCurrency": "USD",
    "cik": "0000045012",
    "fillingDate": "2002-08-13",
    "acceptedDate": "2002-08-13 13:29:53",
    "calendarYear": "2002",
    "period": "Q2",
    "revenue": 3235000000,
    "costOfRevenue": 3482000000,
    "grossProfit": -247000000,
    "grossProfitRatio": -0.0763523957,
    "researchAndDevelopmentExpenses": 0,
    "generalAndAdministrativeExpenses": 97000000,
    "sellingAndMarketingExpenses": 0,
    "sellingGeneralAndAdministrativeExpenses": 97000000,
    "otherExpenses": 61000000,
    "operatingExpenses": 158000000,
    "costAndExpenses": 3640000000,
    "interestIncome": 0,
    "interestExpense": 0,
    "depreciationAndAmortization": 134000000,
    "ebitda": -271000000,
    "ebitdaratio": -0.0837712519,
    "operatingIncome": -405000000,
    "operatingIncomeRatio": -0.1251931994,
    "totalOtherIncomeExpensesNet": -30000000,
    "incomeBeforeTax": -435000000,
    "incomeBeforeTaxRatio": -0.1344667697,
    "incomeTaxExpense": -77000000,
    "netIncome": -498000000,
    "netIncomeRatio": -0.1539412674,
    "eps": -0.58,
    "epsdiluted": -0.58,
    "weightedAverageShsOut": 864000000,
    "weightedAverageShsOutDil": 864000000,
    "link": "https://www.sec.gov/Archives/edgar/data/45012/000004501202000053/0000045012-02-000053-index.htm",
    "finalLink": "https://www.sec.gov/Archives/edgar/data/45012/000004501202000053/edjun10q2002.txt"
  },
  {
    "date": "2002-03-31",
    "symbol": "HAL",
    "reportedCurrency": "USD",
    "cik": "0000045012",
    "fillingDate": "2002-05-08",
    "acceptedDate": "2002-05-08 16:13:27",
    "calendarYear": "2002",
    "period": "Q1",
    "revenue": 3007000000,
    "costOfRevenue": 2939000000,
    "grossProfit": 68000000,
    "grossProfitRatio": 0.0226139009,
    "researchAndDevelopmentExpenses": 0,
    "generalAndAdministrativeExpenses": 53000000,
    "sellingAndMarketingExpenses": 0,
    "sellingGeneralAndAdministrativeExpenses": 53000000,
    "otherExpenses": -108000000,
    "operatingExpenses": -55000000,
    "costAndExpenses": 2884000000,
    "interestIncome": 0,
    "interestExpense": 0,
    "depreciationAndAmortization": 132000000,
    "ebitda": 255000000,
    "ebitdaratio": 0.0848021284,
    "operatingIncome": 123000000,
    "operatingIncomeRatio": 0.040904556,
    "totalOtherIncomeExpensesNet": -32000000,
    "incomeBeforeTax": 91000000,
    "incomeBeforeTaxRatio": 0.0302627203,
    "incomeTaxExpense": 36000000,
    "netIncome": 22000000,
    "netIncomeRatio": 0.0073162621,
    "eps": 0.0255,
    "epsdiluted": 0.0254,
    "weightedAverageShsOut": 864000000,
    "weightedAverageShsOutDil": 866000000,
    "link": "https://www.sec.gov/Archives/edgar/data/45012/000004501202000036/0000045012-02-000036-index.htm",
    "finalLink": "https://www.sec.gov/Archives/edgar/data/45012/000004501202000036/mar10q2002.txt"
  },
  {
    "date": "2001-12-31",
    "symbol": "HAL",
    "reportedCurrency": "USD",
    "cik": "0000045012",
    "fillingDate": "2002-03-12",
    "acceptedDate": "2002-03-12 00:00:00",
    "calendarYear": "2001",
    "period": "Q4",
    "revenue": 3172000000,
    "costOfRevenue": 2799000000,
    "grossProfit": 373000000,
    "grossProfitRatio": 0.117591425,
    "researchAndDevelopmentExpenses": 0,
    "generalAndAdministrativeExpenses": 101000000,
    "sellingAndMarketingExpenses": 0,
    "sellingGeneralAndAdministrativeExpenses": 101000000,
    "otherExpenses": 0,
    "operatingExpenses": 101000000,
    "costAndExpenses": 2900000000,
    "interestIncome": 0,
    "interestExpense": 0,
    "depreciationAndAmortization": 141000000,
    "ebitda": 413000000,
    "ebitdaratio": 0.1302017654,
    "operatingIncome": 272000000,
    "operatingIncomeRatio": 0.0857503153,
    "totalOtherIncomeExpensesNet": -13000000,
    "incomeBeforeTax": 259000000,
    "incomeBeforeTaxRatio": 0.0816519546,
    "incomeTaxExpense": 99000000,
    "netIncome": 139000000,
    "netIncomeRatio": 0.0438209332,
    "eps": 0.16,
    "epsdiluted": 0.16,
    "weightedAverageShsOut": 862000000,
    "weightedAverageShsOutDil": 864000000,
    "link": "https://www.sec.gov/Archives/edgar/data/45012/000004501202000011/0000045012-02-000011-index.htm",
    "finalLink": "https://www.sec.gov/Archives/edgar/data/45012/000004501202000011/ed10k2001.txt"
  },
  {
    "date": "2001-09-30",
    "symbol": "HAL",
    "reportedCurrency": "USD",
    "cik": "0000045012",
    "fillingDate": "2001-11-08",
    "acceptedDate": "2001-11-08 00:00:00",
    "calendarYear": "2001",
    "period": "Q3",
    "revenue": 3391000000,
    "costOfRevenue": 2955000000,
    "grossProfit": 436000000,
    "grossProfitRatio": 0.1285756414,
    "researchAndDevelopmentExpenses": 0,
    "generalAndAdministrativeExpenses": 94000000,
    "sellingAndMarketingExpenses": 0,
    "sellingGeneralAndAdministrativeExpenses": 94000000,
    "otherExpenses": 0,
    "operatingExpenses": 94000000,
    "costAndExpenses": 3049000000,
    "interestIncome": 0,
    "interestExpense": 0,
    "depreciationAndAmortization": 132000000,
    "ebitda": 474000000,
    "ebitdaratio": 0.1397817753,
    "operatingIncome": 342000000,
    "operatingIncomeRatio": 0.100855205,
    "totalOtherIncomeExpensesNet": -35000000,
    "incomeBeforeTax": 307000000,
    "incomeBeforeTaxRatio": 0.0905337659,
    "incomeTaxExpense": 126000000,
    "netIncome": 179000000,
    "netIncomeRatio": 0.0527867886,
    "eps": 0.21,
    "epsdiluted": 0.21,
    "weightedAverageShsOut": 856000000,
    "weightedAverageShsOutDil": 858000000,
    "link": "https://www.sec.gov/Archives/edgar/data/45012/000004501201500039/0000045012-01-500039-index.htm",
    "finalLink": "https://www.sec.gov/Archives/edgar/data/45012/000004501201500039/sept10q2001.txt"
  },
  {
    "date": "2001-06-30",
    "symbol": "HAL",
    "reportedCurrency": "USD",
    "cik": "0000045012",
    "fillingDate": "2001-08-09",
    "acceptedDate": "2001-08-09 00:00:00",
    "calendarYear": "2001",
    "period": "Q2",
    "revenue": 3339000000,
    "costOfRevenue": 2966000000,
    "grossProfit": 373000000,
    "grossProfitRatio": 0.1117100928,
    "researchAndDevelopmentExpenses": 0,
    "generalAndAdministrativeExpenses": 101000000,
    "sellingAndMarketingExpenses": 0,
    "sellingGeneralAndAdministrativeExpenses": 101000000,
    "otherExpenses": 0,
    "operatingExpenses": 101000000,
    "costAndExpenses": 3067000000,
    "interestIncome": 0,
    "interestExpense": 0,
    "depreciationAndAmortization": 124000000,
    "ebitda": 396000000,
    "ebitdaratio": 0.1185983827,
    "operatingIncome": 272000000,
    "operatingIncomeRatio": 0.0814615154,
    "totalOtherIncomeExpensesNet": -31000000,
    "incomeBeforeTax": 241000000,
    "incomeBeforeTaxRatio": 0.0721772986,
    "incomeTaxExpense": 98000000,
    "netIncome": 382000000,
    "netIncomeRatio": 0.1144055106,
    "eps": 0.45,
    "epsdiluted": 0.44,
    "weightedAverageShsOut": 854000000,
    "weightedAverageShsOutDil": 860000000,
    "link": "https://www.sec.gov/Archives/edgar/data/45012/000004501201500031/0000045012-01-500031-index.htm",
    "finalLink": "https://www.sec.gov/Archives/edgar/data/45012/000004501201500031/edjune10q2001.txt"
  },
  {
    "date": "2001-03-31",
    "symbol": "HAL",
    "reportedCurrency": "USD",
    "cik": "0000045012",
    "fillingDate": "2001-05-11",
    "acceptedDate": "2001-05-11 00:00:00",
    "calendarYear": "2001",
    "period": "Q1",
    "revenue": 3144000000,
    "costOfRevenue": 2855000000,
    "grossProfit": 289000000,
    "grossProfitRatio": 0.0919211196,
    "researchAndDevelopmentExpenses": 0,
    "generalAndAdministrativeExpenses": 91000000,
    "sellingAndMarketingExpenses": 0,
    "sellingGeneralAndAdministrativeExpenses": 91000000,
    "otherExpenses": 0,
    "operatingExpenses": 91000000,
    "costAndExpenses": 2946000000,
    "interestIncome": 0,
    "interestExpense": 0,
    "depreciationAndAmortization": 134000000,
    "ebitda": 332000000,
    "ebitdaratio": 0.1055979644,
    "operatingIncome": 198000000,
    "operatingIncomeRatio": 0.0629770992,
    "totalOtherIncomeExpensesNet": -51000000,
    "incomeBeforeTax": 147000000,
    "incomeBeforeTaxRatio": 0.0467557252,
    "incomeTaxExpense": 61000000,
    "netIncome": 109000000,
    "netIncomeRatio": 0.0346692112,
    "eps": 0.13,
    "epsdiluted": 0.13,
    "weightedAverageShsOut": 852000000,
    "weightedAverageShsOutDil": 860000000,
    "link": "https://www.sec.gov/Archives/edgar/data/45012/000004501201500020/0000045012-01-500020-index.htm",
    "finalLink": "https://www.sec.gov/Archives/edgar/data/45012/000004501201500020/edmar10q2001.txt"
  },
  {
    "date": "2000-12-31",
    "symbol": "HAL",
    "reportedCurrency": "USD",
    "cik": "0000045012",
    "fillingDate": "2001-03-27",
    "acceptedDate": "2001-03-27 00:00:00",
    "calendarYear": "2000",
    "period": "Q4",
    "revenue": 3249000000,
    "costOfRevenue": 3086000000,
    "grossProfit": 163000000,
    "grossProfitRatio": 0.0501692829,
    "researchAndDevelopmentExpenses": 0,
    "generalAndAdministrativeExpenses": 100000000,
    "sellingAndMarketingExpenses": 0,
    "sellingGeneralAndAdministrativeExpenses": 100000000,
    "otherExpenses": -88000000,
    "operatingExpenses": 12000000,
    "costAndExpenses": 3098000000,
    "interestIncome": 0,
    "interestExpense": 0,
    "depreciationAndAmortization": 115000000,
    "ebitda": 266000000,
    "ebitdaratio": 0.081871345,
    "operatingIncome": 151000000,
    "operatingIncomeRatio": 0.0464758387,
    "totalOtherIncomeExpensesNet": -165000000,
    "incomeBeforeTax": -14000000,
    "incomeBeforeTaxRatio": -0.0043090182,
    "incomeTaxExpense": -11000000,
    "netIncome": 5000000,
    "netIncomeRatio": 0.0015389351,
    "eps": 0.0059,
    "epsdiluted": 0.0059,
    "weightedAverageShsOut": 852000000,
    "weightedAverageShsOutDil": 852000000,
    "link": "https://www.sec.gov/Archives/edgar/data/45012/000004501201000009/0000045012-01-000009-index.htm",
    "finalLink": "https://www.sec.gov/Archives/edgar/data/45012/000004501201000009/0000045012-01-000009-0001.txt"
  },
  {
    "date": "2000-09-30",
    "symbol": "HAL",
    "reportedCurrency": "USD",
    "cik": "0000045012",
    "fillingDate": "2000-11-09",
    "acceptedDate": "2000-11-09 00:00:00",
    "calendarYear": "2000",
    "period": "Q3",
    "revenue": 3002000000,
    "costOfRevenue": 2772000000,
    "grossProfit": 230000000,
    "grossProfitRatio": 0.0766155896,
    "researchAndDevelopmentExpenses": 0,
    "generalAndAdministrativeExpenses": 92000000,
    "sellingAndMarketingExpenses": 0,
    "sellingGeneralAndAdministrativeExpenses": 92000000,
    "otherExpenses": 0,
    "operatingExpenses": 92000000,
    "costAndExpenses": 2864000000,
    "interestIncome": 0,
    "interestExpense": 0,
    "depreciationAndAmortization": 139000000,
    "ebitda": 387000000,
    "ebitdaratio": 0.1289140573,
    "operatingIncome": 138000000,
    "operatingIncomeRatio": 0.0459693538,
    "totalOtherIncomeExpensesNet": -34000000,
    "incomeBeforeTax": 214000000,
    "incomeBeforeTaxRatio": 0.0712858095,
    "incomeTaxExpense": 84000000,
    "netIncome": 157000000,
    "netIncomeRatio": 0.0522984677,
    "eps": 0.18,
    "epsdiluted": 0.17,
    "weightedAverageShsOut": 890000000,
    "weightedAverageShsOutDil": 902000000,
    "link": "https://www.sec.gov/Archives/edgar/data/45012/000004501200000039/0000045012-00-000039-index.htm",
    "finalLink": "https://www.sec.gov/Archives/edgar/data/45012/000004501200000039/0000045012-00-000039-0001.txt"
  },
  {
    "date": "2000-06-30",
    "symbol": "HAL",
    "reportedCurrency": "USD",
    "cik": "0000045012",
    "fillingDate": "2000-08-10",
    "acceptedDate": "2000-08-10 00:00:00",
    "calendarYear": "2000",
    "period": "Q2",
    "revenue": 2854000000,
    "costOfRevenue": 2538000000,
    "grossProfit": 316000000,
    "grossProfitRatio": 0.110721794,
    "researchAndDevelopmentExpenses": 0,
    "generalAndAdministrativeExpenses": 77000000,
    "sellingAndMarketingExpenses": 0,
    "sellingGeneralAndAdministrativeExpenses": 77000000,
    "otherExpenses": 127000000,
    "operatingExpenses": 204000000,
    "costAndExpenses": 2742000000,
    "interestIncome": 0,
    "interestExpense": 0,
    "depreciationAndAmortization": 127000000,
    "ebitda": 239000000,
    "ebitdaratio": 0.0837421163,
    "operatingIncome": 112000000,
    "operatingIncomeRatio": 0.0392431675,
    "totalOtherIncomeExpensesNet": -24000000,
    "incomeBeforeTax": 88000000,
    "incomeBeforeTaxRatio": 0.0308339173,
    "incomeTaxExpense": 36000000,
    "netIncome": 75000000,
    "netIncomeRatio": 0.0262789068,
    "eps": 0.0845,
    "epsdiluted": 0.0835,
    "weightedAverageShsOut": 888000000,
    "weightedAverageShsOutDil": 898000000,
    "link": "https://www.sec.gov/Archives/edgar/data/45012/000004501200000030/0000045012-00-000030-index.htm",
    "finalLink": "https://www.sec.gov/Archives/edgar/data/45012/000004501200000030/0000045012-00-000030-0001.txt"
  },
  {
    "date": "2000-03-31",
    "symbol": "HAL",
    "reportedCurrency": "USD",
    "cik": "0000045012",
    "fillingDate": "2000-05-15",
    "acceptedDate": "2000-05-15 00:00:00",
    "calendarYear": "2000",
    "period": "Q1",
    "revenue": 2839000000,
    "costOfRevenue": 2573000000,
    "grossProfit": 266000000,
    "grossProfitRatio": 0.093694963,
    "researchAndDevelopmentExpenses": 0,
    "generalAndAdministrativeExpenses": 83000000,
    "sellingAndMarketingExpenses": 0,
    "sellingGeneralAndAdministrativeExpenses": 83000000,
    "otherExpenses": 122000000,
    "operatingExpenses": 205000000,
    "costAndExpenses": 2778000000,
    "interestIncome": 0,
    "interestExpense": 0,
    "depreciationAndAmortization": 122000000,
    "ebitda": 183000000,
    "ebitdaratio": 0.0644593167,
    "operatingIncome": 61000000,
    "operatingIncomeRatio": 0.0214864389,
    "totalOtherIncomeExpensesNet": -14000000,
    "incomeBeforeTax": 47000000,
    "incomeBeforeTaxRatio": 0.016555125,
    "incomeTaxExpense": 20000000,
    "netIncome": 264000000,
    "netIncomeRatio": 0.0929904896,
    "eps": 0.3,
    "epsdiluted": 0.3,
    "weightedAverageShsOut": 884000000,
    "weightedAverageShsOutDil": 888000000,
    "link": "https://www.sec.gov/Archives/edgar/data/45012/000004501200000020/0000045012-00-000020-index.html",
    "finalLink": "https://www.sec.gov/Archives/edgar/data/45012/000004501200000020/"
  },
  {
    "date": "1999-12-31",
    "symbol": "HAL",
    "reportedCurrency": "USD",
    "cik": "0000045012",
    "fillingDate": "2000-03-14",
    "acceptedDate": "2000-03-14 00:00:00",
    "calendarYear": "1999",
    "period": "Q4",
    "revenue": 3862000000,
    "costOfRevenue": 3290000000,
    "grossProfit": 572000000,
    "grossProfitRatio": 0.1481097877,
    "researchAndDevelopmentExpenses": 0,
    "generalAndAdministrativeExpenses": 141000000,
    "sellingAndMarketingExpenses": 0,
    "sellingGeneralAndAdministrativeExpenses": 141000000,
    "otherExpenses": 152000000,
    "operatingExpenses": 293000000,
    "costAndExpenses": 3583000000,
    "interestIncome": 0,
    "interestExpense": 0,
    "depreciationAndAmortization": 152000000,
    "ebitda": 431000000,
    "ebitdaratio": 0.1116002071,
    "operatingIncome": 279000000,
    "operatingIncomeRatio": 0.0722423615,
    "totalOtherIncomeExpensesNet": -142000000,
    "incomeBeforeTax": 137000000,
    "incomeBeforeTaxRatio": 0.0354738477,
    "incomeTaxExpense": 61000000,
    "netIncome": 235000000,
    "netIncomeRatio": 0.0608493009,
    "eps": 0.27,
    "epsdiluted": 0.27,
    "weightedAverageShsOut": 872173913,
    "weightedAverageShsOutDil": 884000000,
    "link": "https://www.sec.gov/Archives/edgar/data/45012/000004501200000011/0000045012-00-000011-index.html",
    "finalLink": "https://www.sec.gov/Archives/edgar/data/45012/000004501200000011/"
  },
  {
    "date": "1999-09-30",
    "symbol": "HAL",
    "reportedCurrency": "USD",
    "cik": "0000045012",
    "fillingDate": "1999-11-15",
    "acceptedDate": "1999-11-15 00:00:00",
    "calendarYear": "1999",
    "period": "Q3",
    "revenue": 3514000000,
    "costOfRevenue": 3126000000,
    "grossProfit": 388000000,
    "grossProfitRatio": 0.1104154809,
    "researchAndDevelopmentExpenses": 0,
    "generalAndAdministrativeExpenses": 136000000,
    "sellingAndMarketingExpenses": 0,
    "sellingGeneralAndAdministrativeExpenses": 136000000,
    "otherExpenses": 157000000,
    "operatingExpenses": 293000000,
    "costAndExpenses": 3419000000,
    "interestIncome": 0,
    "interestExpense": 0,
    "depreciationAndAmortization": 157000000,
    "ebitda": 224000000,
    "ebitdaratio": 0.0637450199,
    "operatingIncome": 95000000,
    "operatingIncomeRatio": 0.0270347183,
    "totalOtherIncomeExpensesNet": 3000000,
    "incomeBeforeTax": 98000000,
    "incomeBeforeTaxRatio": 0.0278884462,
    "incomeTaxExpense": 40000000,
    "netIncome": 58000000,
    "netIncomeRatio": 0.0165054069,
    "eps": 0.065,
    "epsdiluted": 0.065,
    "weightedAverageShsOut": 892307692,
    "weightedAverageShsOutDil": 892307692,
    "link": "https://www.sec.gov/Archives/edgar/data/45012/000004501299000039/0000045012-99-000039-index.html",
    "finalLink": "https://www.sec.gov/Archives/edgar/data/45012/000004501299000039/"
  },
  {
    "date": "1999-06-30",
    "symbol": "HAL",
    "reportedCurrency": "USD",
    "cik": "0000045012",
    "fillingDate": "1999-08-13",
    "acceptedDate": "1999-08-13 00:00:00",
    "calendarYear": "1999",
    "period": "Q2",
    "revenue": 3670000000,
    "costOfRevenue": 3247000000,
    "grossProfit": 423000000,
    "grossProfitRatio": 0.1152588556,
    "researchAndDevelopmentExpenses": 0,
    "generalAndAdministrativeExpenses": 130000000,
    "sellingAndMarketingExpenses": 0,
    "sellingGeneralAndAdministrativeExpenses": 130000000,
    "otherExpenses": 144000000,
    "operatingExpenses": 274000000,
    "costAndExpenses": 3521000000,
    "interestIncome": 0,
    "interestExpense": 0,
    "depreciationAndAmortization": 146000000,
    "ebitda": 184000000,
    "ebitdaratio": 0.0501362398,
    "operatingIncome": 149000000,
    "operatingIncomeRatio": 0.040599455,
    "totalOtherIncomeExpensesNet": -61000000,
    "incomeBeforeTax": 136000000,
    "incomeBeforeTaxRatio": 0.0370572207,
    "incomeTaxExpense": 53000000,
    "netIncome": 83000000,
    "netIncomeRatio": 0.0226158038,
    "eps": 0.0943,
    "epsdiluted": 0.0935,
    "weightedAverageShsOut": 880000000,
    "weightedAverageShsOutDil": 888000000,
    "link": "https://www.sec.gov/Archives/edgar/data/45012/000004501299000031/0000045012-99-000031-index.html",
    "finalLink": "https://www.sec.gov/Archives/edgar/data/45012/000004501299000031/"
  },
  {
    "date": "1999-03-31",
    "symbol": "HAL",
    "reportedCurrency": "USD",
    "cik": "0000045012",
    "fillingDate": "1999-05-14",
    "acceptedDate": "1999-05-14 00:00:00",
    "calendarYear": "1999",
    "period": "Q1",
    "revenue": 3896000000,
    "costOfRevenue": 3521000000,
    "grossProfit": 375000000,
    "grossProfitRatio": 0.0962525667,
    "researchAndDevelopmentExpenses": 0,
    "generalAndAdministrativeExpenses": 107000000,
    "sellingAndMarketingExpenses": 0,
    "sellingGeneralAndAdministrativeExpenses": 107000000,
    "otherExpenses": 144000000,
    "operatingExpenses": 251000000,
    "costAndExpenses": 3772000000,
    "interestIncome": 0,
    "interestExpense": 0,
    "depreciationAndAmortization": 144000000,
    "ebitda": 194000000,
    "ebitdaratio": 0.0497946612,
    "operatingIncome": 124000000,
    "operatingIncomeRatio": 0.0318275154,
    "totalOtherIncomeExpensesNet": 17000000,
    "incomeBeforeTax": 141000000,
    "incomeBeforeTaxRatio": 0.0361909651,
    "incomeTaxExpense": 60000000,
    "netIncome": 62000000,
    "netIncomeRatio": 0.0159137577,
    "eps": 0.0705,
    "epsdiluted": 0.0701,
    "weightedAverageShsOut": 880000000,
    "weightedAverageShsOutDil": 884000000,
    "link": "https://www.sec.gov/Archives/edgar/data/45012/000004501299000014/0000045012-99-000014-index.html",
    "finalLink": "https://www.sec.gov/Archives/edgar/data/45012/"
  },
  {
    "date": "1998-12-31",
    "symbol": "HAL",
    "reportedCurrency": "USD",
    "cik": "0000045012",
    "fillingDate": "2000-01-11",
    "acceptedDate": "2000-01-11 00:00:00",
    "calendarYear": "1998",
    "period": "Q4",
    "revenue": 4456400000,
    "costOfRevenue": 3767100000,
    "grossProfit": 689300000,
    "grossProfitRatio": 0.1546764204,
    "researchAndDevelopmentExpenses": 0,
    "generalAndAdministrativeExpenses": 164700000,
    "sellingAndMarketingExpenses": 0,
    "sellingGeneralAndAdministrativeExpenses": 164700000,
    "otherExpenses": 145500000,
    "operatingExpenses": 310200000,
    "costAndExpenses": 4077300000,
    "interestIncome": 0,
    "interestExpense": 0,
    "depreciationAndAmortization": 145500000,
    "ebitda": 524600000,
    "ebitdaratio": 0.1177183377,
    "operatingIncome": 379100000,
    "operatingIncomeRatio": 0.0850686653,
    "totalOtherIncomeExpensesNet": -253100000,
    "incomeBeforeTax": 126000000,
    "incomeBeforeTaxRatio": 0.0282739431,
    "incomeTaxExpense": 60300000,
    "netIncome": 65700000,
    "netIncomeRatio": 0.0147428418,
    "eps": 0.0742,
    "epsdiluted": 0.0742,
    "weightedAverageShsOut": 885714286,
    "weightedAverageShsOutDil": 885714286,
    "link": "https://www.sec.gov/Archives/edgar/data/45012/000093066100000032/0000930661-00-000032-index.html",
    "finalLink": "https://www.sec.gov/Archives/edgar/data/45012/000093066100000032/"
  },
  {
    "date": "1998-09-30",
    "symbol": "HAL",
    "reportedCurrency": "USD",
    "cik": "0000045012",
    "fillingDate": "1998-11-16",
    "acceptedDate": "1998-11-16 00:00:00",
    "calendarYear": "1998",
    "period": "Q3",
    "revenue": 4169500000,
    "costOfRevenue": 3472500000,
    "grossProfit": 697000000,
    "grossProfitRatio": 0.1671663269,
    "researchAndDevelopmentExpenses": 0,
    "generalAndAdministrativeExpenses": 110000000,
    "sellingAndMarketingExpenses": 0,
    "sellingGeneralAndAdministrativeExpenses": 110000000,
    "otherExpenses": 274100000,
    "operatingExpenses": 384100000,
    "costAndExpenses": 3856600000,
    "interestIncome": 0,
    "interestExpense": 0,
    "depreciationAndAmortization": 274100000,
    "ebitda": 495000000,
    "ebitdaratio": 0.1187192709,
    "operatingIncome": 312900000,
    "operatingIncomeRatio": 0.0750449694,
    "totalOtherIncomeExpensesNet": -844600000,
    "incomeBeforeTax": -623600000,
    "incomeBeforeTaxRatio": -0.1495622976,
    "incomeTaxExpense": -96600000,
    "netIncome": -527000000,
    "netIncomeRatio": -0.126394052,
    "eps": -0.6,
    "epsdiluted": -0.6,
    "weightedAverageShsOut": 878333333,
    "weightedAverageShsOutDil": 878333333,
    "link": "https://www.sec.gov/Archives/edgar/data/45012/000004501298000044/0000045012-98-000044-index.html",
    "finalLink": "https://www.sec.gov/Archives/edgar/data/45012/"
  },
  {
    "date": "1998-06-30",
    "symbol": "HAL",
    "reportedCurrency": "USD",
    "cik": "0000045012",
    "fillingDate": "1998-08-12",
    "acceptedDate": "1998-08-12 00:00:00",
    "calendarYear": "1998",
    "period": "Q2",
    "revenue": 2475600000,
    "costOfRevenue": 2145400000,
    "grossProfit": 330200000,
    "grossProfitRatio": 0.1333818064,
    "researchAndDevelopmentExpenses": 0,
    "generalAndAdministrativeExpenses": 9800000,
    "sellingAndMarketingExpenses": 0,
    "sellingGeneralAndAdministrativeExpenses": 9800000,
    "otherExpenses": 82000000,
    "operatingExpenses": 91800000,
    "costAndExpenses": 2237200000,
    "interestIncome": 0,
    "interestExpense": 0,
    "depreciationAndAmortization": 82000000,
    "ebitda": 579000000,
    "ebitdaratio": 0.2338826951,
    "operatingIncome": 238400000,
    "operatingIncomeRatio": 0.0962998869,
    "totalOtherIncomeExpensesNet": -40000000,
    "incomeBeforeTax": 224800000,
    "incomeBeforeTaxRatio": 0.0908062692,
    "incomeTaxExpense": 88300000,
    "netIncome": 136500000,
    "netIncomeRatio": 0.0551381483,
    "eps": 0.26,
    "epsdiluted": 0.25,
    "weightedAverageShsOut": 523555556,
    "weightedAverageShsOutDil": 535454545,
    "link": "https://www.sec.gov/Archives/edgar/data/45012/000004501298000034/0000045012-98-000034-index.html",
    "finalLink": "https://www.sec.gov/Archives/edgar/data/45012/"
  },
  {
    "date": "1998-03-31",
    "symbol": "HAL",
    "reportedCurrency": "USD",
    "cik": "0000045012",
    "fillingDate": "1998-05-07",
    "acceptedDate": "1998-05-07 00:00:00",
    "calendarYear": "1998",
    "period": "Q1",
    "revenue": 2355300000,
    "costOfRevenue": 2056100000,
    "grossProfit": 299200000,
    "grossProfitRatio": 0.1270326498,
    "researchAndDevelopmentExpenses": 0,
    "generalAndAdministrativeExpenses": 9800000,
    "sellingAndMarketingExpenses": 0,
    "sellingGeneralAndAdministrativeExpenses": 9800000,
    "otherExpenses": 85400000,
    "operatingExpenses": 95200000,
    "costAndExpenses": 2151300000,
    "interestIncome": 0,
    "interestExpense": 0,
    "depreciationAndAmortization": 85400000,
    "ebitda": 456000000,
    "ebitdaratio": 0.1936059101,
    "operatingIncome": 204000000,
    "operatingIncomeRatio": 0.0866131703,
    "totalOtherIncomeExpensesNet": 127000000,
    "incomeBeforeTax": 194800000,
    "incomeBeforeTaxRatio": 0.0827070861,
    "incomeTaxExpense": 77000000,
    "netIncome": 117800000,
    "netIncomeRatio": 0.0500148601,
    "eps": 0.22,
    "epsdiluted": 0.22,
    "weightedAverageShsOut": 525800000,
    "weightedAverageShsOutDil": 525800000,
    "link": "https://www.sec.gov/Archives/edgar/data/45012/000004501298000016/0000045012-98-000016-index.html",
    "finalLink": "https://www.sec.gov/Archives/edgar/data/45012/"
  },
  {
    "date": "1997-12-31",
    "symbol": "HAL",
    "reportedCurrency": "USD",
    "cik": "0000045012",
    "fillingDate": "1998-02-24",
    "acceptedDate": "1998-02-24 00:00:00",
    "calendarYear": "1997",
    "period": "Q4",
    "revenue": 2385300000,
    "costOfRevenue": 2033300000,
    "grossProfit": 352000000,
    "grossProfitRatio": 0.1475705362,
    "researchAndDevelopmentExpenses": 0,
    "generalAndAdministrativeExpenses": 9500000,
    "sellingAndMarketingExpenses": 0,
    "sellingGeneralAndAdministrativeExpenses": 9500000,
    "otherExpenses": 82100000,
    "operatingExpenses": 91600000,
    "costAndExpenses": 2124900000,
    "interestIncome": 0,
    "interestExpense": 0,
    "depreciationAndAmortization": 82100000,
    "ebitda": 342500000,
    "ebitdaratio": 0.1435878087,
    "operatingIncome": 260400000,
    "operatingIncomeRatio": 0.109168658,
    "totalOtherIncomeExpensesNet": -14400000,
    "incomeBeforeTax": 246000000,
    "incomeBeforeTaxRatio": 0.1031316815,
    "incomeTaxExpense": 97600000,
    "netIncome": 148400000,
    "netIncomeRatio": 0.0622143965,
    "eps": 0.28,
    "epsdiluted": 0.28,
    "weightedAverageShsOut": 503414468,
    "weightedAverageShsOutDil": 523555556,
    "link": "https://www.sec.gov/Archives/edgar/data/45012/000004501298000008/0000045012-98-000008-index.html",
    "finalLink": "https://www.sec.gov/Archives/edgar/data/45012/"
  },
  {
    "date": "1997-09-30",
    "symbol": "HAL",
    "reportedCurrency": "USD",
    "cik": "0000045012",
    "fillingDate": "1997-11-12",
    "acceptedDate": "1997-11-12 00:00:00",
    "calendarYear": "1997",
    "period": "Q3",
    "revenue": 2304700000,
    "costOfRevenue": 1991700000,
    "grossProfit": 313000000,
    "grossProfitRatio": 0.1358094329,
    "researchAndDevelopmentExpenses": 0,
    "generalAndAdministrativeExpenses": 8100000,
    "sellingAndMarketingExpenses": 0,
    "sellingGeneralAndAdministrativeExpenses": 8100000,
    "otherExpenses": 79300000,
    "operatingExpenses": 87400000,
    "costAndExpenses": 2079100000,
    "interestIncome": 0,
    "interestExpense": 0,
    "depreciationAndAmortization": 79300000,
    "ebitda": 623700000,
    "ebitdaratio": 0.2706209051,
    "operatingIncome": 225600000,
    "operatingIncomeRatio": 0.0978869267,
    "totalOtherIncomeExpensesNet": -19900000,
    "incomeBeforeTax": 202300000,
    "incomeBeforeTaxRatio": 0.087777151,
    "incomeTaxExpense": 81200000,
    "netIncome": 121100000,
    "netIncomeRatio": 0.0525447998,
    "eps": 0.24,
    "epsdiluted": 0.24,
    "weightedAverageShsOut": 506575342,
    "weightedAverageShsOutDil": 513611111,
    "link": "https://www.sec.gov/Archives/edgar/data/45012/000004501297000050/0000045012-97-000050-index.html",
    "finalLink": "https://www.sec.gov/Archives/edgar/data/45012/"
  },
  {
    "date": "1997-06-30",
    "symbol": "HAL",
    "reportedCurrency": "USD",
    "cik": "0000045012",
    "fillingDate": "1997-08-13",
    "acceptedDate": "1997-08-13 00:00:00",
    "calendarYear": "1997",
    "period": "Q2",
    "revenue": 2231100000,
    "costOfRevenue": 1962500000,
    "grossProfit": 268600000,
    "grossProfitRatio": 0.1203890458,
    "researchAndDevelopmentExpenses": 0,
    "generalAndAdministrativeExpenses": 8100000,
    "sellingAndMarketingExpenses": 0,
    "sellingGeneralAndAdministrativeExpenses": 8100000,
    "otherExpenses": 78500000,
    "operatingExpenses": 86600000,
    "costAndExpenses": 2049100000,
    "interestIncome": 0,
    "interestExpense": 0,
    "depreciationAndAmortization": 78500000,
    "ebitda": 260500000,
    "ebitdaratio": 0.1167585496,
    "operatingIncome": 182000000,
    "operatingIncomeRatio": 0.0815741114,
    "totalOtherIncomeExpensesNet": -11600000,
    "incomeBeforeTax": 170400000,
    "incomeBeforeTaxRatio": 0.0763748823,
    "incomeTaxExpense": 68500000,
    "netIncome": 101900000,
    "netIncomeRatio": 0.0456725382,
    "eps": 0.2,
    "epsdiluted": 0.2,
    "weightedAverageShsOut": 509500000,
    "weightedAverageShsOutDil": 509500000,
    "link": "https://www.sec.gov/Archives/edgar/data/45012/000004501297000042/0000045012-97-000042-index.html",
    "finalLink": "https://www.sec.gov/Archives/edgar/data/45012/"
  },
  {
    "date": "1997-03-31",
    "symbol": "HAL",
    "reportedCurrency": "USD",
    "cik": "0000045012",
    "fillingDate": "1997-05-14",
    "acceptedDate": "1997-05-14 00:00:00",
    "calendarYear": "1997",
    "period": "Q1",
    "revenue": 1897500000,
    "costOfRevenue": 1681300000,
    "grossProfit": 216200000,
    "grossProfitRatio": 0.1139393939,
    "researchAndDevelopmentExpenses": 0,
    "generalAndAdministrativeExpenses": 7900000,
    "sellingAndMarketingExpenses": 0,
    "sellingGeneralAndAdministrativeExpenses": 7900000,
    "otherExpenses": 69600000,
    "operatingExpenses": 77500000,
    "costAndExpenses": 1758800000,
    "interestIncome": 0,
    "interestExpense": 0,
    "depreciationAndAmortization": 69600000,
    "ebitda": 208300000,
    "ebitdaratio": 0.1097760211,
    "operatingIncome": 138700000,
    "operatingIncomeRatio": 0.0730961792,
    "totalOtherIncomeExpensesNet": -3000000,
    "incomeBeforeTax": 135700000,
    "incomeBeforeTaxRatio": 0.0715151515,
    "incomeTaxExpense": 52700000,
    "netIncome": 83000000,
    "netIncomeRatio": 0.0437417655,
    "eps": 0.17,
    "epsdiluted": 0.16,
    "weightedAverageShsOut": 503030303,
    "weightedAverageShsOutDil": 518750000,
    "link": "https://www.sec.gov/Archives/edgar/data/45012/000004501297000017/0000045012-97-000017-index.html",
    "finalLink": "https://www.sec.gov/Archives/edgar/data/45012/"
  },
  {
    "date": "1996-12-31",
    "symbol": "HAL",
    "reportedCurrency": "USD",
    "cik": "0000045012",
    "fillingDate": "1997-03-28",
    "acceptedDate": "1997-03-28 00:00:00",
    "calendarYear": "1996",
    "period": "Q4",
    "revenue": 2133600000,
    "costOfRevenue": 1656600000,
    "grossProfit": 477000000,
    "grossProfitRatio": 0.2235658043,
    "researchAndDevelopmentExpenses": 0,
    "generalAndAdministrativeExpenses": 210200000,
    "sellingAndMarketingExpenses": 0,
    "sellingGeneralAndAdministrativeExpenses": 210200000,
    "otherExpenses": 84100000,
    "operatingExpenses": 294300000,
    "costAndExpenses": 1950900000,
    "interestIncome": 0,
    "interestExpense": 0,
    "depreciationAndAmortization": 84100000,
    "ebitda": 266800000,
    "ebitdaratio": 0.1250468691,
    "operatingIncome": 182700000,
    "operatingIncomeRatio": 0.0856299213,
    "totalOtherIncomeExpensesNet": -24000000,
    "incomeBeforeTax": 158700000,
    "incomeBeforeTaxRatio": 0.0743813273,
    "incomeTaxExpense": 59500000,
    "netIncome": 99200000,
    "netIncomeRatio": 0.0464941882,
    "eps": 0.2,
    "epsdiluted": 0.2,
    "weightedAverageShsOut": 503030303,
    "weightedAverageShsOutDil": 503030303,
    "link": "https://www.sec.gov/Archives/edgar/data/45012/000004501297000011/0000045012-97-000011-index.html",
    "finalLink": "https://www.sec.gov/Archives/edgar/data/45012/"
  },
  {
    "date": "1996-09-30",
    "symbol": "HAL",
    "reportedCurrency": "USD",
    "cik": "0000045012",
    "fillingDate": "1996-11-13",
    "acceptedDate": "1996-11-13 00:00:00",
    "calendarYear": "1996",
    "period": "Q3",
    "revenue": 1813300000,
    "costOfRevenue": 1609800000,
    "grossProfit": 203500000,
    "grossProfitRatio": 0.1122263277,
    "researchAndDevelopmentExpenses": 0,
    "generalAndAdministrativeExpenses": 9200000,
    "sellingAndMarketingExpenses": 0,
    "sellingGeneralAndAdministrativeExpenses": 9200000,
    "otherExpenses": 64200000,
    "operatingExpenses": 73400000,
    "costAndExpenses": 1683200000,
    "interestIncome": 0,
    "interestExpense": 0,
    "depreciationAndAmortization": 64200000,
    "ebitda": 200300000,
    "ebitdaratio": 0.1104615894,
    "operatingIncome": 130100000,
    "operatingIncomeRatio": 0.0717476424,
    "totalOtherIncomeExpensesNet": -76200000,
    "incomeBeforeTax": 61300000,
    "incomeBeforeTaxRatio": 0.0338057685,
    "incomeTaxExpense": -21300000,
    "netIncome": 82600000,
    "netIncomeRatio": 0.0455523079,
    "eps": 0.16,
    "epsdiluted": 0.16,
    "weightedAverageShsOut": 503333333,
    "weightedAverageShsOutDil": 503333333,
    "link": "https://www.sec.gov/Archives/edgar/data/45012/000004501296000028/0000045012-96-000028-index.html",
    "finalLink": "https://www.sec.gov/Archives/edgar/data/45012/"
  },
  {
    "date": "1996-06-30",
    "symbol": "HAL",
    "reportedCurrency": "USD",
    "cik": "0000045012",
    "fillingDate": "1996-07-29",
    "acceptedDate": "1996-07-29 00:00:00",
    "calendarYear": "1996",
    "period": "Q2",
    "revenue": 1776800000,
    "costOfRevenue": 1597800000,
    "grossProfit": 179000000,
    "grossProfitRatio": 0.1007429086,
    "researchAndDevelopmentExpenses": 0,
    "generalAndAdministrativeExpenses": 8400000,
    "sellingAndMarketingExpenses": 0,
    "sellingGeneralAndAdministrativeExpenses": 8400000,
    "otherExpenses": 60500000,
    "operatingExpenses": 68900000,
    "costAndExpenses": 1666700000,
    "interestIncome": 0,
    "interestExpense": 0,
    "depreciationAndAmortization": 60500000,
    "ebitda": 184500000,
    "ebitdaratio": 0.1038383611,
    "operatingIncome": 110100000,
    "operatingIncomeRatio": 0.0619653309,
    "totalOtherIncomeExpensesNet": -600000,
    "incomeBeforeTax": 103200000,
    "incomeBeforeTaxRatio": 0.0580819451,
    "incomeTaxExpense": 36100000,
    "netIncome": 67100000,
    "netIncomeRatio": 0.0377645205,
    "eps": 0.14,
    "epsdiluted": 0.14,
    "weightedAverageShsOut": 495172414,
    "weightedAverageShsOutDil": 495172414,
    "link": "https://www.sec.gov/Archives/edgar/data/45012/000004501296000019/0000045012-96-000019-index.html",
    "finalLink": "https://www.sec.gov/Archives/edgar/data/45012/"
  },
  {
    "date": "1996-03-31",
    "symbol": "HAL",
    "reportedCurrency": "USD",
    "cik": "0000045012",
    "fillingDate": "1996-05-14",
    "acceptedDate": "1996-05-14 00:00:00",
    "calendarYear": "1996",
    "period": "Q1",
    "revenue": 1661400000,
    "costOfRevenue": 1512700000,
    "grossProfit": 148700000,
    "grossProfitRatio": 0.0895028289,
    "researchAndDevelopmentExpenses": 0,
    "generalAndAdministrativeExpenses": 8800000,
    "sellingAndMarketingExpenses": 0,
    "sellingGeneralAndAdministrativeExpenses": 8800000,
    "otherExpenses": 59100000,
    "operatingExpenses": 67900000,
    "costAndExpenses": 1580600000,
    "interestIncome": 0,
    "interestExpense": 0,
    "depreciationAndAmortization": 59100000,
    "ebitda": 139900000,
    "ebitdaratio": 0.0842060912,
    "operatingIncome": 80800000,
    "operatingIncomeRatio": 0.0486336824,
    "totalOtherIncomeExpensesNet": -300000,
    "incomeBeforeTax": 80500000,
    "incomeBeforeTaxRatio": 0.0484531118,
    "incomeTaxExpense": 29000000,
    "netIncome": 51500000,
    "netIncomeRatio": 0.0309979535,
    "eps": 0.09,
    "epsdiluted": 0.09,
    "weightedAverageShsOut": 572222222,
    "weightedAverageShsOutDil": 572222222,
    "link": "https://www.sec.gov/Archives/edgar/data/45012/000004501296000012/0000045012-96-000012-index.html",
    "finalLink": "https://www.sec.gov/Archives/edgar/data/45012/"
  },
  {
    "date": "1995-12-31",
    "symbol": "HAL",
    "reportedCurrency": "USD",
    "cik": "0000045012",
    "fillingDate": "1996-03-11",
    "acceptedDate": "1996-03-11 00:00:00",
    "calendarYear": "1995",
    "period": "Q4",
    "revenue": 1537400000,
    "costOfRevenue": 1351000000,
    "grossProfit": 186400000,
    "grossProfitRatio": 0.1212436581,
    "researchAndDevelopmentExpenses": 0,
    "generalAndAdministrativeExpenses": 11600000,
    "sellingAndMarketingExpenses": 0,
    "sellingGeneralAndAdministrativeExpenses": 11600000,
    "otherExpenses": 61400000,
    "operatingExpenses": 73000000,
    "costAndExpenses": 1424000000,
    "interestIncome": 0,
    "interestExpense": 0,
    "depreciationAndAmortization": 61400000,
    "ebitda": 174800000,
    "ebitdaratio": 0.1136984519,
    "operatingIncome": 113400000,
    "operatingIncomeRatio": 0.073760895,
    "totalOtherIncomeExpensesNet": -1700000,
    "incomeBeforeTax": 111700000,
    "incomeBeforeTaxRatio": 0.072655132,
    "incomeTaxExpense": 39800000,
    "netIncome": 71900000,
    "netIncomeRatio": 0.0467672694,
    "eps": 0.13,
    "epsdiluted": 0.13,
    "weightedAverageShsOut": 572222222,
    "weightedAverageShsOutDil": 572222222,
    "link": "https://www.sec.gov/Archives/edgar/data/45012/000004501296000006/0000045012-96-000006-index.html",
    "finalLink": "https://www.sec.gov/Archives/edgar/data/45012/"
  },
  {
    "date": "1995-09-30",
    "symbol": "HAL",
    "reportedCurrency": "USD",
    "cik": "0000045012",
    "fillingDate": "1995-11-14",
    "acceptedDate": "1995-11-14 00:00:00",
    "calendarYear": "1995",
    "period": "Q3",
    "revenue": 1489800000,
    "costOfRevenue": 1308300000,
    "grossProfit": 181500000,
    "grossProfitRatio": 0.1218284333,
    "researchAndDevelopmentExpenses": 0,
    "generalAndAdministrativeExpenses": 8300000,
    "sellingAndMarketingExpenses": 0,
    "sellingGeneralAndAdministrativeExpenses": 8300000,
    "otherExpenses": 62100000,
    "operatingExpenses": 70400000,
    "costAndExpenses": 1378700000,
    "interestIncome": 0,
    "interestExpense": 0,
    "depreciationAndAmortization": 62100000,
    "ebitda": 173200000,
    "ebitdaratio": 0.1162572157,
    "operatingIncome": 111100000,
    "operatingIncomeRatio": 0.0745737683,
    "totalOtherIncomeExpensesNet": -7400000,
    "incomeBeforeTax": 103700000,
    "incomeBeforeTaxRatio": 0.0696066586,
    "incomeTaxExpense": 34900000,
    "netIncome": 1100000,
    "netIncomeRatio": 0.0007383541,
    "eps": 0.0024,
    "epsdiluted": 0.0024,
    "weightedAverageShsOut": 453809524,
    "weightedAverageShsOutDil": 453809524,
    "link": "https://www.sec.gov/Archives/edgar/data/45012/000004501295000031/0000045012-95-000031-index.html",
    "finalLink": "https://www.sec.gov/Archives/edgar/data/45012/"
  }
]