[
  {
    "date": "2024-12-31",
    "symbol": "HAL",
    "reportedCurrency": "USD",
    "cik": "0000045012",
    "fillingDate": "2025-02-12",
    "acceptedDate": "2025-02-12 15:03:21",
    "calendarYear": "2024",
    "period": "FY",
    "revenue": 22944000000,
    "costOfRevenue": 18643000000,
    "grossProfit": 4301000000,
    "grossProfitRatio": 0.1874564156,
    "researchAndDevelopmentExpenses": 0,
    "generalAndAdministrativeExpenses": 239000000,
    "sellingAndMarketingExpenses": 0,
    "sellingGeneralAndAdministrativeExpenses": 239000000,
    "otherExpenses": 240000000,
    "operatingExpenses": 479000000,
    "costAndExpenses": 19122000000,
    "interestIncome": 97000000,
    "interestExpense": 450000000,
    "depreciationAndAmortization": 1079000000,
    "ebitda": 4763000000,
    "ebitdaratio": 0.2075923989,
    "operatingIncome": 3822000000,
    "operatingIncomeRatio": 0.1665794979,
    "totalOtherIncomeExpensesNet": -588000000,
    "incomeBeforeTax": 3234000000,
    "incomeBeforeTaxRatio": 0.1409518828,
    "incomeTaxExpense": 718000000,
    "netIncome": 2501000000,
    "netIncomeRatio": 0.1090045328,
    "eps": 2.83,
    "epsdiluted": 2.83,
    "weightedAverageShsOut": 882000000,
    "weightedAverageShsOutDil": 883000000,
    "link": "https://www.sec.gov/Archives/edgar/data/45012/000004501225000010/0000045012-25-000010-index.htm",
    "finalLink": "https://www.sec.gov/Archives/edgar/data/45012/000004501225000010/hal-20241231.htm"
  },
  {
    "date": "2023-12-31",
    "symbol": "HAL",
    "reportedCurrency": "USD",
    "cik": "0000045012",
    "fillingDate": "2024-02-06",
    "acceptedDate": "2024-02-06 14:42:35",
    "calendarYear": "2023",
    "period": "FY",
    "revenue": 23018000000,
    "costOfRevenue": 18658000000,
    "grossProfit": 4360000000,
    "grossProfitRatio": 0.189416978,
    "researchAndDevelopmentExpenses": 408000000,
    "generalAndAdministrativeExpenses": 226000000,
    "sellingAndMarketingExpenses": 0,
    "sellingGeneralAndAdministrativeExpenses": 226000000,
    "otherExpenses": -357000000,
    "operatingExpenses": 277000000,
    "costAndExpenses": 18935000000,
    "interestIncome": 81000000,
    "interestExpense": 578000000,
    "depreciationAndAmortization": 998000000,
    "ebitda": 4837000000,
    "ebitdaratio": 0.2101398905,
    "operatingIncome": 4083000000,
    "operatingIncomeRatio": 0.1773829177,
    "totalOtherIncomeExpensesNet": -720000000,
    "incomeBeforeTax": 3363000000,
    "incomeBeforeTaxRatio": 0.1461030498,
    "incomeTaxExpense": 701000000,
    "netIncome": 2638000000,
    "netIncomeRatio": 0.1146059606,
    "eps": 2.93,
    "epsdiluted": 2.92,
    "weightedAverageShsOut": 899000000,
    "weightedAverageShsOutDil": 902000000,
    "link": "https://www.sec.gov/Archives/edgar/data/45012/000004501224000007/0000045012-24-000007-index.htm",
    "finalLink": "https://www.sec.gov/Archives/edgar/data/45012/000004501224000007/hal-20231231.htm"
  },
  {
    "date": "2022-12-31",
    "symbol": "HAL",
    "reportedCurrency": "USD",
    "cik": "0000045012",
    "fillingDate": "2023-02-07",
    "acceptedDate": "2023-02-07 13:18:02",
    "calendarYear": "2022",
    "period": "FY",
    "revenue": 20297000000,
    "costOfRevenue": 16984000000,
    "grossProfit": 3313000000,
    "grossProfitRatio": 0.1632260925,
    "researchAndDevelopmentExpenses": 0,
    "generalAndAdministrativeExpenses": 240000000,
    "sellingAndMarketingExpenses": 0,
    "sellingGeneralAndAdministrativeExpenses": 240000000,
    "otherExpenses": 366000000,
    "operatingExpenses": 606000000,
    "costAndExpenses": 17590000000,
    "interestIncome": 29000000,
    "interestExpense": 492000000,
    "depreciationAndAmortization": 940000000,
    "ebitda": 3542000000,
    "ebitdaratio": 0.1745085481,
    "operatingIncome": 2707000000,
    "operatingIncomeRatio": 0.1333694635,
    "totalOtherIncomeExpensesNet": -597000000,
    "incomeBeforeTax": 2110000000,
    "incomeBeforeTaxRatio": 0.1039562497,
    "incomeTaxExpense": 515000000,
    "netIncome": 1572000000,
    "netIncomeRatio": 0.0774498694,
    "eps": 1.74,
    "epsdiluted": 1.73,
    "weightedAverageShsOut": 904000000,
    "weightedAverageShsOutDil": 908000000,
    "link": "https://www.sec.gov/Archives/edgar/data/45012/000004501223000011/0000045012-23-000011-index.htm",
    "finalLink": "https://www.sec.gov/Archives/edgar/data/45012/000004501223000011/hal-20221231.htm"
  },
  {
    "date": "2021-12-31",
    "symbol": "HAL",
    "reportedCurrency": "USD",
    "cik": "0000045012",
    "fillingDate": "2022-02-04",
    "acceptedDate": "2022-02-04 13:14:35",
    "calendarYear": "2021",
    "period": "FY",
    "revenue": 15295000000,
    "costOfRevenue": 13256000000,
    "grossProfit": 2016000000,
    "grossProfitRatio": 0.1318077803,
    "researchAndDevelopmentExpenses": 321000000,
    "generalAndAdministrativeExpenses": 204000000,
    "sellingAndMarketingExpenses": 0,
    "sellingGeneralAndAdministrativeExpenses": 204000000,
    "otherExpenses": -309000000,
    "operatingExpenses": 216000000,
    "costAndExpenses": 13495000000,
    "interestIncome": 9000000,
    "interestExpense": 529000000,
    "depreciationAndAmortization": 904000000,
    "ebitda": 2685000000,
    "ebitdaratio": 0.1755475646,
    "operatingIncome": 1800000000,
    "operatingIncomeRatio": 0.1176855181,
    "totalOtherIncomeExpensesNet": -548000000,
    "incomeBeforeTax": 1252000000,
    "incomeBeforeTaxRatio": 0.081856816,
    "incomeTaxExpense": -216000000,
    "netIncome": 1457000000,
    "netIncomeRatio": 0.0952598889,
    "eps": 1.63,
    "epsdiluted": 1.63,
    "weightedAverageShsOut": 892000000,
    "weightedAverageShsOutDil": 892000000,
    "link": "https://www.sec.gov/Archives/edgar/data/45012/000004501222000013/0000045012-22-000013-index.htm",
    "finalLink": "https://www.sec.gov/Archives/edgar/data/45012/000004501222000013/hal-20211231.htm"
  },
  {
    "date": "2020-12-31",
    "symbol": "HAL",
    "reportedCurrency": "USD",
    "cik": "0000045012",
    "fillingDate": "2021-02-05",
    "acceptedDate": "2021-02-05 17:09:04",
    "calendarYear": "2020",
    "period": "FY",
    "revenue": 14445000000,
    "costOfRevenue": 12900000000,
    "grossProfit": 1545000000,
    "grossProfitRatio": 0.1069574247,
    "researchAndDevelopmentExpenses": 309000000,
    "generalAndAdministrativeExpenses": 182000000,
    "sellingAndMarketingExpenses": 0,
    "sellingGeneralAndAdministrativeExpenses": 182000000,
    "otherExpenses": 3490000000,
    "operatingExpenses": 3981000000,
    "costAndExpenses": 16881000000,
    "interestIncome": 38000000,
    "interestExpense": 543000000,
    "depreciationAndAmortization": 1058000000,
    "ebitda": -1619000000,
    "ebitdaratio": -0.1120803046,
    "operatingIncome": -2436000000,
    "operatingIncomeRatio": -0.1686396677,
    "totalOtherIncomeExpensesNet": -784000000,
    "incomeBeforeTax": -3220000000,
    "incomeBeforeTaxRatio": -0.2229145033,
    "incomeTaxExpense": -278000000,
    "netIncome": -2942000000,
    "netIncomeRatio": -0.2036690897,
    "eps": -3.34,
    "epsdiluted": -3.34,
    "weightedAverageShsOut": 881000000,
    "weightedAverageShsOutDil": 881000000,
    "link": "https://www.sec.gov/Archives/edgar/data/45012/000004501221000009/0000045012-21-000009-index.htm",
    "finalLink": "https://www.sec.gov/Archives/edgar/data/45012/000004501221000009/hal-20201231.htm"
  },
  {
    "date": "2019-12-31",
    "symbol": "HAL",
    "reportedCurrency": "USD",
    "cik": "0000045012",
    "fillingDate": "2020-02-11",
    "acceptedDate": "2020-02-11 16:57:53",
    "calendarYear": "2019",
    "period": "FY",
    "revenue": 22408000000,
    "costOfRevenue": 20123000000,
    "grossProfit": 2285000000,
    "grossProfitRatio": 0.1019725098,
    "researchAndDevelopmentExpenses": 404000000,
    "generalAndAdministrativeExpenses": 227000000,
    "sellingAndMarketingExpenses": 0,
    "sellingGeneralAndAdministrativeExpenses": 227000000,
    "otherExpenses": -224000000,
    "operatingExpenses": 227000000,
    "costAndExpenses": 20350000000,
    "interestIncome": 23000000,
    "interestExpense": 592000000,
    "depreciationAndAmortization": 1625000000,
    "ebitda": 1095000000,
    "ebitdaratio": 0.0488664763,
    "operatingIncome": -448000000,
    "operatingIncomeRatio": -0.0199928597,
    "totalOtherIncomeExpensesNet": -674000000,
    "incomeBeforeTax": -1122000000,
    "incomeBeforeTaxRatio": -0.0500714031,
    "incomeTaxExpense": 7000000,
    "netIncome": -1129000000,
    "netIncomeRatio": -0.0503837915,
    "eps": -1.29,
    "epsdiluted": -1.29,
    "weightedAverageShsOut": 875000000,
    "weightedAverageShsOutDil": 875000000,
    "link": "https://www.sec.gov/Archives/edgar/data/45012/000004501220000031/0000045012-20-000031-index.htm",
    "finalLink": "https://www.sec.gov/Archives/edgar/data/45012/000004501220000031/hal12312019-10k.htm"
  },
  {
    "date": "2018-12-31",
    "symbol": "HAL",
    "reportedCurrency": "USD",
    "cik": "0000045012",
    "fillingDate": "2019-02-13",
    "acceptedDate": "2019-02-13 15:07:24",
    "calendarYear": "2018",
    "period": "FY",
    "revenue": 23995000000,
    "costOfRevenue": 21009000000,
    "grossProfit": 2986000000,
    "grossProfitRatio": 0.1244425922,
    "researchAndDevelopmentExpenses": 390000000,
    "generalAndAdministrativeExpenses": 254000000,
    "sellingAndMarketingExpenses": 0,
    "sellingGeneralAndAdministrativeExpenses": 254000000,
    "otherExpenses": -99000000,
    "operatingExpenses": 254000000,
    "costAndExpenses": 21263000000,
    "interestIncome": 44000000,
    "interestExpense": 598000000,
    "depreciationAndAmortization": 1606000000,
    "ebitda": 4018000000,
    "ebitdaratio": 0.1674515524,
    "operatingIncome": 2467000000,
    "operatingIncomeRatio": 0.1028130861,
    "totalOtherIncomeExpensesNet": -653000000,
    "incomeBeforeTax": 1814000000,
    "incomeBeforeTaxRatio": 0.0755990831,
    "incomeTaxExpense": 157000000,
    "netIncome": 1656000000,
    "netIncomeRatio": 0.069014378,
    "eps": 1.89,
    "epsdiluted": 1.89,
    "weightedAverageShsOut": 875000000,
    "weightedAverageShsOutDil": 877000000,
    "link": "https://www.sec.gov/Archives/edgar/data/45012/000004501219000044/0000045012-19-000044-index.htm",
    "finalLink": "https://www.sec.gov/Archives/edgar/data/45012/000004501219000044/hal12312018-10k.htm"
  },
  {
    "date": "2017-12-31",
    "symbol": "HAL",
    "reportedCurrency": "USD",
    "cik": "0000045012",
    "fillingDate": "2018-02-09",
    "acceptedDate": "2018-02-09 09:50:46",
    "calendarYear": "2017",
    "period": "FY",
    "revenue": 20620000000,
    "costOfRevenue": 18355000000,
    "grossProfit": 2265000000,
    "grossProfitRatio": 0.1098448109,
    "researchAndDevelopmentExpenses": 360000000,
    "generalAndAdministrativeExpenses": 256000000,
    "sellingAndMarketingExpenses": 0,
    "sellingGeneralAndAdministrativeExpenses": 256000000,
    "otherExpenses": -87000000,
    "operatingExpenses": 256000000,
    "costAndExpenses": 18611000000,
    "interestIncome": 112000000,
    "interestExpense": 705000000,
    "depreciationAndAmortization": 1556000000,
    "ebitda": 2943000000,
    "ebitdaratio": 0.1427255092,
    "operatingIncome": 1362000000,
    "operatingIncomeRatio": 0.0660523763,
    "totalOtherIncomeExpensesNet": -680000000,
    "incomeBeforeTax": 682000000,
    "incomeBeforeTaxRatio": 0.0330746848,
    "incomeTaxExpense": 1131000000,
    "netIncome": -463000000,
    "netIncomeRatio": -0.0224539282,
    "eps": -0.53,
    "epsdiluted": -0.53,
    "weightedAverageShsOut": 870000000,
    "weightedAverageShsOutDil": 870000000,
    "link": "https://www.sec.gov/Archives/edgar/data/45012/000004501218000059/0000045012-18-000059-index.htm",
    "finalLink": "https://www.sec.gov/Archives/edgar/data/45012/000004501218000059/hal_12312017-10k.htm"
  },
  {
    "date": "2016-12-31",
    "symbol": "HAL",
    "reportedCurrency": "USD",
    "cik": "0000045012",
    "fillingDate": "2017-02-07",
    "acceptedDate": "2017-02-07 12:18:53",
    "calendarYear": "2016",
    "period": "FY",
    "revenue": 15887000000,
    "costOfRevenue": 15023000000,
    "grossProfit": 864000000,
    "grossProfitRatio": 0.0543840876,
    "researchAndDevelopmentExpenses": 329000000,
    "generalAndAdministrativeExpenses": 228000000,
    "sellingAndMarketingExpenses": 0,
    "sellingGeneralAndAdministrativeExpenses": 228000000,
    "otherExpenses": -208000000,
    "operatingExpenses": 228000000,
    "costAndExpenses": 15251000000,
    "interestIncome": 59000000,
    "interestExpense": 698000000,
    "depreciationAndAmortization": 1503000000,
    "ebitda": -5424000000,
    "ebitdaratio": -0.3414112167,
    "operatingIncome": -6778000000,
    "operatingIncomeRatio": -0.4266381318,
    "totalOtherIncomeExpensesNet": -847000000,
    "incomeBeforeTax": -7625000000,
    "incomeBeforeTaxRatio": -0.4799521621,
    "incomeTaxExpense": -1858000000,
    "netIncome": -5763000000,
    "netIncomeRatio": -0.3627494178,
    "eps": -6.69,
    "epsdiluted": -6.69,
    "weightedAverageShsOut": 861000000,
    "weightedAverageShsOutDil": 861000000,
    "link": "https://www.sec.gov/Archives/edgar/data/45012/000004501217000047/0000045012-17-000047-index.htm",
    "finalLink": "https://www.sec.gov/Archives/edgar/data/45012/000004501217000047/hal_12312016-10k.htm"
  },
  {
    "date": "2015-12-31",
    "symbol": "HAL",
    "reportedCurrency": "USD",
    "cik": "0000045012",
    "fillingDate": "2016-02-05",
    "acceptedDate": "2016-02-05 11:02:03",
    "calendarYear": "2015",
    "period": "FY",
    "revenue": 23633000000,
    "costOfRevenue": 21113000000,
    "grossProfit": 2520000000,
    "grossProfitRatio": 0.106630559,
    "researchAndDevelopmentExpenses": 487000000,
    "generalAndAdministrativeExpenses": 200000000,
    "sellingAndMarketingExpenses": 0,
    "sellingGeneralAndAdministrativeExpenses": 200000000,
    "otherExpenses": -324000000,
    "operatingExpenses": 200000000,
    "costAndExpenses": 21313000000,
    "interestIncome": 0,
    "interestExpense": 447000000,
    "depreciationAndAmortization": 1835000000,
    "ebitda": 1362000000,
    "ebitdaratio": 0.0576312783,
    "operatingIncome": -165000000,
    "operatingIncomeRatio": -0.0069817628,
    "totalOtherIncomeExpensesNet": -771000000,
    "incomeBeforeTax": -936000000,
    "incomeBeforeTaxRatio": -0.0396056362,
    "incomeTaxExpense": -274000000,
    "netIncome": -671000000,
    "netIncomeRatio": -0.028392502,
    "eps": -0.79,
    "epsdiluted": -0.79,
    "weightedAverageShsOut": 853000000,
    "weightedAverageShsOutDil": 853000000,
    "link": "https://www.sec.gov/Archives/edgar/data/45012/000004501216000272/0000045012-16-000272-index.htm",
    "finalLink": "https://www.sec.gov/Archives/edgar/data/45012/000004501216000272/hal_12312015-10k.htm"
  },
  {
    "date": "2014-12-31",
    "symbol": "HAL",
    "reportedCurrency": "USD",
    "cik": "0000045012",
    "fillingDate": "2015-02-24",
    "acceptedDate": "2015-02-24 10:16:16",
    "calendarYear": "2014",
    "period": "FY",
    "revenue": 32870000000,
    "costOfRevenue": 27659000000,
    "grossProfit": 5211000000,
    "grossProfitRatio": 0.1585336173,
    "researchAndDevelopmentExpenses": 601000000,
    "generalAndAdministrativeExpenses": 309000000,
    "sellingAndMarketingExpenses": 0,
    "sellingGeneralAndAdministrativeExpenses": 309000000,
    "otherExpenses": -2000000,
    "operatingExpenses": 309000000,
    "costAndExpenses": 27968000000,
    "interestIncome": 13000000,
    "interestExpense": 396000000,
    "depreciationAndAmortization": 2126000000,
    "ebitda": 7234000000,
    "ebitdaratio": 0.2200790995,
    "operatingIncome": 5097000000,
    "operatingIncomeRatio": 0.1550654092,
    "totalOtherIncomeExpensesNet": -385000000,
    "incomeBeforeTax": 4712000000,
    "incomeBeforeTaxRatio": 0.1433526012,
    "incomeTaxExpense": 1275000000,
    "netIncome": 3500000000,
    "netIncomeRatio": 0.106480073,
    "eps": 4.13,
    "epsdiluted": 4.11,
    "weightedAverageShsOut": 848000000,
    "weightedAverageShsOutDil": 852000000,
    "link": "https://www.sec.gov/Archives/edgar/data/45012/000004501215000040/0000045012-15-000040-index.htm",
    "finalLink": "https://www.sec.gov/Archives/edgar/data/45012/000004501215000040/hal_12312014-10k.htm"
  },
  {
    "date": "2013-12-31",
    "symbol": "HAL",
    "reportedCurrency": "USD",
    "cik": "0000045012",
    "fillingDate": "2014-02-07",
    "acceptedDate": "2014-02-07 11:18:05",
    "calendarYear": "2013",
    "period": "FY",
    "revenue": 29402000000,
    "costOfRevenue": 24931000000,
    "grossProfit": 4471000000,
    "grossProfitRatio": 0.1520644854,
    "researchAndDevelopmentExpenses": 588000000,
    "generalAndAdministrativeExpenses": 333000000,
    "sellingAndMarketingExpenses": 0,
    "sellingGeneralAndAdministrativeExpenses": 333000000,
    "otherExpenses": -43000000,
    "operatingExpenses": 333000000,
    "costAndExpenses": 25264000000,
    "interestIncome": 8000000,
    "interestExpense": 339000000,
    "depreciationAndAmortization": 1900000000,
    "ebitda": 5003000000,
    "ebitdaratio": 0.1701584926,
    "operatingIncome": 3138000000,
    "operatingIncomeRatio": 0.1067274335,
    "totalOtherIncomeExpensesNet": -374000000,
    "incomeBeforeTax": 2764000000,
    "incomeBeforeTaxRatio": 0.0940072104,
    "incomeTaxExpense": 648000000,
    "netIncome": 2125000000,
    "netIncomeRatio": 0.072273995,
    "eps": 2.37,
    "epsdiluted": 2.36,
    "weightedAverageShsOut": 898000000,
    "weightedAverageShsOutDil": 902000000,
    "link": "https://www.sec.gov/Archives/edgar/data/45012/000004501214000069/0000045012-14-000069-index.htm",
    "finalLink": "https://www.sec.gov/Archives/edgar/data/45012/000004501214000069/hal-12312013x10k.htm"
  },
  {
    "date": "2012-12-31",
    "symbol": "HAL",
    "reportedCurrency": "USD",
    "cik": "0000045012",
    "fillingDate": "2013-02-11",
    "acceptedDate": "2013-02-11 09:34:14",
    "calendarYear": "2012",
    "period": "FY",
    "revenue": 28503000000,
    "costOfRevenue": 24069000000,
    "grossProfit": 4434000000,
    "grossProfitRatio": 0.1555625724,
    "researchAndDevelopmentExpenses": 460000000,
    "generalAndAdministrativeExpenses": 275000000,
    "sellingAndMarketingExpenses": 0,
    "sellingGeneralAndAdministrativeExpenses": 275000000,
    "otherExpenses": -39000000,
    "operatingExpenses": 275000000,
    "costAndExpenses": 24344000000,
    "interestIncome": 7000000,
    "interestExpense": 305000000,
    "depreciationAndAmortization": 1628000000,
    "ebitda": 5755000000,
    "ebitdaratio": 0.201908571,
    "operatingIncome": 4159000000,
    "operatingIncomeRatio": 0.1459144651,
    "totalOtherIncomeExpensesNet": -337000000,
    "incomeBeforeTax": 3822000000,
    "incomeBeforeTaxRatio": 0.1340911483,
    "incomeTaxExpense": 1235000000,
    "netIncome": 2635000000,
    "netIncomeRatio": 0.0924464091,
    "eps": 2.85,
    "epsdiluted": 2.84,
    "weightedAverageShsOut": 926000000,
    "weightedAverageShsOutDil": 928000000,
    "link": "https://www.sec.gov/Archives/edgar/data/45012/000004501213000086/0000045012-13-000086-index.htm",
    "finalLink": "https://www.sec.gov/Archives/edgar/data/45012/000004501213000086/hal-12312012x10k.htm"
  },
  {
    "date": "2011-12-31",
    "symbol": "HAL",
    "reportedCurrency": "USD",
    "cik": "0000045012",
    "fillingDate": "2012-02-16",
    "acceptedDate": "2012-02-16 14:27:13",
    "calendarYear": "2011",
    "period": "FY",
    "revenue": 24829000000,
    "costOfRevenue": 19693000000,
    "grossProfit": 5136000000,
    "grossProfitRatio": 0.2068548874,
    "researchAndDevelopmentExpenses": 0,
    "generalAndAdministrativeExpenses": 281000000,
    "sellingAndMarketingExpenses": 118000000,
    "sellingGeneralAndAdministrativeExpenses": 399000000,
    "otherExpenses": 0,
    "operatingExpenses": 399000000,
    "costAndExpenses": 20092000000,
    "interestIncome": 5000000,
    "interestExpense": 263000000,
    "depreciationAndAmortization": 1359000000,
    "ebitda": 6076000000,
    "ebitdaratio": 0.2447138427,
    "operatingIncome": 4737000000,
    "operatingIncomeRatio": 0.1907849692,
    "totalOtherIncomeExpensesNet": -288000000,
    "incomeBeforeTax": 4449000000,
    "incomeBeforeTaxRatio": 0.1791856297,
    "incomeTaxExpense": 1439000000,
    "netIncome": 2839000000,
    "netIncomeRatio": 0.1143421,
    "eps": 3.09,
    "epsdiluted": 3.08,
    "weightedAverageShsOut": 918000000,
    "weightedAverageShsOutDil": 922000000,
    "link": "https://www.sec.gov/Archives/edgar/data/45012/000004501212000075/0000045012-12-000075-index.htm",
    "finalLink": "https://www.sec.gov/Archives/edgar/data/45012/000004501212000075/ed10k2011_final.htm"
  },
  {
    "date": "2010-12-31",
    "symbol": "HAL",
    "reportedCurrency": "USD",
    "cik": "0000045012",
    "fillingDate": "2011-02-17",
    "acceptedDate": "2011-02-17 10:33:34",
    "calendarYear": "2010",
    "period": "FY",
    "revenue": 17973000000,
    "costOfRevenue": 14964000000,
    "grossProfit": 3009000000,
    "grossProfitRatio": 0.1674177934,
    "researchAndDevelopmentExpenses": 0,
    "generalAndAdministrativeExpenses": 229000000,
    "sellingAndMarketingExpenses": 0,
    "sellingGeneralAndAdministrativeExpenses": 229000000,
    "otherExpenses": -10000000,
    "operatingExpenses": 219000000,
    "costAndExpenses": 14964000000,
    "interestIncome": 11000000,
    "interestExpense": 308000000,
    "depreciationAndAmortization": 1119000000,
    "ebitda": 4082000000,
    "ebitdaratio": 0.2271184555,
    "operatingIncome": 3009000000,
    "operatingIncomeRatio": 0.1674177934,
    "totalOtherIncomeExpensesNet": -354000000,
    "incomeBeforeTax": 2655000000,
    "incomeBeforeTaxRatio": 0.1477215824,
    "incomeTaxExpense": 853000000,
    "netIncome": 1835000000,
    "netIncomeRatio": 0.1020975908,
    "eps": 2.02,
    "epsdiluted": 2.01,
    "weightedAverageShsOut": 908000000,
    "weightedAverageShsOutDil": 911000000,
    "link": "https://www.sec.gov/Archives/edgar/data/45012/000004501211000087/0000045012-11-000087-index.htm",
    "finalLink": "https://www.sec.gov/Archives/edgar/data/45012/000004501211000087/ed10k2010_final.htm"
  },
  {
    "date": "2009-12-31",
    "symbol": "HAL",
    "reportedCurrency": "USD",
    "cik": "0000045012",
    "fillingDate": "2010-02-17",
    "acceptedDate": "2010-02-17 13:01:33",
    "calendarYear": "2009",
    "period": "FY",
    "revenue": 14675000000,
    "costOfRevenue": 12479000000,
    "grossProfit": 2196000000,
    "grossProfitRatio": 0.1496422487,
    "researchAndDevelopmentExpenses": 0,
    "generalAndAdministrativeExpenses": 207000000,
    "sellingAndMarketingExpenses": 0,
    "sellingGeneralAndAdministrativeExpenses": 207000000,
    "otherExpenses": -5000000,
    "operatingExpenses": 12681000000,
    "costAndExpenses": 12681000000,
    "interestIncome": 12000000,
    "interestExpense": 297000000,
    "depreciationAndAmortization": 931000000,
    "ebitda": 2910000000,
    "ebitdaratio": 0.1982964225,
    "operatingIncome": 1994000000,
    "operatingIncomeRatio": 0.1358773424,
    "totalOtherIncomeExpensesNet": -312000000,
    "incomeBeforeTax": 1682000000,
    "incomeBeforeTaxRatio": 0.1146166951,
    "incomeTaxExpense": 518000000,
    "netIncome": 1145000000,
    "netIncomeRatio": 0.0780238501,
    "eps": 1.27,
    "epsdiluted": 1.27,
    "weightedAverageShsOut": 900000000,
    "weightedAverageShsOutDil": 902000000,
    "link": "https://www.sec.gov/Archives/edgar/data/45012/000004501210000085/0000045012-10-000085-index.htm",
    "finalLink": "https://www.sec.gov/Archives/edgar/data/45012/000004501210000085/ed10k2009_final.htm"
  },
  {
    "date": "2008-12-31",
    "symbol": "HAL",
    "reportedCurrency": "USD",
    "cik": "0000045012",
    "fillingDate": "2009-02-18",
    "acceptedDate": "2009-02-18 14:57:41",
    "calendarYear": "2008",
    "period": "FY",
    "revenue": 18279000000,
    "costOfRevenue": 14049000000,
    "grossProfit": 4230000000,
    "grossProfitRatio": 0.231413097,
    "researchAndDevelopmentExpenses": 0,
    "generalAndAdministrativeExpenses": 282000000,
    "sellingAndMarketingExpenses": 0,
    "sellingGeneralAndAdministrativeExpenses": 282000000,
    "otherExpenses": -62000000,
    "operatingExpenses": 14269000000,
    "costAndExpenses": 14269000000,
    "interestIncome": 39000000,
    "interestExpense": 160000000,
    "depreciationAndAmortization": 738000000,
    "ebitda": 4061000000,
    "ebitdaratio": 0.2221675146,
    "operatingIncome": 4010000000,
    "operatingIncomeRatio": 0.2193774276,
    "totalOtherIncomeExpensesNet": -161000000,
    "incomeBeforeTax": 3163000000,
    "incomeBeforeTaxRatio": 0.1730401007,
    "incomeTaxExpense": 1211000000,
    "netIncome": 1538000000,
    "netIncomeRatio": 0.0841402703,
    "eps": 1.75,
    "epsdiluted": 1.7,
    "weightedAverageShsOut": 877000000,
    "weightedAverageShsOutDil": 904000000,
    "link": "https://www.sec.gov/Archives/edgar/data/45012/000004501209000098/0000045012-09-000098-index.htm",
    "finalLink": "https://www.sec.gov/Archives/edgar/data/45012/000004501209000098/ed10k2008_final.htm"
  },
  {
    "date": "2007-12-31",
    "symbol": "HAL",
    "reportedCurrency": "USD",
    "cik": "0000045012",
    "fillingDate": "2008-02-22",
    "acceptedDate": "2008-02-22 12:46:39",
    "calendarYear": "2007",
    "period": "FY",
    "revenue": 15264000000,
    "costOfRevenue": 11525000000,
    "grossProfit": 3739000000,
    "grossProfitRatio": 0.2449554507,
    "researchAndDevelopmentExpenses": 0,
    "generalAndAdministrativeExpenses": 293000000,
    "sellingAndMarketingExpenses": 0,
    "sellingGeneralAndAdministrativeExpenses": 293000000,
    "otherExpenses": -52000000,
    "operatingExpenses": 241000000,
    "costAndExpenses": 11766000000,
    "interestIncome": 124000000,
    "interestExpense": 154000000,
    "depreciationAndAmortization": 583000000,
    "ebitda": 4197000000,
    "ebitdaratio": 0.2749606918,
    "operatingIncome": 3498000000,
    "operatingIncomeRatio": 0.2291666667,
    "totalOtherIncomeExpensesNet": -38000000,
    "incomeBeforeTax": 3460000000,
    "incomeBeforeTaxRatio": 0.2266771488,
    "incomeTaxExpense": 907000000,
    "netIncome": 3499000000,
    "netIncomeRatio": 0.2292321803,
    "eps": 3.83,
    "epsdiluted": 3.68,
    "weightedAverageShsOut": 913000000,
    "weightedAverageShsOutDil": 950000000,
    "link": "https://www.sec.gov/Archives/edgar/data/45012/000004501208000122/0000045012-08-000122-index.htm",
    "finalLink": "https://www.sec.gov/Archives/edgar/data/45012/000004501208000122/ed10k2007_final.htm"
  },
  {
    "date": "2006-12-31",
    "symbol": "HAL",
    "reportedCurrency": "USD",
    "cik": "0000045012",
    "fillingDate": "2007-02-28",
    "acceptedDate": "2007-02-27 21:00:59",
    "calendarYear": "2006",
    "period": "FY",
    "revenue": 22504000000,
    "costOfRevenue": 18706000000,
    "grossProfit": 3798000000,
    "grossProfitRatio": 0.1687699964,
    "researchAndDevelopmentExpenses": 0,
    "generalAndAdministrativeExpenses": 450000000,
    "sellingAndMarketingExpenses": 0,
    "sellingGeneralAndAdministrativeExpenses": 450000000,
    "otherExpenses": -72000000,
    "operatingExpenses": 378000000,
    "costAndExpenses": 19084000000,
    "interestIncome": 0,
    "interestExpense": 0,
    "depreciationAndAmortization": 527000000,
    "ebitda": 3725000000,
    "ebitdaratio": 0.1655261287,
    "operatingIncome": 3484000000,
    "operatingIncomeRatio": 0.1548169214,
    "totalOtherIncomeExpensesNet": -46000000,
    "incomeBeforeTax": 3449000000,
    "incomeBeforeTaxRatio": 0.1532616424,
    "incomeTaxExpense": 1144000000,
    "netIncome": 2348000000,
    "netIncomeRatio": 0.1043370068,
    "eps": 2.32,
    "epsdiluted": 2.23,
    "weightedAverageShsOut": 1014000000,
    "weightedAverageShsOutDil": 1054000000,
    "link": "https://www.sec.gov/Archives/edgar/data/45012/000004501207000072/0000045012-07-000072-index.htm",
    "finalLink": "https://www.sec.gov/Archives/edgar/data/45012/000004501207000072/ed10k2006_final.htm"
  },
  {
    "date": "2005-12-31",
    "symbol": "HAL",
    "reportedCurrency": "USD",
    "cik": "0000045012",
    "fillingDate": "2006-03-13",
    "acceptedDate": "2006-03-10 17:32:35",
    "calendarYear": "2005",
    "period": "FY",
    "revenue": 21007000000,
    "costOfRevenue": 18146000000,
    "grossProfit": 2861000000,
    "grossProfitRatio": 0.1361926977,
    "researchAndDevelopmentExpenses": 0,
    "generalAndAdministrativeExpenses": 380000000,
    "sellingAndMarketingExpenses": 0,
    "sellingGeneralAndAdministrativeExpenses": 380000000,
    "otherExpenses": -181000000,
    "operatingExpenses": 199000000,
    "costAndExpenses": 18345000000,
    "interestIncome": 0,
    "interestExpense": 0,
    "depreciationAndAmortization": 504000000,
    "ebitda": 3203000000,
    "ebitdaratio": 0.1524729852,
    "operatingIncome": 2662000000,
    "operatingIncomeRatio": 0.1267196649,
    "totalOtherIncomeExpensesNet": 115000000,
    "incomeBeforeTax": 2492000000,
    "incomeBeforeTaxRatio": 0.1186271243,
    "incomeTaxExpense": 79000000,
    "netIncome": 2358000000,
    "netIncomeRatio": 0.1122482982,
    "eps": 2.33,
    "epsdiluted": 2.27,
    "weightedAverageShsOut": 1010000000,
    "weightedAverageShsOutDil": 1038000000,
    "link": "https://www.sec.gov/Archives/edgar/data/45012/000004501206000124/0000045012-06-000124-index.htm",
    "finalLink": "https://www.sec.gov/Archives/edgar/data/45012/000004501206000124/ed10k2005_final.htm"
  },
  {
    "date": "2004-12-31",
    "symbol": "HAL",
    "reportedCurrency": "USD",
    "cik": "0000045012",
    "fillingDate": "2005-03-01",
    "acceptedDate": "2005-03-01 12:38:11",
    "calendarYear": "2004",
    "period": "FY",
    "revenue": 20466000000,
    "costOfRevenue": 19323000000,
    "grossProfit": 1143000000,
    "grossProfitRatio": 0.0558487247,
    "researchAndDevelopmentExpenses": 0,
    "generalAndAdministrativeExpenses": 361000000,
    "sellingAndMarketingExpenses": 0,
    "sellingGeneralAndAdministrativeExpenses": 361000000,
    "otherExpenses": -55000000,
    "operatingExpenses": 306000000,
    "costAndExpenses": 19629000000,
    "interestIncome": 0,
    "interestExpense": 0,
    "depreciationAndAmortization": 509000000,
    "ebitda": 1389000000,
    "ebitdaratio": 0.0678686602,
    "operatingIncome": 837000000,
    "operatingIncomeRatio": 0.0408970976,
    "totalOtherIncomeExpensesNet": -169000000,
    "incomeBeforeTax": 651000000,
    "incomeBeforeTaxRatio": 0.0318088537,
    "incomeTaxExpense": 241000000,
    "netIncome": -979000000,
    "netIncomeRatio": -0.0478354344,
    "eps": -1.12,
    "epsdiluted": -1.11,
    "weightedAverageShsOut": 874000000,
    "weightedAverageShsOutDil": 882000000,
    "link": "https://www.sec.gov/Archives/edgar/data/45012/000004501205000055/0000045012-05-000055-index.htm",
    "finalLink": "https://www.sec.gov/Archives/edgar/data/45012/000004501205000055/ed10k2004_final.htm"
  },
  {
    "date": "2003-12-31",
    "symbol": "HAL",
    "reportedCurrency": "USD",
    "cik": "0000045012",
    "fillingDate": "2004-03-08",
    "acceptedDate": "2004-03-08 13:26:00",
    "calendarYear": "2003",
    "period": "FY",
    "revenue": 16271000000,
    "costOfRevenue": 15268000000,
    "grossProfit": 1003000000,
    "grossProfitRatio": 0.0616434147,
    "researchAndDevelopmentExpenses": 0,
    "generalAndAdministrativeExpenses": 330000000,
    "sellingAndMarketingExpenses": 0,
    "sellingGeneralAndAdministrativeExpenses": 330000000,
    "otherExpenses": -47000000,
    "operatingExpenses": 283000000,
    "costAndExpenses": 15551000000,
    "interestIncome": 0,
    "interestExpense": 0,
    "depreciationAndAmortization": 518000000,
    "ebitda": 720000000,
    "ebitdaratio": 0.044250507,
    "operatingIncome": 720000000,
    "operatingIncomeRatio": 0.044250507,
    "totalOtherIncomeExpensesNet": -108000000,
    "incomeBeforeTax": 612000000,
    "incomeBeforeTaxRatio": 0.037612931,
    "incomeTaxExpense": 234000000,
    "netIncome": -820000000,
    "netIncomeRatio": -0.0503964108,
    "eps": -0.94,
    "epsdiluted": -0.94,
    "weightedAverageShsOut": 868000000,
    "weightedAverageShsOutDil": 874000000,
    "link": "https://www.sec.gov/Archives/edgar/data/45012/000004501204000086/0000045012-04-000086-index.htm",
    "finalLink": "https://www.sec.gov/Archives/edgar/data/45012/000004501204000086/ed10k2003.txt"
  },
  {
    "date": "2002-12-31",
    "symbol": "HAL",
    "reportedCurrency": "USD",
    "cik": "0000045012",
    "fillingDate": "2003-03-28",
    "acceptedDate": "2003-03-27 19:29:22",
    "calendarYear": "2002",
    "period": "FY",
    "revenue": 12572000000,
    "costOfRevenue": 12379000000,
    "grossProfit": 193000000,
    "grossProfitRatio": 0.0153515749,
    "researchAndDevelopmentExpenses": 0,
    "generalAndAdministrativeExpenses": 335000000,
    "sellingAndMarketingExpenses": 0,
    "sellingGeneralAndAdministrativeExpenses": 335000000,
    "otherExpenses": -30000000,
    "operatingExpenses": 305000000,
    "costAndExpenses": 12684000000,
    "interestIncome": 0,
    "interestExpense": 0,
    "depreciationAndAmortization": 505000000,
    "ebitda": 393000000,
    "ebitdaratio": 0.0312599427,
    "operatingIncome": -112000000,
    "operatingIncomeRatio": -0.008908686,
    "totalOtherIncomeExpensesNet": -116000000,
    "incomeBeforeTax": -228000000,
    "incomeBeforeTaxRatio": -0.0181355393,
    "incomeTaxExpense": 80000000,
    "netIncome": -998000000,
    "netIncomeRatio": -0.0793827553,
    "eps": -1.16,
    "epsdiluted": -1.16,
    "weightedAverageShsOut": 864000000,
    "weightedAverageShsOutDil": 864000000,
    "link": "https://www.sec.gov/Archives/edgar/data/45012/000004501203000018/0000045012-03-000018-index.htm",
    "finalLink": "https://www.sec.gov/Archives/edgar/data/45012/000004501203000018/ed10k_2002.txt"
  },
  {
    "date": "2001-12-31",
    "symbol": "HAL",
    "reportedCurrency": "USD",
    "cik": "0000045012",
    "fillingDate": "2002-03-12",
    "acceptedDate": "2002-03-12 00:00:00",
    "calendarYear": "2001",
    "period": "FY",
    "revenue": 13046000000,
    "costOfRevenue": 11575000000,
    "grossProfit": 1471000000,
    "grossProfitRatio": 0.1127548674,
    "researchAndDevelopmentExpenses": 0,
    "generalAndAdministrativeExpenses": 387000000,
    "sellingAndMarketingExpenses": 0,
    "sellingGeneralAndAdministrativeExpenses": 387000000,
    "otherExpenses": 0,
    "operatingExpenses": 387000000,
    "costAndExpenses": 11962000000,
    "interestIncome": 0,
    "interestExpense": 0,
    "depreciationAndAmortization": 531000000,
    "ebitda": 1615000000,
    "ebitdaratio": 0.1237927334,
    "operatingIncome": 1084000000,
    "operatingIncomeRatio": 0.0830906025,
    "totalOtherIncomeExpensesNet": -130000000,
    "incomeBeforeTax": 954000000,
    "incomeBeforeTaxRatio": 0.0731258623,
    "incomeTaxExpense": 384000000,
    "netIncome": 809000000,
    "netIncomeRatio": 0.0620113445,
    "eps": 0.95,
    "epsdiluted": 0.94,
    "weightedAverageShsOut": 856000000,
    "weightedAverageShsOutDil": 860000000,
    "link": "https://www.sec.gov/Archives/edgar/data/45012/000004501202000011/0000045012-02-000011-index.htm",
    "finalLink": "https://www.sec.gov/Archives/edgar/data/45012/000004501202000011/ed10k2001.txt"
  },
  {
    "date": "2000-12-31",
    "symbol": "HAL",
    "reportedCurrency": "USD",
    "cik": "0000045012",
    "fillingDate": "2001-03-27",
    "acceptedDate": "2001-03-27 00:00:00",
    "calendarYear": "2000",
    "period": "FY",
    "revenue": 11944000000,
    "costOfRevenue": 11218000000,
    "grossProfit": 726000000,
    "grossProfitRatio": 0.0607836571,
    "researchAndDevelopmentExpenses": 0,
    "generalAndAdministrativeExpenses": 352000000,
    "sellingAndMarketingExpenses": 0,
    "sellingGeneralAndAdministrativeExpenses": 352000000,
    "otherExpenses": -88000000,
    "operatingExpenses": 264000000,
    "costAndExpenses": 11482000000,
    "interestIncome": 0,
    "interestExpense": 0,
    "depreciationAndAmortization": 503000000,
    "ebitda": 965000000,
    "ebitdaratio": 0.080793704,
    "operatingIncome": 462000000,
    "operatingIncomeRatio": 0.038680509,
    "totalOtherIncomeExpensesNet": -127000000,
    "incomeBeforeTax": 335000000,
    "incomeBeforeTaxRatio": 0.0280475553,
    "incomeTaxExpense": 129000000,
    "netIncome": 501000000,
    "netIncomeRatio": 0.0419457468,
    "eps": 0.57,
    "epsdiluted": 0.56,
    "weightedAverageShsOut": 884000000,
    "weightedAverageShsOutDil": 892000000,
    "link": "https://www.sec.gov/Archives/edgar/data/45012/000004501201000009/0000045012-01-000009-index.htm",
    "finalLink": "https://www.sec.gov/Archives/edgar/data/45012/000004501201000009/0000045012-01-000009-0001.txt"
  },
  {
    "date": "1999-12-31",
    "symbol": "HAL",
    "reportedCurrency": "USD",
    "cik": "0000045012",
    "fillingDate": "2000-03-14",
    "acceptedDate": "2000-03-14 00:00:00",
    "calendarYear": "1999",
    "period": "FY",
    "revenue": 14898000000,
    "costOfRevenue": 13182000000,
    "grossProfit": 1716000000,
    "grossProfitRatio": 0.1151832461,
    "researchAndDevelopmentExpenses": 0,
    "generalAndAdministrativeExpenses": 514000000,
    "sellingAndMarketingExpenses": 0,
    "sellingGeneralAndAdministrativeExpenses": 514000000,
    "otherExpenses": 599000000,
    "operatingExpenses": 1113000000,
    "costAndExpenses": 14295000000,
    "interestIncome": 0,
    "interestExpense": 0,
    "depreciationAndAmortization": 599000000,
    "ebitda": 912000000,
    "ebitdaratio": 0.0612162706,
    "operatingIncome": 603000000,
    "operatingIncomeRatio": 0.0404752316,
    "totalOtherIncomeExpensesNet": -94000000,
    "incomeBeforeTax": 512000000,
    "incomeBeforeTaxRatio": 0.0343670291,
    "incomeTaxExpense": 214000000,
    "netIncome": 438000000,
    "netIncomeRatio": 0.0293999195,
    "eps": 0.5,
    "epsdiluted": 0.49,
    "weightedAverageShsOut": 880000000,
    "weightedAverageShsOutDil": 886000000,
    "link": "https://www.sec.gov/Archives/edgar/data/45012/000004501200000011/0000045012-00-000011-index.html",
    "finalLink": "https://www.sec.gov/Archives/edgar/data/45012/000004501200000011/"
  },
  {
    "date": "1998-12-31",
    "symbol": "HAL",
    "reportedCurrency": "USD",
    "cik": "0000045012",
    "fillingDate": "2000-01-11",
    "acceptedDate": "2000-01-11 00:00:00",
    "calendarYear": "1998",
    "period": "FY",
    "revenue": 17353100000,
    "costOfRevenue": 14789400000,
    "grossProfit": 2563700000,
    "grossProfitRatio": 0.1477372919,
    "researchAndDevelopmentExpenses": 0,
    "generalAndAdministrativeExpenses": 600100000,
    "sellingAndMarketingExpenses": 0,
    "sellingGeneralAndAdministrativeExpenses": 600100000,
    "otherExpenses": 587000000,
    "operatingExpenses": 1187100000,
    "costAndExpenses": 15976500000,
    "interestIncome": 0,
    "interestExpense": 0,
    "depreciationAndAmortization": 587000000,
    "ebitda": 1545000000,
    "ebitdaratio": 0.0890330834,
    "operatingIncome": 1376600000,
    "operatingIncomeRatio": 0.0793287655,
    "totalOtherIncomeExpensesNet": -1010000000,
    "incomeBeforeTax": 229700000,
    "incomeBeforeTaxRatio": 0.013236828,
    "incomeTaxExpense": 244400000,
    "netIncome": -14700000,
    "netIncomeRatio": -0.0008471109,
    "eps": -0.0167,
    "epsdiluted": -0.0167,
    "weightedAverageShsOut": 878000000,
    "weightedAverageShsOutDil": 878000000,
    "link": "https://www.sec.gov/Archives/edgar/data/45012/000093066100000032/0000930661-00-000032-index.html",
    "finalLink": "https://www.sec.gov/Archives/edgar/data/45012/000093066100000032/"
  },
  {
    "date": "1997-12-31",
    "symbol": "HAL",
    "reportedCurrency": "USD",
    "cik": "0000045012",
    "fillingDate": "1998-02-24",
    "acceptedDate": "1998-02-24 00:00:00",
    "calendarYear": "1997",
    "period": "FY",
    "revenue": 8818600000,
    "costOfRevenue": 7668800000,
    "grossProfit": 1149800000,
    "grossProfitRatio": 0.1303835076,
    "researchAndDevelopmentExpenses": 0,
    "generalAndAdministrativeExpenses": 33600000,
    "sellingAndMarketingExpenses": 0,
    "sellingGeneralAndAdministrativeExpenses": 33600000,
    "otherExpenses": 309500000,
    "operatingExpenses": 343100000,
    "costAndExpenses": 8011900000,
    "interestIncome": 0,
    "interestExpense": 0,
    "depreciationAndAmortization": 309500000,
    "ebitda": 1969000000,
    "ebitdaratio": 0.2232780713,
    "operatingIncome": 806700000,
    "operatingIncomeRatio": 0.0914771052,
    "totalOtherIncomeExpensesNet": -141000000,
    "incomeBeforeTax": 754400000,
    "incomeBeforeTaxRatio": 0.0855464586,
    "incomeTaxExpense": 300000000,
    "netIncome": 454400000,
    "netIncomeRatio": 0.0515274533,
    "eps": 0.9,
    "epsdiluted": 0.88,
    "weightedAverageShsOut": 505785124,
    "weightedAverageShsOutDil": 514285714,
    "link": "https://www.sec.gov/Archives/edgar/data/45012/000004501298000008/0000045012-98-000008-index.html",
    "finalLink": "https://www.sec.gov/Archives/edgar/data/45012/"
  },
  {
    "date": "1996-12-31",
    "symbol": "HAL",
    "reportedCurrency": "USD",
    "cik": "0000045012",
    "fillingDate": "1997-03-28",
    "acceptedDate": "1997-03-28 00:00:00",
    "calendarYear": "1996",
    "period": "FY",
    "revenue": 7385100000,
    "costOfRevenue": 6376900000,
    "grossProfit": 1008200000,
    "grossProfitRatio": 0.1365181243,
    "researchAndDevelopmentExpenses": 0,
    "generalAndAdministrativeExpenses": 236600000,
    "sellingAndMarketingExpenses": 0,
    "sellingGeneralAndAdministrativeExpenses": 236600000,
    "otherExpenses": 267900000,
    "operatingExpenses": 504500000,
    "costAndExpenses": 6881400000,
    "interestIncome": 0,
    "interestExpense": 0,
    "depreciationAndAmortization": 267900000,
    "ebitda": 1486700000,
    "ebitdaratio": 0.2013107473,
    "operatingIncome": 503700000,
    "operatingIncomeRatio": 0.0682048991,
    "totalOtherIncomeExpensesNet": -182700000,
    "incomeBeforeTax": 403700000,
    "incomeBeforeTaxRatio": 0.054664121,
    "incomeTaxExpense": 103300000,
    "netIncome": 300400000,
    "netIncomeRatio": 0.0406764973,
    "eps": 0.57,
    "epsdiluted": 0.57,
    "weightedAverageShsOut": 522597403,
    "weightedAverageShsOutDil": 522597403,
    "link": "https://www.sec.gov/Archives/edgar/data/45012/000004501297000011/0000045012-97-000011-index.html",
    "finalLink": "https://www.sec.gov/Archives/edgar/data/45012/"
  },
  {
    "date": "1995-12-31",
    "symbol": "HAL",
    "reportedCurrency": "USD",
    "cik": "0000045012",
    "fillingDate": "1996-03-11",
    "acceptedDate": "1996-03-11 00:00:00",
    "calendarYear": "1995",
    "period": "FY",
    "revenue": 5698700000,
    "costOfRevenue": 5037900000,
    "grossProfit": 660800000,
    "grossProfitRatio": 0.1159562707,
    "researchAndDevelopmentExpenses": 0,
    "generalAndAdministrativeExpenses": 33500000,
    "sellingAndMarketingExpenses": 0,
    "sellingGeneralAndAdministrativeExpenses": 33500000,
    "otherExpenses": 244100000,
    "operatingExpenses": 277600000,
    "costAndExpenses": 5315500000,
    "interestIncome": 0,
    "interestExpense": 0,
    "depreciationAndAmortization": 244100000,
    "ebitda": 669100000,
    "ebitdaratio": 0.1174127433,
    "operatingIncome": 383200000,
    "operatingIncomeRatio": 0.0672434064,
    "totalOtherIncomeExpensesNet": 3700000,
    "incomeBeforeTax": 365700000,
    "incomeBeforeTaxRatio": 0.0641725306,
    "incomeTaxExpense": 131900000,
    "netIncome": 168300000,
    "netIncomeRatio": 0.0295330514,
    "eps": 0.34,
    "epsdiluted": 0.34,
    "weightedAverageShsOut": 496486486,
    "weightedAverageShsOutDil": 496486486,
    "link": "https://www.sec.gov/Archives/edgar/data/45012/000004501296000006/0000045012-96-000006-index.html",
    "finalLink": "https://www.sec.gov/Archives/edgar/data/45012/"
  },
  {
    "date": "1994-12-31",
    "symbol": "HAL",
    "reportedCurrency": "USD",
    "cik": "0000045012",
    "fillingDate": "1995-03-24",
    "acceptedDate": "1995-03-24 00:00:00",
    "calendarYear": "1994",
    "period": "FY",
    "revenue": 5740500000,
    "costOfRevenue": 5046100000,
    "grossProfit": 694400000,
    "grossProfitRatio": 0.1209650727,
    "researchAndDevelopmentExpenses": 0,
    "generalAndAdministrativeExpenses": 197800000,
    "sellingAndMarketingExpenses": 0,
    "sellingGeneralAndAdministrativeExpenses": 197800000,
    "otherExpenses": 261600000,
    "operatingExpenses": 459400000,
    "costAndExpenses": 5505500000,
    "interestIncome": 0,
    "interestExpense": 0,
    "depreciationAndAmortization": 261600000,
    "ebitda": 496600000,
    "ebitdaratio": 0.0865081439,
    "operatingIncome": 235000000,
    "operatingIncomeRatio": 0.0409372006,
    "totalOtherIncomeExpensesNet": 55700000,
    "incomeBeforeTax": 290700000,
    "incomeBeforeTaxRatio": 0.0506401881,
    "incomeTaxExpense": 112900000,
    "netIncome": 177800000,
    "netIncomeRatio": 0.0309729118,
    "eps": 0.39,
    "epsdiluted": 0.39,
    "weightedAverageShsOut": 456800000,
    "weightedAverageShsOutDil": 457272727,
    "link": "https://www.sec.gov/Archives/edgar/data/45012/000004501295000011/0000045012-95-000011-index.html",
    "finalLink": "https://www.sec.gov/Archives/edgar/data/45012/"
  },
  {
    "date": "1993-12-31",
    "symbol": "HAL",
    "reportedCurrency": "USD",
    "cik": "0000045012",
    "fillingDate": "1994-03-11",
    "acceptedDate": "1994-03-11 00:00:00",
    "calendarYear": "1993",
    "period": "FY",
    "revenue": 6350800000,
    "costOfRevenue": 5813000000,
    "grossProfit": 537800000,
    "grossProfitRatio": 0.0846822448,
    "researchAndDevelopmentExpenses": 0,
    "generalAndAdministrativeExpenses": 0,
    "sellingAndMarketingExpenses": 0,
    "sellingGeneralAndAdministrativeExpenses": 218400000,
    "otherExpenses": 452000000,
    "operatingExpenses": 670400000,
    "costAndExpenses": 6483400000,
    "interestIncome": 0,
    "interestExpense": 0,
    "depreciationAndAmortization": 452000000,
    "ebitda": 319400000,
    "ebitdaratio": 0.0502928765,
    "operatingIncome": -132600000,
    "operatingIncomeRatio": -0.0208792593,
    "totalOtherIncomeExpensesNet": -55000000,
    "incomeBeforeTax": -187600000,
    "incomeBeforeTaxRatio": -0.0295395856,
    "incomeTaxExpense": -26600000,
    "netIncome": -161000000,
    "netIncomeRatio": -0.0253511369,
    "eps": -0.31,
    "epsdiluted": -0.31,
    "weightedAverageShsOut": 527868852,
    "weightedAverageShsOutDil": 527868852,
    "link": "https://www.sec.gov/Archives/edgar/data/45012/000004501294000005/0000045012-94-000005-index.html",
    "finalLink": "https://www.sec.gov/Archives/edgar/data/45012/"
  },
  {
    "date": "1992-12-31",
    "symbol": "HAL",
    "reportedCurrency": "USD",
    "cik": "0000045012",
    "fillingDate": "1992-12-31",
    "acceptedDate": "1992-12-31 00:00:00",
    "calendarYear": "1992",
    "period": "FY",
    "revenue": 6525400000,
    "costOfRevenue": 5985500000,
    "grossProfit": 539900000,
    "grossProfitRatio": 0.0827382229,
    "researchAndDevelopmentExpenses": 0,
    "generalAndAdministrativeExpenses": 0,
    "sellingAndMarketingExpenses": 0,
    "sellingGeneralAndAdministrativeExpenses": 321800000,
    "otherExpenses": 360000000,
    "operatingExpenses": 681800000,
    "costAndExpenses": 6667300000,
    "interestIncome": 0,
    "interestExpense": 0,
    "depreciationAndAmortization": 360000000,
    "ebitda": 218100000,
    "ebitdaratio": 0.0334232384,
    "operatingIncome": -141900000,
    "operatingIncomeRatio": -0.0217457934,
    "totalOtherIncomeExpensesNet": 12300000,
    "incomeBeforeTax": -129600000,
    "incomeBeforeTaxRatio": -0.0198608514,
    "incomeTaxExpense": -6100000,
    "netIncome": -137300000,
    "netIncomeRatio": -0.0210408557,
    "eps": -0.31,
    "epsdiluted": -0.31,
    "weightedAverageShsOut": 435873016,
    "weightedAverageShsOutDil": 435873016,
    "link": null,
    "finalLink": null
  },
  {
    "date": "1991-12-31",
    "symbol": "HAL",
    "reportedCurrency": "USD",
    "cik": "0000045012",
    "fillingDate": "1991-12-31",
    "acceptedDate": "1991-12-31 00:00:00",
    "calendarYear": "1991",
    "period": "FY",
    "revenue": 7018800000,
    "costOfRevenue": 6292900000,
    "grossProfit": 725900000,
    "grossProfitRatio": 0.1034222374,
    "researchAndDevelopmentExpenses": 0,
    "generalAndAdministrativeExpenses": 0,
    "sellingAndMarketingExpenses": 0,
    "sellingGeneralAndAdministrativeExpenses": 335500000,
    "otherExpenses": 294500000,
    "operatingExpenses": 630000000,
    "costAndExpenses": 6922900000,
    "interestIncome": 0,
    "interestExpense": 0,
    "depreciationAndAmortization": 294500000,
    "ebitda": 390400000,
    "ebitdaratio": 0.0556220437,
    "operatingIncome": 95900000,
    "operatingIncomeRatio": 0.0136633043,
    "totalOtherIncomeExpensesNet": -5500000,
    "incomeBeforeTax": 90400000,
    "incomeBeforeTaxRatio": 0.0128796945,
    "incomeTaxExpense": 63800000,
    "netIncome": 26600000,
    "netIncomeRatio": 0.0037898216,
    "eps": 0.05,
    "epsdiluted": 0.05,
    "weightedAverageShsOut": 532000000,
    "weightedAverageShsOutDil": 532000000,
    "link": null,
    "finalLink": null
  },
  {
    "date": "1990-12-31",
    "symbol": "HAL",
    "reportedCurrency": "USD",
    "cik": "0000045012",
    "fillingDate": "1990-12-31",
    "acceptedDate": "1990-12-31 00:00:00",
    "calendarYear": "1990",
    "period": "FY",
    "revenue": 6925500000,
    "costOfRevenue": 6056800000,
    "grossProfit": 868700000,
    "grossProfitRatio": 0.1254349866,
    "researchAndDevelopmentExpenses": 0,
    "generalAndAdministrativeExpenses": 0,
    "sellingAndMarketingExpenses": 0,
    "sellingGeneralAndAdministrativeExpenses": 283300000,
    "otherExpenses": 249600000,
    "operatingExpenses": 532900000,
    "costAndExpenses": 6589700000,
    "interestIncome": 0,
    "interestExpense": 0,
    "depreciationAndAmortization": 249600000,
    "ebitda": 585400000,
    "ebitdaratio": 0.0845281929,
    "operatingIncome": 335800000,
    "operatingIncomeRatio": 0.0484874738,
    "totalOtherIncomeExpensesNet": 15100000,
    "incomeBeforeTax": 350900000,
    "incomeBeforeTaxRatio": 0.0506678218,
    "incomeTaxExpense": 153500000,
    "netIncome": 197400000,
    "netIncomeRatio": 0.0285033572,
    "eps": 0.41,
    "epsdiluted": 0.41,
    "weightedAverageShsOut": 475662651,
    "weightedAverageShsOutDil": 475662651,
    "link": null,
    "finalLink": null
  },
  {
    "date": "1989-12-31",
    "symbol": "HAL",
    "reportedCurrency": "USD",
    "cik": "0000045012",
    "fillingDate": "1989-12-31",
    "acceptedDate": "1989-12-31 00:00:00",
    "calendarYear": "1989",
    "period": "FY",
    "revenue": 5661200000,
    "costOfRevenue": 4936000000,
    "grossProfit": 725200000,
    "grossProfitRatio": 0.1281000495,
    "researchAndDevelopmentExpenses": 0,
    "generalAndAdministrativeExpenses": 0,
    "sellingAndMarketingExpenses": 0,
    "sellingGeneralAndAdministrativeExpenses": 241400000,
    "otherExpenses": 244600000,
    "operatingExpenses": 486000000,
    "costAndExpenses": 5422000000,
    "interestIncome": 0,
    "interestExpense": 0,
    "depreciationAndAmortization": 244600000,
    "ebitda": 483800000,
    "ebitdaratio": 0.0854589133,
    "operatingIncome": 239200000,
    "operatingIncomeRatio": 0.042252526,
    "totalOtherIncomeExpensesNet": 6600000,
    "incomeBeforeTax": 245800000,
    "incomeBeforeTaxRatio": 0.0434183565,
    "incomeTaxExpense": 112100000,
    "netIncome": 133700000,
    "netIncomeRatio": 0.023616901,
    "eps": 0.32,
    "epsdiluted": 0.32,
    "weightedAverageShsOut": 424444444,
    "weightedAverageShsOutDil": 424444444,
    "link": null,
    "finalLink": null
  },
  {
    "date": "1988-12-31",
    "symbol": "HAL",
    "reportedCurrency": "USD",
    "cik": "0000045012",
    "fillingDate": "1988-12-31",
    "acceptedDate": "1988-12-30 19:00:00",
    "calendarYear": "1988",
    "period": "FY",
    "revenue": 4896800000,
    "costOfRevenue": 0,
    "grossProfit": 4896800000,
    "grossProfitRatio": 1,
    "researchAndDevelopmentExpenses": 0,
    "generalAndAdministrativeExpenses": 0,
    "sellingAndMarketingExpenses": 0,
    "sellingGeneralAndAdministrativeExpenses": 0,
    "otherExpenses": 4685900000,
    "operatingExpenses": 4685900000,
    "costAndExpenses": 4685900000,
    "interestIncome": 0,
    "interestExpense": 0,
    "depreciationAndAmortization": 0,
    "ebitda": 210900000,
    "ebitdaratio": 0.043068943,
    "operatingIncome": 210900000,
    "operatingIncomeRatio": 0.043068943,
    "totalOtherIncomeExpensesNet": -57500000,
    "incomeBeforeTax": 153400000,
    "incomeBeforeTaxRatio": 0.0313265806,
    "incomeTaxExpense": 68800000,
    "netIncome": 84600000,
    "netIncomeRatio": 0.0172765888,
    "eps": 0.2,
    "epsdiluted": 0.2,
    "weightedAverageShsOut": 412682927,
    "weightedAverageShsOutDil": 412682927,
    "link": "",
    "finalLink": ""
  },
  {
    "date": "1987-12-31",
    "symbol": "HAL",
    "reportedCurrency": "USD",
    "cik": "0000045012",
    "fillingDate": "1987-12-31",
    "acceptedDate": "1987-12-30 19:00:00",
    "calendarYear": "1987",
    "period": "FY",
    "revenue": 3368000000,
    "costOfRevenue": 2957300000,
    "grossProfit": 410700000,
    "grossProfitRatio": 0.1219418052,
    "researchAndDevelopmentExpenses": 0,
    "generalAndAdministrativeExpenses": 0,
    "sellingAndMarketingExpenses": 0,
    "sellingGeneralAndAdministrativeExpenses": 174500000,
    "otherExpenses": 213500000,
    "operatingExpenses": 388000000,
    "costAndExpenses": 3345300000,
    "interestIncome": 0,
    "interestExpense": 0,
    "depreciationAndAmortization": 213500000,
    "ebitda": 236200000,
    "ebitdaratio": 0.0701306413,
    "operatingIncome": 22700000,
    "operatingIncomeRatio": 0.006739905,
    "totalOtherIncomeExpensesNet": 42300000,
    "incomeBeforeTax": 65000000,
    "incomeBeforeTaxRatio": 0.0192992874,
    "incomeTaxExpense": 16900000,
    "netIncome": 48100000,
    "netIncomeRatio": 0.0142814727,
    "eps": 0.11,
    "epsdiluted": 0.11,
    "weightedAverageShsOut": 418260870,
    "weightedAverageShsOutDil": 418260870,
    "link": "",
    "finalLink": ""
  },
  {
    "date": "1986-12-31",
    "symbol": "HAL",
    "reportedCurrency": "USD",
    "cik": "0000045012",
    "fillingDate": "1986-12-31",
    "acceptedDate": "1986-12-30 19:00:00",
    "calendarYear": "1986",
    "period": "FY",
    "revenue": 3509400000,
    "costOfRevenue": 3636700000,
    "grossProfit": -127300000,
    "grossProfitRatio": -0.036274007,
    "researchAndDevelopmentExpenses": 0,
    "generalAndAdministrativeExpenses": 0,
    "sellingAndMarketingExpenses": 0,
    "sellingGeneralAndAdministrativeExpenses": 186700000,
    "otherExpenses": 280700000,
    "operatingExpenses": 467400000,
    "costAndExpenses": 4104100000,
    "interestIncome": 0,
    "interestExpense": 0,
    "depreciationAndAmortization": 280700000,
    "ebitda": -314000000,
    "ebitdaratio": -0.0894739842,
    "operatingIncome": -594700000,
    "operatingIncomeRatio": -0.1694591668,
    "totalOtherIncomeExpensesNet": 42100000,
    "incomeBeforeTax": -552600000,
    "incomeBeforeTaxRatio": -0.1574628142,
    "incomeTaxExpense": -37400000,
    "netIncome": -515200000,
    "netIncomeRatio": -0.1468057218,
    "eps": -1.21,
    "epsdiluted": -1.21,
    "weightedAverageShsOut": 424032922,
    "weightedAverageShsOutDil": 424032922,
    "link": "",
    "finalLink": ""
  },
  {
    "date": "1985-12-31",
    "symbol": "HAL",
    "reportedCurrency": "USD",
    "cik": "0000045012",
    "fillingDate": "1985-12-31",
    "acceptedDate": "1985-12-30 19:00:00",
    "calendarYear": "1985",
    "period": "FY",
    "revenue": 4778700000,
    "costOfRevenue": 4140300000,
    "grossProfit": 638400000,
    "grossProfitRatio": 0.1335928181,
    "researchAndDevelopmentExpenses": 0,
    "generalAndAdministrativeExpenses": 0,
    "sellingAndMarketingExpenses": 0,
    "sellingGeneralAndAdministrativeExpenses": 206500000,
    "otherExpenses": 342800000,
    "operatingExpenses": 549300000,
    "costAndExpenses": 4689600000,
    "interestIncome": 0,
    "interestExpense": 0,
    "depreciationAndAmortization": 342800000,
    "ebitda": 431900000,
    "ebitdaratio": 0.0903802289,
    "operatingIncome": 89100000,
    "operatingIncomeRatio": 0.0186452382,
    "totalOtherIncomeExpensesNet": 53400000,
    "incomeBeforeTax": 142500000,
    "incomeBeforeTaxRatio": 0.0298198255,
    "incomeTaxExpense": 113800000,
    "netIncome": 28700000,
    "netIncomeRatio": 0.0060058175,
    "eps": 0.07,
    "epsdiluted": 0.07,
    "weightedAverageShsOut": 410000000,
    "weightedAverageShsOutDil": 410000000,
    "link": "",
    "finalLink": ""
  }
]