[
  {
    "date": "2025-06-29",
    "symbol": "HAS",
    "reportedCurrency": "USD",
    "cik": "0000046080",
    "fillingDate": "2025-07-31",
    "acceptedDate": "2025-07-31 16:29:31",
    "calendarYear": "2025",
    "period": "Q2",
    "revenue": 980800000,
    "costOfRevenue": 248700000,
    "grossProfit": 732100000,
    "grossProfitRatio": 0.7464314845,
    "researchAndDevelopmentExpenses": 77500000,
    "generalAndAdministrativeExpenses": 0,
    "sellingAndMarketingExpenses": 63600000,
    "sellingGeneralAndAdministrativeExpenses": 63600000,
    "otherExpenses": 367300000,
    "operatingExpenses": 508400000,
    "costAndExpenses": 757100000,
    "interestIncome": 5400000,
    "interestExpense": 40600000,
    "depreciationAndAmortization": 38300000,
    "ebitda": -735800000,
    "ebitdaratio": -0.7502039152,
    "operatingIncome": 223700000,
    "operatingIncomeRatio": 0.2280791191,
    "totalOtherIncomeExpensesNet": -1038400000,
    "incomeBeforeTax": -814700000,
    "incomeBeforeTaxRatio": -0.8306484502,
    "incomeTaxExpense": 40000000,
    "netIncome": -855800000,
    "netIncomeRatio": -0.8725530179,
    "eps": -6.1,
    "epsdiluted": -6.1,
    "weightedAverageShsOut": 140300000,
    "weightedAverageShsOutDil": 140300000,
    "link": "https://www.sec.gov/Archives/edgar/data/46080/000004608025000128/0000046080-25-000128-index.htm",
    "finalLink": "https://www.sec.gov/Archives/edgar/data/46080/000004608025000128/has-20250629.htm"
  },
  {
    "date": "2025-03-31",
    "symbol": "HAS",
    "reportedCurrency": "USD",
    "cik": "0000046080",
    "fillingDate": "2025-03-31",
    "acceptedDate": "2025-03-30 20:00:00",
    "calendarYear": "2025",
    "period": "Q1",
    "revenue": 887100000,
    "costOfRevenue": 261500000,
    "grossProfit": 625600000,
    "grossProfitRatio": 0.7052192537,
    "researchAndDevelopmentExpenses": 80500000,
    "generalAndAdministrativeExpenses": 0,
    "sellingAndMarketingExpenses": 55400000,
    "sellingGeneralAndAdministrativeExpenses": 55400000,
    "otherExpenses": 319000000,
    "operatingExpenses": 454900000,
    "costAndExpenses": 716400000,
    "interestIncome": 8900000,
    "interestExpense": 41600000,
    "depreciationAndAmortization": 41600000,
    "ebitda": 219800000,
    "ebitdaratio": 0.2477736445,
    "operatingIncome": 170700000,
    "operatingIncomeRatio": 0.1924247548,
    "totalOtherIncomeExpensesNet": -34100000,
    "incomeBeforeTax": 136600000,
    "incomeBeforeTaxRatio": 0.1539848946,
    "incomeTaxExpense": 37100000,
    "netIncome": 98600000,
    "netIncomeRatio": 0.1111486867,
    "eps": 0.71,
    "epsdiluted": 0.7,
    "weightedAverageShsOut": 139800000,
    "weightedAverageShsOutDil": 141000000,
    "link": null,
    "finalLink": null
  },
  {
    "date": "2024-12-29",
    "symbol": "HAS",
    "reportedCurrency": "USD",
    "cik": "0000046080",
    "fillingDate": "2025-02-27",
    "acceptedDate": "2025-02-27 16:09:34",
    "calendarYear": "2024",
    "period": "Q4",
    "revenue": 1101600000,
    "costOfRevenue": 438700000,
    "grossProfit": 662900000,
    "grossProfitRatio": 0.6017610748,
    "researchAndDevelopmentExpenses": 81900000,
    "generalAndAdministrativeExpenses": 360600000,
    "sellingAndMarketingExpenses": 105700000,
    "sellingGeneralAndAdministrativeExpenses": 466300000,
    "otherExpenses": 54900000,
    "operatingExpenses": 603100000,
    "costAndExpenses": 1041800000,
    "interestIncome": 11300000,
    "interestExpense": 43500000,
    "depreciationAndAmortization": 62600000,
    "ebitda": 48900000,
    "ebitdaratio": 0.0443899782,
    "operatingIncome": 59800000,
    "operatingIncomeRatio": 0.0542846768,
    "totalOtherIncomeExpensesNet": -117000000,
    "incomeBeforeTax": -57200000,
    "incomeBeforeTaxRatio": -0.0519244735,
    "incomeTaxExpense": -30700000,
    "netIncome": -34300000,
    "netIncomeRatio": -0.0311365287,
    "eps": -0.25,
    "epsdiluted": -0.25,
    "weightedAverageShsOut": 139600000,
    "weightedAverageShsOutDil": 139600000,
    "link": "https://www.sec.gov/Archives/edgar/data/46080/000004608025000027/0000046080-25-000027-index.htm",
    "finalLink": "https://www.sec.gov/Archives/edgar/data/46080/000004608025000027/has-20241229.htm"
  },
  {
    "date": "2024-09-29",
    "symbol": "HAS",
    "reportedCurrency": "USD",
    "cik": "0000046080",
    "fillingDate": "2024-10-31",
    "acceptedDate": "2024-10-31 16:16:28",
    "calendarYear": "2024",
    "period": "Q3",
    "revenue": 1281300000,
    "costOfRevenue": 476900000,
    "grossProfit": 804400000,
    "grossProfitRatio": 0.6277998907,
    "researchAndDevelopmentExpenses": 76300000,
    "generalAndAdministrativeExpenses": 299300000,
    "sellingAndMarketingExpenses": 101900000,
    "sellingGeneralAndAdministrativeExpenses": 401200000,
    "otherExpenses": 25000000,
    "operatingExpenses": 502500000,
    "costAndExpenses": 979400000,
    "interestIncome": 14700000,
    "interestExpense": 46200000,
    "depreciationAndAmortization": 49400000,
    "ebitda": 385900000,
    "ebitdaratio": 0.3011784906,
    "operatingIncome": 301900000,
    "operatingIncomeRatio": 0.2356200734,
    "totalOtherIncomeExpensesNet": -11600000,
    "incomeBeforeTax": 290300000,
    "incomeBeforeTaxRatio": 0.2265667681,
    "incomeTaxExpense": 67000000,
    "netIncome": 223200000,
    "netIncomeRatio": 0.1741980801,
    "eps": 1.6,
    "epsdiluted": 1.59,
    "weightedAverageShsOut": 139500000,
    "weightedAverageShsOutDil": 140500000,
    "link": "https://www.sec.gov/Archives/edgar/data/46080/000004608024000167/0000046080-24-000167-index.htm",
    "finalLink": "https://www.sec.gov/Archives/edgar/data/46080/000004608024000167/has-20240929.htm"
  },
  {
    "date": "2024-06-30",
    "symbol": "HAS",
    "reportedCurrency": "USD",
    "cik": "0000046080",
    "fillingDate": "2024-07-31",
    "acceptedDate": "2024-07-31 16:42:25",
    "calendarYear": "2024",
    "period": "Q2",
    "revenue": 995300000,
    "costOfRevenue": 293000000,
    "grossProfit": 702300000,
    "grossProfitRatio": 0.7056163971,
    "researchAndDevelopmentExpenses": 70400000,
    "generalAndAdministrativeExpenses": 0,
    "sellingAndMarketingExpenses": 378900000,
    "sellingGeneralAndAdministrativeExpenses": 378900000,
    "otherExpenses": 40900000,
    "operatingExpenses": 490200000,
    "costAndExpenses": 783200000,
    "interestIncome": 13000000,
    "interestExpense": 43000000,
    "depreciationAndAmortization": 53900000,
    "ebitda": 279800000,
    "ebitdaratio": 0.28112127,
    "operatingIncome": 212100000,
    "operatingIncomeRatio": 0.2131015774,
    "totalOtherIncomeExpensesNet": -29200000,
    "incomeBeforeTax": 182900000,
    "incomeBeforeTaxRatio": 0.1837636893,
    "incomeTaxExpense": 44400000,
    "netIncome": 138500000,
    "netIncomeRatio": 0.1391540239,
    "eps": 0.99,
    "epsdiluted": 0.99,
    "weightedAverageShsOut": 139500000,
    "weightedAverageShsOutDil": 140000000,
    "link": "https://www.sec.gov/Archives/edgar/data/46080/000004608024000137/0000046080-24-000137-index.htm",
    "finalLink": "https://www.sec.gov/Archives/edgar/data/46080/000004608024000137/has-20240630.htm"
  },
  {
    "date": "2024-03-31",
    "symbol": "HAS",
    "reportedCurrency": "USD",
    "cik": "0000046080",
    "fillingDate": "2024-05-01",
    "acceptedDate": "2024-05-01 16:51:17",
    "calendarYear": "2024",
    "period": "Q1",
    "revenue": 757300000,
    "costOfRevenue": 255100000,
    "grossProfit": 502200000,
    "grossProfitRatio": 0.6631453849,
    "researchAndDevelopmentExpenses": 65500000,
    "generalAndAdministrativeExpenses": 234800000,
    "sellingAndMarketingExpenses": 51500000,
    "sellingGeneralAndAdministrativeExpenses": 286300000,
    "otherExpenses": 34200000,
    "operatingExpenses": 386000000,
    "costAndExpenses": 641100000,
    "interestIncome": 8300000,
    "interestExpense": 38500000,
    "depreciationAndAmortization": 46400000,
    "ebitda": 165900000,
    "ebitdaratio": 0.2190677407,
    "operatingIncome": 116200000,
    "operatingIncomeRatio": 0.1534398521,
    "totalOtherIncomeExpensesNet": -35200000,
    "incomeBeforeTax": 81000000,
    "incomeBeforeTaxRatio": 0.1069589331,
    "incomeTaxExpense": 21900000,
    "netIncome": 58200000,
    "netIncomeRatio": 0.0768519741,
    "eps": 0.42,
    "epsdiluted": 0.42,
    "weightedAverageShsOut": 139100000,
    "weightedAverageShsOutDil": 139300000,
    "link": "https://www.sec.gov/Archives/edgar/data/46080/000004608024000085/0000046080-24-000085-index.htm",
    "finalLink": "https://www.sec.gov/Archives/edgar/data/46080/000004608024000085/has-20240331.htm"
  },
  {
    "date": "2023-12-31",
    "symbol": "HAS",
    "reportedCurrency": "USD",
    "cik": "0000046080",
    "fillingDate": "2024-02-13",
    "acceptedDate": "2024-02-13 06:53:14",
    "calendarYear": "2023",
    "period": "Q4",
    "revenue": 1288900000,
    "costOfRevenue": 706500000,
    "grossProfit": 582400000,
    "grossProfitRatio": 0.4518581736,
    "researchAndDevelopmentExpenses": 74500000,
    "generalAndAdministrativeExpenses": 1480400000,
    "sellingAndMarketingExpenses": -941400000,
    "sellingGeneralAndAdministrativeExpenses": 539000000,
    "otherExpenses": 1167500000,
    "operatingExpenses": 1781000000,
    "costAndExpenses": 2487500000,
    "interestIncome": 7400000,
    "interestExpense": 46300000,
    "depreciationAndAmortization": 181200000,
    "ebitda": -1017700000,
    "ebitdaratio": -0.7895880208,
    "operatingIncome": -1198600000,
    "operatingIncomeRatio": -0.9299402591,
    "totalOtherIncomeExpensesNet": -46600000,
    "incomeBeforeTax": -1245200000,
    "incomeBeforeTaxRatio": -0.9660951199,
    "incomeTaxExpense": -184400000,
    "netIncome": -1061100000,
    "netIncomeRatio": -0.8232601443,
    "eps": -7.64,
    "epsdiluted": -7.63,
    "weightedAverageShsOut": 138900000,
    "weightedAverageShsOutDil": 139100000,
    "link": "https://www.sec.gov/Archives/edgar/data/46080/000004608024000034/0000046080-24-000034-index.htm",
    "finalLink": "https://www.sec.gov/Archives/edgar/data/46080/000004608024000034/has-20231231.htm"
  },
  {
    "date": "2023-10-01",
    "symbol": "HAS",
    "reportedCurrency": "USD",
    "cik": "0000046080",
    "fillingDate": "2023-11-01",
    "acceptedDate": "2023-11-01 15:39:01",
    "calendarYear": "2023",
    "period": "Q3",
    "revenue": 1503400000,
    "costOfRevenue": 601400000,
    "grossProfit": 902000000,
    "grossProfitRatio": 0.5999733936,
    "researchAndDevelopmentExpenses": 76700000,
    "generalAndAdministrativeExpenses": 352300000,
    "sellingAndMarketingExpenses": 81900000,
    "sellingGeneralAndAdministrativeExpenses": 434200000,
    "otherExpenses": 560600000,
    "operatingExpenses": 1071500000,
    "costAndExpenses": 1672900000,
    "interestIncome": 3800000,
    "interestExpense": 47100000,
    "depreciationAndAmortization": 121000000,
    "ebitda": -46900000,
    "ebitdaratio": -0.0311959558,
    "operatingIncome": -169500000,
    "operatingIncomeRatio": -0.1127444459,
    "totalOtherIncomeExpensesNet": -45500000,
    "incomeBeforeTax": -215000000,
    "incomeBeforeTaxRatio": -0.1430091792,
    "incomeTaxExpense": -44600000,
    "netIncome": -171100000,
    "netIncomeRatio": -0.1138087003,
    "eps": -1.23,
    "epsdiluted": -1.23,
    "weightedAverageShsOut": 138800000,
    "weightedAverageShsOutDil": 138800000,
    "link": "https://www.sec.gov/Archives/edgar/data/46080/000004608023000095/0000046080-23-000095-index.htm",
    "finalLink": "https://www.sec.gov/Archives/edgar/data/46080/000004608023000095/has-20231001.htm"
  },
  {
    "date": "2023-07-02",
    "symbol": "HAS",
    "reportedCurrency": "USD",
    "cik": "0000046080",
    "fillingDate": "2023-08-04",
    "acceptedDate": "2023-08-04 14:12:52",
    "calendarYear": "2023",
    "period": "Q2",
    "revenue": 1210000000,
    "costOfRevenue": 472100000,
    "grossProfit": 737900000,
    "grossProfitRatio": 0.6098347107,
    "researchAndDevelopmentExpenses": 72400000,
    "generalAndAdministrativeExpenses": 0,
    "sellingAndMarketingExpenses": 465700000,
    "sellingGeneralAndAdministrativeExpenses": 465700000,
    "otherExpenses": 388400000,
    "operatingExpenses": 926500000,
    "costAndExpenses": 1398600000,
    "interestIncome": 5800000,
    "interestExpense": 46600000,
    "depreciationAndAmortization": 187900000,
    "ebitda": 6600000,
    "ebitdaratio": 0.0054545455,
    "operatingIncome": -188600000,
    "operatingIncomeRatio": -0.1558677686,
    "totalOtherIncomeExpensesNet": -39300000,
    "incomeBeforeTax": -227900000,
    "incomeBeforeTaxRatio": -0.1883471074,
    "incomeTaxExpense": 7000000,
    "netIncome": -235000000,
    "netIncomeRatio": -0.194214876,
    "eps": -1.69,
    "epsdiluted": -1.69,
    "weightedAverageShsOut": 138800000,
    "weightedAverageShsOutDil": 138800000,
    "link": "https://www.sec.gov/Archives/edgar/data/46080/000004608023000083/0000046080-23-000083-index.htm",
    "finalLink": "https://www.sec.gov/Archives/edgar/data/46080/000004608023000083/has-20230702.htm"
  },
  {
    "date": "2023-04-02",
    "symbol": "HAS",
    "reportedCurrency": "USD",
    "cik": "0000046080",
    "fillingDate": "2023-05-03",
    "acceptedDate": "2023-05-03 16:46:30",
    "calendarYear": "2023",
    "period": "Q1",
    "revenue": 1001000000,
    "costOfRevenue": 354300000,
    "grossProfit": 646700000,
    "grossProfitRatio": 0.6460539461,
    "researchAndDevelopmentExpenses": 83300000,
    "generalAndAdministrativeExpenses": 317100000,
    "sellingAndMarketingExpenses": 82800000,
    "sellingGeneralAndAdministrativeExpenses": 399900000,
    "otherExpenses": 145600000,
    "operatingExpenses": 628800000,
    "costAndExpenses": 983100000,
    "interestIncome": 6000000,
    "interestExpense": 46300000,
    "depreciationAndAmortization": 169500000,
    "ebitda": 194800000,
    "ebitdaratio": 0.1946053946,
    "operatingIncome": 17900000,
    "operatingIncomeRatio": 0.0178821179,
    "totalOtherIncomeExpensesNet": -38900000,
    "incomeBeforeTax": -21000000,
    "incomeBeforeTaxRatio": -0.020979021,
    "incomeTaxExpense": 700000,
    "netIncome": -22100000,
    "netIncomeRatio": -0.0220779221,
    "eps": -0.16,
    "epsdiluted": -0.16,
    "weightedAverageShsOut": 138600000,
    "weightedAverageShsOutDil": 138600000,
    "link": "https://www.sec.gov/Archives/edgar/data/46080/000004608023000042/0000046080-23-000042-index.htm",
    "finalLink": "https://www.sec.gov/Archives/edgar/data/46080/000004608023000042/has-20230402.htm"
  },
  {
    "date": "2022-12-25",
    "symbol": "HAS",
    "reportedCurrency": "USD",
    "cik": "0000046080",
    "fillingDate": "2023-02-22",
    "acceptedDate": "2023-02-22 14:30:22",
    "calendarYear": "2022",
    "period": "Q4",
    "revenue": 1678500000,
    "costOfRevenue": 738300000,
    "grossProfit": 940200000,
    "grossProfitRatio": 0.5601429848,
    "researchAndDevelopmentExpenses": 76700000,
    "generalAndAdministrativeExpenses": 666000000,
    "sellingAndMarketingExpenses": 110300000,
    "sellingGeneralAndAdministrativeExpenses": 776300000,
    "otherExpenses": 212900000,
    "operatingExpenses": 1065900000,
    "costAndExpenses": 1804200000,
    "interestIncome": 3800000,
    "interestExpense": 45800000,
    "depreciationAndAmortization": 246800000,
    "ebitda": 128400000,
    "ebitdaratio": 0.0764968722,
    "operatingIncome": -125700000,
    "operatingIncomeRatio": -0.0748882931,
    "totalOtherIncomeExpensesNet": -38500000,
    "incomeBeforeTax": -164200000,
    "incomeBeforeTaxRatio": -0.0978254394,
    "incomeTaxExpense": -35600000,
    "netIncome": -128900000,
    "netIncomeRatio": -0.0767947572,
    "eps": -0.93,
    "epsdiluted": -0.93,
    "weightedAverageShsOut": 138300000,
    "weightedAverageShsOutDil": 138500000,
    "link": "https://www.sec.gov/Archives/edgar/data/46080/000004608023000017/0000046080-23-000017-index.htm",
    "finalLink": "https://www.sec.gov/Archives/edgar/data/46080/000004608023000017/has-20221225.htm"
  },
  {
    "date": "2022-09-25",
    "symbol": "HAS",
    "reportedCurrency": "USD",
    "cik": "0000046080",
    "fillingDate": "2022-10-26",
    "acceptedDate": "2022-10-26 15:44:57",
    "calendarYear": "2022",
    "period": "Q3",
    "revenue": 1675900000,
    "costOfRevenue": 721700000,
    "grossProfit": 954200000,
    "grossProfitRatio": 0.5693657139,
    "researchAndDevelopmentExpenses": 82400000,
    "generalAndAdministrativeExpenses": 365800000,
    "sellingAndMarketingExpenses": 115200000,
    "sellingGeneralAndAdministrativeExpenses": 481000000,
    "otherExpenses": 196500000,
    "operatingExpenses": 759900000,
    "costAndExpenses": 1481600000,
    "interestIncome": 3200000,
    "interestExpense": 41900000,
    "depreciationAndAmortization": 206100000,
    "ebitda": 413600000,
    "ebitdaratio": 0.2467927681,
    "operatingIncome": 194300000,
    "operatingIncomeRatio": 0.1159377051,
    "totalOtherIncomeExpensesNet": -28700000,
    "incomeBeforeTax": 165600000,
    "incomeBeforeTaxRatio": 0.0988125783,
    "incomeTaxExpense": 37400000,
    "netIncome": 129200000,
    "netIncomeRatio": 0.0770929053,
    "eps": 0.93,
    "epsdiluted": 0.93,
    "weightedAverageShsOut": 138300000,
    "weightedAverageShsOutDil": 138500000,
    "link": "https://www.sec.gov/Archives/edgar/data/46080/000004608022000123/0000046080-22-000123-index.htm",
    "finalLink": "https://www.sec.gov/Archives/edgar/data/46080/000004608022000123/has-20220925.htm"
  },
  {
    "date": "2022-06-26",
    "symbol": "HAS",
    "reportedCurrency": "USD",
    "cik": "0000046080",
    "fillingDate": "2022-07-26",
    "acceptedDate": "2022-07-26 14:42:28",
    "calendarYear": "2022",
    "period": "Q2",
    "revenue": 1339200000,
    "costOfRevenue": 521600000,
    "grossProfit": 817600000,
    "grossProfitRatio": 0.6105137395,
    "researchAndDevelopmentExpenses": 79200000,
    "generalAndAdministrativeExpenses": 327200000,
    "sellingAndMarketingExpenses": 84200000,
    "sellingGeneralAndAdministrativeExpenses": 411400000,
    "otherExpenses": 107900000,
    "operatingExpenses": 598500000,
    "costAndExpenses": 1120100000,
    "interestIncome": 2700000,
    "interestExpense": 41700000,
    "depreciationAndAmortization": 144500000,
    "ebitda": 366100000,
    "ebitdaratio": 0.2733721625,
    "operatingIncome": 219100000,
    "operatingIncomeRatio": 0.1636051374,
    "totalOtherIncomeExpensesNet": -39200000,
    "incomeBeforeTax": 179900000,
    "incomeBeforeTaxRatio": 0.1343339307,
    "incomeTaxExpense": 39400000,
    "netIncome": 142000000,
    "netIncomeRatio": 0.1060334528,
    "eps": 1.02,
    "epsdiluted": 1.02,
    "weightedAverageShsOut": 139000000,
    "weightedAverageShsOutDil": 139200000,
    "link": "https://www.sec.gov/Archives/edgar/data/46080/000004608022000099/0000046080-22-000099-index.htm",
    "finalLink": "https://www.sec.gov/Archives/edgar/data/46080/000004608022000099/has-20220626.htm"
  },
  {
    "date": "2022-03-27",
    "symbol": "HAS",
    "reportedCurrency": "USD",
    "cik": "0000046080",
    "fillingDate": "2022-04-27",
    "acceptedDate": "2022-04-27 15:31:10",
    "calendarYear": "2022",
    "period": "Q1",
    "revenue": 1163100000,
    "costOfRevenue": 423200000,
    "grossProfit": 739900000,
    "grossProfitRatio": 0.6361447855,
    "researchAndDevelopmentExpenses": 69600000,
    "generalAndAdministrativeExpenses": 307100000,
    "sellingAndMarketingExpenses": 77600000,
    "sellingGeneralAndAdministrativeExpenses": 384700000,
    "otherExpenses": 165600000,
    "operatingExpenses": 619900000,
    "costAndExpenses": 1043100000,
    "interestIncome": 2100000,
    "interestExpense": 41600000,
    "depreciationAndAmortization": 190700000,
    "ebitda": 312500000,
    "ebitdaratio": 0.2686785315,
    "operatingIncome": 120000000,
    "operatingIncomeRatio": 0.1031725561,
    "totalOtherIncomeExpensesNet": -39800000,
    "incomeBeforeTax": 80200000,
    "incomeBeforeTaxRatio": 0.0689536583,
    "incomeTaxExpense": 17300000,
    "netIncome": 61200000,
    "netIncomeRatio": 0.0526180036,
    "eps": 0.44,
    "epsdiluted": 0.44,
    "weightedAverageShsOut": 139300000,
    "weightedAverageShsOutDil": 139600000,
    "link": "https://www.sec.gov/Archives/edgar/data/46080/000004608022000069/0000046080-22-000069-index.htm",
    "finalLink": "https://www.sec.gov/Archives/edgar/data/46080/000004608022000069/has-20220327.htm"
  },
  {
    "date": "2021-12-26",
    "symbol": "HAS",
    "reportedCurrency": "USD",
    "cik": "0000046080",
    "fillingDate": "2022-02-23",
    "acceptedDate": "2022-02-23 14:22:04",
    "calendarYear": "2021",
    "period": "Q4",
    "revenue": 2013400000,
    "costOfRevenue": 911300000,
    "grossProfit": 1102100000,
    "grossProfitRatio": 0.547382537,
    "researchAndDevelopmentExpenses": 86600000,
    "generalAndAdministrativeExpenses": 428000000,
    "sellingAndMarketingExpenses": 150000000,
    "sellingGeneralAndAdministrativeExpenses": 578000000,
    "otherExpenses": 266000000,
    "operatingExpenses": 930600000,
    "costAndExpenses": 1841900000,
    "interestIncome": 1200000,
    "interestExpense": 42400000,
    "depreciationAndAmortization": 306100000,
    "ebitda": 436400000,
    "ebitdaratio": 0.2167477898,
    "operatingIncome": 171500000,
    "operatingIncomeRatio": 0.0851792987,
    "totalOtherIncomeExpensesNet": -83600000,
    "incomeBeforeTax": 87900000,
    "incomeBeforeTaxRatio": 0.0436574948,
    "incomeTaxExpense": 3100000,
    "netIncome": 82200000,
    "netIncomeRatio": 0.0408264627,
    "eps": 0.59,
    "epsdiluted": 0.59,
    "weightedAverageShsOut": 138300000,
    "weightedAverageShsOutDil": 138700000,
    "link": "https://www.sec.gov/Archives/edgar/data/46080/000004608022000023/0000046080-22-000023-index.htm",
    "finalLink": "https://www.sec.gov/Archives/edgar/data/46080/000004608022000023/has-20211226.htm"
  },
  {
    "date": "2021-09-26",
    "symbol": "HAS",
    "reportedCurrency": "USD",
    "cik": "0000046080",
    "fillingDate": "2021-10-27",
    "acceptedDate": "2021-10-27 15:50:07",
    "calendarYear": "2021",
    "period": "Q3",
    "revenue": 1970000000,
    "costOfRevenue": 781300000,
    "grossProfit": 1188700000,
    "grossProfitRatio": 0.6034010152,
    "researchAndDevelopmentExpenses": 80100000,
    "generalAndAdministrativeExpenses": 361800000,
    "sellingAndMarketingExpenses": 163300000,
    "sellingGeneralAndAdministrativeExpenses": 525100000,
    "otherExpenses": 215600000,
    "operatingExpenses": 820800000,
    "costAndExpenses": 1602100000,
    "interestIncome": 1800000,
    "interestExpense": 43300000,
    "depreciationAndAmortization": 264200000,
    "ebitda": 630900000,
    "ebitdaratio": 0.3202538071,
    "operatingIncome": 367900000,
    "operatingIncomeRatio": 0.186751269,
    "totalOtherIncomeExpensesNet": -44500000,
    "incomeBeforeTax": 323400000,
    "incomeBeforeTaxRatio": 0.1641624365,
    "incomeTaxExpense": 68500000,
    "netIncome": 253200000,
    "netIncomeRatio": 0.1285279188,
    "eps": 1.83,
    "epsdiluted": 1.83,
    "weightedAverageShsOut": 138300000,
    "weightedAverageShsOutDil": 138500000,
    "link": "https://www.sec.gov/Archives/edgar/data/46080/000004608021000108/0000046080-21-000108-index.htm",
    "finalLink": "https://www.sec.gov/Archives/edgar/data/46080/000004608021000108/has-20210926.htm"
  },
  {
    "date": "2021-06-27",
    "symbol": "HAS",
    "reportedCurrency": "USD",
    "cik": "0000046080",
    "fillingDate": "2021-07-28",
    "acceptedDate": "2021-07-28 15:40:51",
    "calendarYear": "2021",
    "period": "Q2",
    "revenue": 1322200000,
    "costOfRevenue": 456500000,
    "grossProfit": 865700000,
    "grossProfitRatio": 0.6547420965,
    "researchAndDevelopmentExpenses": 87200000,
    "generalAndAdministrativeExpenses": 354300000,
    "sellingAndMarketingExpenses": 105400000,
    "sellingGeneralAndAdministrativeExpenses": 459700000,
    "otherExpenses": 242200000,
    "operatingExpenses": 789100000,
    "costAndExpenses": 1245600000,
    "interestIncome": 1200000,
    "interestExpense": 46100000,
    "depreciationAndAmortization": 183000000,
    "ebitda": 270200000,
    "ebitdaratio": 0.2043563757,
    "operatingIncome": 76600000,
    "operatingIncomeRatio": 0.0579337468,
    "totalOtherIncomeExpensesNet": -35500000,
    "incomeBeforeTax": 41100000,
    "incomeBeforeTaxRatio": 0.031084556,
    "incomeTaxExpense": 63000000,
    "netIncome": -22900000,
    "netIncomeRatio": -0.0173196188,
    "eps": -0.17,
    "epsdiluted": -0.17,
    "weightedAverageShsOut": 134705882,
    "weightedAverageShsOutDil": 137800000,
    "link": "https://www.sec.gov/Archives/edgar/data/46080/000004608021000092/0000046080-21-000092-index.htm",
    "finalLink": "https://www.sec.gov/Archives/edgar/data/46080/000004608021000092/has-20210627.htm"
  },
  {
    "date": "2021-03-28",
    "symbol": "HAS",
    "reportedCurrency": "USD",
    "cik": "0000046080",
    "fillingDate": "2021-04-29",
    "acceptedDate": "2021-04-29 12:51:23",
    "calendarYear": "2021",
    "period": "Q1",
    "revenue": 1114800000,
    "costOfRevenue": 398800000,
    "grossProfit": 716000000,
    "grossProfitRatio": 0.6422676713,
    "researchAndDevelopmentExpenses": 61800000,
    "generalAndAdministrativeExpenses": 288600000,
    "sellingAndMarketingExpenses": 87900000,
    "sellingGeneralAndAdministrativeExpenses": 376500000,
    "otherExpenses": 130400000,
    "operatingExpenses": 568700000,
    "costAndExpenses": 967500000,
    "interestIncome": 1200000,
    "interestExpense": 47900000,
    "depreciationAndAmortization": 155400000,
    "ebitda": 332800000,
    "ebitdaratio": 0.2985288841,
    "operatingIncome": 147300000,
    "operatingIncomeRatio": 0.132131324,
    "totalOtherIncomeExpensesNet": -17800000,
    "incomeBeforeTax": 129500000,
    "incomeBeforeTaxRatio": 0.1161643344,
    "incomeTaxExpense": 12000000,
    "netIncome": 116200000,
    "netIncomeRatio": 0.1042339433,
    "eps": 0.84,
    "epsdiluted": 0.84,
    "weightedAverageShsOut": 137700000,
    "weightedAverageShsOutDil": 138100000,
    "link": "https://www.sec.gov/Archives/edgar/data/46080/000004608021000053/0000046080-21-000053-index.htm",
    "finalLink": "https://www.sec.gov/Archives/edgar/data/46080/000004608021000053/has-20210328.htm"
  },
  {
    "date": "2020-12-27",
    "symbol": "HAS",
    "reportedCurrency": "USD",
    "cik": "0000046080",
    "fillingDate": "2021-02-24",
    "acceptedDate": "2021-02-24 13:15:32",
    "calendarYear": "2020",
    "period": "Q4",
    "revenue": 1722971000,
    "costOfRevenue": 775728000,
    "grossProfit": 947243000,
    "grossProfitRatio": 0.5497730374,
    "researchAndDevelopmentExpenses": 84659000,
    "generalAndAdministrativeExpenses": 366460000,
    "sellingAndMarketingExpenses": 101315000,
    "sellingGeneralAndAdministrativeExpenses": 467775000,
    "otherExpenses": 208445000,
    "operatingExpenses": 760879000,
    "costAndExpenses": 1536607000,
    "interestIncome": 1013000,
    "interestExpense": 47428000,
    "depreciationAndAmortization": 182001000,
    "ebitda": 367903000,
    "ebitdaratio": 0.2135282602,
    "operatingIncome": 186364000,
    "operatingIncomeRatio": 0.1081643278,
    "totalOtherIncomeExpensesNet": -47890000,
    "incomeBeforeTax": 138474000,
    "incomeBeforeTaxRatio": 0.0803693156,
    "incomeTaxExpense": 32308000,
    "netIncome": 105173000,
    "netIncomeRatio": 0.0610416542,
    "eps": 0.77,
    "epsdiluted": 0.76,
    "weightedAverageShsOut": 137398000,
    "weightedAverageShsOutDil": 137819000,
    "link": "https://www.sec.gov/Archives/edgar/data/46080/000004608021000035/0000046080-21-000035-index.htm",
    "finalLink": "https://www.sec.gov/Archives/edgar/data/46080/000004608021000035/has-20201227.htm"
  },
  {
    "date": "2020-09-27",
    "symbol": "HAS",
    "reportedCurrency": "USD",
    "cik": "0000046080",
    "fillingDate": "2020-11-04",
    "acceptedDate": "2020-11-04 14:16:37",
    "calendarYear": "2020",
    "period": "Q3",
    "revenue": 1776600000,
    "costOfRevenue": 787000000,
    "grossProfit": 989600000,
    "grossProfitRatio": 0.5570190251,
    "researchAndDevelopmentExpenses": 62700000,
    "generalAndAdministrativeExpenses": 325400000,
    "sellingAndMarketingExpenses": 137400000,
    "sellingGeneralAndAdministrativeExpenses": 462800000,
    "otherExpenses": 127500000,
    "operatingExpenses": 653000000,
    "costAndExpenses": 1440000000,
    "interestIncome": 700000,
    "interestExpense": 49400000,
    "depreciationAndAmortization": 159200000,
    "ebitda": 507800000,
    "ebitdaratio": 0.2858268603,
    "operatingIncome": 336600000,
    "operatingIncomeRatio": 0.1894630193,
    "totalOtherIncomeExpensesNet": -37400000,
    "incomeBeforeTax": 299200000,
    "incomeBeforeTaxRatio": 0.1684115727,
    "incomeTaxExpense": 79200000,
    "netIncome": 220900000,
    "netIncomeRatio": 0.1243386243,
    "eps": 1.61,
    "epsdiluted": 1.61,
    "weightedAverageShsOut": 137300000,
    "weightedAverageShsOutDil": 137500000,
    "link": "https://www.sec.gov/Archives/edgar/data/46080/000004608020000106/0000046080-20-000106-index.htm",
    "finalLink": "https://www.sec.gov/Archives/edgar/data/46080/000004608020000106/has-20200927.htm"
  },
  {
    "date": "2020-06-28",
    "symbol": "HAS",
    "reportedCurrency": "USD",
    "cik": "0000046080",
    "fillingDate": "2020-07-30",
    "acceptedDate": "2020-07-30 19:54:56",
    "calendarYear": "2020",
    "period": "Q2",
    "revenue": 860300000,
    "costOfRevenue": 350600000,
    "grossProfit": 509700000,
    "grossProfitRatio": 0.5924677438,
    "researchAndDevelopmentExpenses": 58400000,
    "generalAndAdministrativeExpenses": 281200000,
    "sellingAndMarketingExpenses": 72300000,
    "sellingGeneralAndAdministrativeExpenses": 353500000,
    "otherExpenses": 95600000,
    "operatingExpenses": 507500000,
    "costAndExpenses": 858100000,
    "interestIncome": 900000,
    "interestExpense": 49600000,
    "depreciationAndAmortization": 118100000,
    "ebitda": 124000000,
    "ebitdaratio": 0.1441357666,
    "operatingIncome": 2200000,
    "operatingIncomeRatio": 0.0025572475,
    "totalOtherIncomeExpensesNet": -45900000,
    "incomeBeforeTax": -43700000,
    "incomeBeforeTaxRatio": -0.0507962339,
    "incomeTaxExpense": -10800000,
    "netIncome": -33900000,
    "netIncomeRatio": -0.0394048588,
    "eps": -0.25,
    "epsdiluted": -0.25,
    "weightedAverageShsOut": 135600000,
    "weightedAverageShsOutDil": 137200000,
    "link": "https://www.sec.gov/Archives/edgar/data/46080/000004608020000085/0000046080-20-000085-index.htm",
    "finalLink": "https://www.sec.gov/Archives/edgar/data/46080/000004608020000085/has-20200628.htm"
  },
  {
    "date": "2020-03-29",
    "symbol": "HAS",
    "reportedCurrency": "USD",
    "cik": "0000046080",
    "fillingDate": "2020-05-07",
    "acceptedDate": "2020-05-07 14:55:19",
    "calendarYear": "2020",
    "period": "Q1",
    "revenue": 1105600000,
    "costOfRevenue": 375500000,
    "grossProfit": 730100000,
    "grossProfitRatio": 0.6603654124,
    "researchAndDevelopmentExpenses": 53800000,
    "generalAndAdministrativeExpenses": 279100000,
    "sellingAndMarketingExpenses": 101700000,
    "sellingGeneralAndAdministrativeExpenses": 380800000,
    "otherExpenses": 318800000,
    "operatingExpenses": 753400000,
    "costAndExpenses": 1128900000,
    "interestIncome": 4700000,
    "interestExpense": 54700000,
    "depreciationAndAmortization": 192800000,
    "ebitda": 175500000,
    "ebitdaratio": 0.1587373372,
    "operatingIncome": -23300000,
    "operatingIncomeRatio": -0.0210745297,
    "totalOtherIncomeExpensesNet": -48700000,
    "incomeBeforeTax": -72000000,
    "incomeBeforeTaxRatio": -0.0651230101,
    "incomeTaxExpense": -4100000,
    "netIncome": -69700000,
    "netIncomeRatio": -0.0630426918,
    "eps": -0.51,
    "epsdiluted": -0.51,
    "weightedAverageShsOut": 136666666,
    "weightedAverageShsOutDil": 137100000,
    "link": "https://www.sec.gov/Archives/edgar/data/46080/000004608020000054/0000046080-20-000054-index.htm",
    "finalLink": "https://www.sec.gov/Archives/edgar/data/46080/000004608020000054/has-20200329x10q.htm"
  },
  {
    "date": "2019-12-29",
    "symbol": "HAS",
    "reportedCurrency": "USD",
    "cik": "0000046080",
    "fillingDate": "2020-02-27",
    "acceptedDate": "2020-02-27 12:50:48",
    "calendarYear": "2019",
    "period": "Q4",
    "revenue": 1428007000,
    "costOfRevenue": 732641000,
    "grossProfit": 695366000,
    "grossProfitRatio": 0.4869485934,
    "researchAndDevelopmentExpenses": 72910000,
    "generalAndAdministrativeExpenses": 288765000,
    "sellingAndMarketingExpenses": 104017000,
    "sellingGeneralAndAdministrativeExpenses": 392782000,
    "otherExpenses": 39294000,
    "operatingExpenses": 504986000,
    "costAndExpenses": 1237627000,
    "interestIncome": 10943000,
    "interestExpense": 34782000,
    "depreciationAndAmortization": 71806000,
    "ebitda": 405349000,
    "ebitdaratio": 0.2838564517,
    "operatingIncome": 190380000,
    "operatingIncomeRatio": 0.1333186742,
    "totalOtherIncomeExpensesNet": 108381000,
    "incomeBeforeTax": 298761000,
    "incomeBeforeTaxRatio": 0.209215361,
    "incomeTaxExpense": 31416000,
    "netIncome": 267345000,
    "netIncomeRatio": 0.1872154688,
    "eps": 2.02,
    "epsdiluted": 2.01,
    "weightedAverageShsOut": 132516000,
    "weightedAverageShsOutDil": 133128000,
    "link": "https://www.sec.gov/Archives/edgar/data/46080/000004608020000028/0000046080-20-000028-index.htm",
    "finalLink": "https://www.sec.gov/Archives/edgar/data/46080/000004608020000028/has-20191229x10k.htm"
  },
  {
    "date": "2019-09-29",
    "symbol": "HAS",
    "reportedCurrency": "USD",
    "cik": "0000046080",
    "fillingDate": "2019-10-22",
    "acceptedDate": "2019-10-22 16:41:24",
    "calendarYear": "2019",
    "period": "Q3",
    "revenue": 1575173000,
    "costOfRevenue": 755127000,
    "grossProfit": 820046000,
    "grossProfitRatio": 0.5206069429,
    "researchAndDevelopmentExpenses": 67354000,
    "generalAndAdministrativeExpenses": 275384000,
    "sellingAndMarketingExpenses": 140256000,
    "sellingGeneralAndAdministrativeExpenses": 415640000,
    "otherExpenses": 39842000,
    "operatingExpenses": 522836000,
    "costAndExpenses": 1277963000,
    "interestIncome": 5486000,
    "interestExpense": 22764000,
    "depreciationAndAmortization": 78450000,
    "ebitda": 360960000,
    "ebitdaratio": 0.2291557816,
    "operatingIncome": 297210000,
    "operatingIncomeRatio": 0.1886840366,
    "totalOtherIncomeExpensesNet": -37464000,
    "incomeBeforeTax": 259746000,
    "incomeBeforeTaxRatio": 0.1648999824,
    "incomeTaxExpense": 46797000,
    "netIncome": 212949000,
    "netIncomeRatio": 0.1351908647,
    "eps": 1.68,
    "epsdiluted": 1.67,
    "weightedAverageShsOut": 126453000,
    "weightedAverageShsOutDil": 127204000,
    "link": "https://www.sec.gov/Archives/edgar/data/46080/000004608019000112/0000046080-19-000112-index.htm",
    "finalLink": "https://www.sec.gov/Archives/edgar/data/46080/000004608019000112/has-20190929x10q.htm"
  },
  {
    "date": "2019-06-30",
    "symbol": "HAS",
    "reportedCurrency": "USD",
    "cik": "0000046080",
    "fillingDate": "2019-07-31",
    "acceptedDate": "2019-07-31 17:11:05",
    "calendarYear": "2019",
    "period": "Q2",
    "revenue": 984537000,
    "costOfRevenue": 414755000,
    "grossProfit": 569782000,
    "grossProfitRatio": 0.5787309162,
    "researchAndDevelopmentExpenses": 65632000,
    "generalAndAdministrativeExpenses": 247701000,
    "sellingAndMarketingExpenses": 92799000,
    "sellingGeneralAndAdministrativeExpenses": 340500000,
    "otherExpenses": 35317000,
    "operatingExpenses": 441449000,
    "costAndExpenses": 856204000,
    "interestIncome": 5996000,
    "interestExpense": 22018000,
    "depreciationAndAmortization": 70697000,
    "ebitda": 98823000,
    "ebitdaratio": 0.1003751002,
    "operatingIncome": 128333000,
    "operatingIncomeRatio": 0.1303485801,
    "totalOtherIncomeExpensesNet": -122225000,
    "incomeBeforeTax": 6108000,
    "incomeBeforeTaxRatio": 0.0062039314,
    "incomeTaxExpense": -7325000,
    "netIncome": 13433000,
    "netIncomeRatio": 0.0136439768,
    "eps": 0.11,
    "epsdiluted": 0.11,
    "weightedAverageShsOut": 126329000,
    "weightedAverageShsOutDil": 126847000,
    "link": "https://www.sec.gov/Archives/edgar/data/46080/000004608019000100/0000046080-19-000100-index.htm",
    "finalLink": "https://www.sec.gov/Archives/edgar/data/46080/000004608019000100/has-20190630x10q.htm"
  },
  {
    "date": "2019-03-31",
    "symbol": "HAS",
    "reportedCurrency": "USD",
    "cik": "0000046080",
    "fillingDate": "2019-05-01",
    "acceptedDate": "2019-05-01 16:10:18",
    "calendarYear": "2019",
    "period": "Q1",
    "revenue": 732510000,
    "costOfRevenue": 319875000,
    "grossProfit": 412635000,
    "grossProfitRatio": 0.5633165418,
    "researchAndDevelopmentExpenses": 56260000,
    "generalAndAdministrativeExpenses": 225253000,
    "sellingAndMarketingExpenses": 76604000,
    "sellingGeneralAndAdministrativeExpenses": 301857000,
    "otherExpenses": 18391000,
    "operatingExpenses": 376508000,
    "costAndExpenses": 696383000,
    "interestIncome": 7682000,
    "interestExpense": 22314000,
    "depreciationAndAmortization": 45419000,
    "ebitda": 97328000,
    "ebitdaratio": 0.1328691758,
    "operatingIncome": 36127000,
    "operatingIncomeRatio": 0.0493194632,
    "totalOtherIncomeExpensesNet": -6532000,
    "incomeBeforeTax": 29595000,
    "incomeBeforeTaxRatio": 0.0404021788,
    "incomeTaxExpense": 2868000,
    "netIncome": 26727000,
    "netIncomeRatio": 0.0364868739,
    "eps": 0.21,
    "epsdiluted": 0.21,
    "weightedAverageShsOut": 126287000,
    "weightedAverageShsOutDil": 126816000,
    "link": "https://www.sec.gov/Archives/edgar/data/46080/000004608019000059/0000046080-19-000059-index.htm",
    "finalLink": "https://www.sec.gov/Archives/edgar/data/46080/000004608019000059/maindocument001.htm"
  },
  {
    "date": "2018-12-30",
    "symbol": "HAS",
    "reportedCurrency": "USD",
    "cik": "0000046080",
    "fillingDate": "2019-02-26",
    "acceptedDate": "2019-02-26 16:34:39",
    "calendarYear": "2018",
    "period": "Q4",
    "revenue": 1389161000,
    "costOfRevenue": 712286000,
    "grossProfit": 676875000,
    "grossProfitRatio": 0.4872545371,
    "researchAndDevelopmentExpenses": 63115000,
    "generalAndAdministrativeExpenses": 433975000,
    "sellingAndMarketingExpenses": 149921000,
    "sellingGeneralAndAdministrativeExpenses": 583896000,
    "otherExpenses": 19317000,
    "operatingExpenses": 666328000,
    "costAndExpenses": 1378614000,
    "interestIncome": 5130000,
    "interestExpense": 22435000,
    "depreciationAndAmortization": 53657000,
    "ebitda": 70964000,
    "ebitdaratio": 0.0510840716,
    "operatingIncome": 10547000,
    "operatingIncomeRatio": 0.0075923525,
    "totalOtherIncomeExpensesNet": -15675000,
    "incomeBeforeTax": -5128000,
    "incomeBeforeTaxRatio": -0.0036914368,
    "incomeTaxExpense": -13894000,
    "netIncome": 8766000,
    "netIncomeRatio": 0.0063102837,
    "eps": 0.07,
    "epsdiluted": 0.07,
    "weightedAverageShsOut": 126582000,
    "weightedAverageShsOutDil": 127237000,
    "link": "https://www.sec.gov/Archives/edgar/data/46080/000119312519052025/0001193125-19-052025-index.htm",
    "finalLink": "https://www.sec.gov/Archives/edgar/data/46080/000119312519052025/d678728d10k.htm"
  },
  {
    "date": "2018-09-30",
    "symbol": "HAS",
    "reportedCurrency": "USD",
    "cik": "0000046080",
    "fillingDate": "2018-11-01",
    "acceptedDate": "2018-11-01 14:45:51",
    "calendarYear": "2018",
    "period": "Q3",
    "revenue": 1569686000,
    "costOfRevenue": 760862000,
    "grossProfit": 808824000,
    "grossProfitRatio": 0.5152775778,
    "researchAndDevelopmentExpenses": 65807000,
    "generalAndAdministrativeExpenses": 272368000,
    "sellingAndMarketingExpenses": 134384000,
    "sellingGeneralAndAdministrativeExpenses": 406752000,
    "otherExpenses": 22929000,
    "operatingExpenses": 495488000,
    "costAndExpenses": 1256350000,
    "interestIncome": 4671000,
    "interestExpense": 22779000,
    "depreciationAndAmortization": 65552000,
    "ebitda": 384125000,
    "ebitdaratio": 0.244714548,
    "operatingIncome": 313336000,
    "operatingIncomeRatio": 0.1996169935,
    "totalOtherIncomeExpensesNet": -17542000,
    "incomeBeforeTax": 295794000,
    "incomeBeforeTaxRatio": 0.18844151,
    "incomeTaxExpense": 31933000,
    "netIncome": 263861000,
    "netIncomeRatio": 0.1680979508,
    "eps": 2.08,
    "epsdiluted": 2.06,
    "weightedAverageShsOut": 127161000,
    "weightedAverageShsOutDil": 127892000,
    "link": "https://www.sec.gov/Archives/edgar/data/46080/000004608018000142/0000046080-18-000142-index.htm",
    "finalLink": "https://www.sec.gov/Archives/edgar/data/46080/000004608018000142/maindocument001.htm"
  },
  {
    "date": "2018-07-01",
    "symbol": "HAS",
    "reportedCurrency": "USD",
    "cik": "0000046080",
    "fillingDate": "2018-08-01",
    "acceptedDate": "2018-08-01 16:07:41",
    "calendarYear": "2018",
    "period": "Q2",
    "revenue": 904458000,
    "costOfRevenue": 404351000,
    "grossProfit": 500107000,
    "grossProfitRatio": 0.5529355703,
    "researchAndDevelopmentExpenses": 59859000,
    "generalAndAdministrativeExpenses": 253208000,
    "sellingAndMarketingExpenses": 87601000,
    "sellingGeneralAndAdministrativeExpenses": 340809000,
    "otherExpenses": 11851000,
    "operatingExpenses": 412519000,
    "costAndExpenses": 816870000,
    "interestIncome": 6308000,
    "interestExpense": 22803000,
    "depreciationAndAmortization": 47922000,
    "ebitda": 138849000,
    "ebitdaratio": 0.1535162495,
    "operatingIncome": 87588000,
    "operatingIncomeRatio": 0.0968403176,
    "totalOtherIncomeExpensesNet": -19464000,
    "incomeBeforeTax": 68124000,
    "incomeBeforeTaxRatio": 0.075320247,
    "incomeTaxExpense": 7825000,
    "netIncome": 60299000,
    "netIncomeRatio": 0.0666686568,
    "eps": 0.48,
    "epsdiluted": 0.48,
    "weightedAverageShsOut": 125711000,
    "weightedAverageShsOutDil": 126335000,
    "link": "https://www.sec.gov/Archives/edgar/data/46080/000004608018000118/0000046080-18-000118-index.htm",
    "finalLink": "https://www.sec.gov/Archives/edgar/data/46080/000004608018000118/maindocument001.htm"
  },
  {
    "date": "2018-04-01",
    "symbol": "HAS",
    "reportedCurrency": "USD",
    "cik": "0000046080",
    "fillingDate": "2018-05-02",
    "acceptedDate": "2018-05-02 17:08:50",
    "calendarYear": "2018",
    "period": "Q1",
    "revenue": 716341000,
    "costOfRevenue": 324839000,
    "grossProfit": 391502000,
    "grossProfitRatio": 0.546530214,
    "researchAndDevelopmentExpenses": 57384000,
    "generalAndAdministrativeExpenses": 328009000,
    "sellingAndMarketingExpenses": 68016000,
    "sellingGeneralAndAdministrativeExpenses": 396025000,
    "otherExpenses": 18512000,
    "operatingExpenses": 471921000,
    "costAndExpenses": 796760000,
    "interestIncome": 6248000,
    "interestExpense": 22809000,
    "depreciationAndAmortization": 44733000,
    "ebitda": -20846000,
    "ebitdaratio": -0.0291006657,
    "operatingIncome": -80419000,
    "operatingIncomeRatio": -0.1122635728,
    "totalOtherIncomeExpensesNet": -7969000,
    "incomeBeforeTax": -88388000,
    "incomeBeforeTaxRatio": -0.1233881629,
    "incomeTaxExpense": 24104000,
    "netIncome": -112492000,
    "netIncomeRatio": -0.1570369419,
    "eps": -0.9,
    "epsdiluted": -0.9,
    "weightedAverageShsOut": 124991111,
    "weightedAverageShsOutDil": 125073000,
    "link": "https://www.sec.gov/Archives/edgar/data/46080/000004608018000079/0000046080-18-000079-index.htm",
    "finalLink": "https://www.sec.gov/Archives/edgar/data/46080/000004608018000079/maindocument001.htm"
  },
  {
    "date": "2017-12-31",
    "symbol": "HAS",
    "reportedCurrency": "USD",
    "cik": "0000046080",
    "fillingDate": "2018-02-26",
    "acceptedDate": "2018-02-26 17:16:08",
    "calendarYear": "2017",
    "period": "Q4",
    "revenue": 1596111000,
    "costOfRevenue": 751456000,
    "grossProfit": 844655000,
    "grossProfitRatio": 0.5291956512,
    "researchAndDevelopmentExpenses": 76255000,
    "generalAndAdministrativeExpenses": 311525000,
    "sellingAndMarketingExpenses": 159577000,
    "sellingGeneralAndAdministrativeExpenses": 471102000,
    "otherExpenses": 26210000,
    "operatingExpenses": 573567000,
    "costAndExpenses": 1325023000,
    "interestIncome": 6113000,
    "interestExpense": 24516000,
    "depreciationAndAmortization": 61375000,
    "ebitda": 364477000,
    "ebitdaratio": 0.2283531659,
    "operatingIncome": 271088000,
    "operatingIncomeRatio": 0.1698428242,
    "totalOtherIncomeExpensesNet": 7498000,
    "incomeBeforeTax": 278586000,
    "incomeBeforeTaxRatio": 0.1745404925,
    "incomeTaxExpense": 283884000,
    "netIncome": -5298000,
    "netIncomeRatio": -0.003319318,
    "eps": -0.0425,
    "epsdiluted": -0.0425,
    "weightedAverageShsOut": 124528000,
    "weightedAverageShsOutDil": 124528000,
    "link": "https://www.sec.gov/Archives/edgar/data/46080/000119312518058659/0001193125-18-058659-index.htm",
    "finalLink": "https://www.sec.gov/Archives/edgar/data/46080/000119312518058659/d501434d10k.htm"
  },
  {
    "date": "2017-10-01",
    "symbol": "HAS",
    "reportedCurrency": "USD",
    "cik": "0000046080",
    "fillingDate": "2017-11-08",
    "acceptedDate": "2017-11-08 16:04:40",
    "calendarYear": "2017",
    "period": "Q3",
    "revenue": 1791502000,
    "costOfRevenue": 869878000,
    "grossProfit": 921624000,
    "grossProfitRatio": 0.5144420715,
    "researchAndDevelopmentExpenses": 67386000,
    "generalAndAdministrativeExpenses": 312482000,
    "sellingAndMarketingExpenses": 168926000,
    "sellingGeneralAndAdministrativeExpenses": 481408000,
    "otherExpenses": 11886000,
    "operatingExpenses": 560680000,
    "costAndExpenses": 1430558000,
    "interestIncome": 5362000,
    "interestExpense": 25072000,
    "depreciationAndAmortization": 53948000,
    "ebitda": 428861000,
    "ebitdaratio": 0.2393862803,
    "operatingIncome": 360944000,
    "operatingIncomeRatio": 0.2014756333,
    "totalOtherIncomeExpensesNet": -11103000,
    "incomeBeforeTax": 349841000,
    "incomeBeforeTaxRatio": 0.1952780404,
    "incomeTaxExpense": 84258000,
    "netIncome": 265583000,
    "netIncomeRatio": 0.1482459969,
    "eps": 2.12,
    "epsdiluted": 2.09,
    "weightedAverageShsOut": 125170000,
    "weightedAverageShsOutDil": 127150000,
    "link": "https://www.sec.gov/Archives/edgar/data/46080/000004608017000121/0000046080-17-000121-index.htm",
    "finalLink": "https://www.sec.gov/Archives/edgar/data/46080/000004608017000121/form10q3q.htm"
  },
  {
    "date": "2017-07-02",
    "symbol": "HAS",
    "reportedCurrency": "USD",
    "cik": "0000046080",
    "fillingDate": "2017-08-02",
    "acceptedDate": "2017-08-02 16:14:56",
    "calendarYear": "2017",
    "period": "Q2",
    "revenue": 972506000,
    "costOfRevenue": 447385000,
    "grossProfit": 525121000,
    "grossProfitRatio": 0.5399668485,
    "researchAndDevelopmentExpenses": 62793000,
    "generalAndAdministrativeExpenses": 256901000,
    "sellingAndMarketingExpenses": 92374000,
    "sellingGeneralAndAdministrativeExpenses": 349275000,
    "otherExpenses": 13069000,
    "operatingExpenses": 425137000,
    "costAndExpenses": 872522000,
    "interestIncome": 5116000,
    "interestExpense": 24224000,
    "depreciationAndAmortization": 51158000,
    "ebitda": 162268000,
    "ebitdaratio": 0.1668555258,
    "operatingIncome": 99984000,
    "operatingIncomeRatio": 0.1028106767,
    "totalOtherIncomeExpensesNet": -13098000,
    "incomeBeforeTax": 86886000,
    "incomeBeforeTaxRatio": 0.0893423794,
    "incomeTaxExpense": 19163000,
    "netIncome": 67723000,
    "netIncomeRatio": 0.0696376166,
    "eps": 0.54,
    "epsdiluted": 0.53,
    "weightedAverageShsOut": 125263000,
    "weightedAverageShsOutDil": 127367000,
    "link": "https://www.sec.gov/Archives/edgar/data/46080/000004608017000095/0000046080-17-000095-index.htm",
    "finalLink": "https://www.sec.gov/Archives/edgar/data/46080/000004608017000095/form10q2q.htm"
  },
  {
    "date": "2017-04-02",
    "symbol": "HAS",
    "reportedCurrency": "USD",
    "cik": "0000046080",
    "fillingDate": "2017-05-10",
    "acceptedDate": "2017-05-10 16:26:24",
    "calendarYear": "2017",
    "period": "Q1",
    "revenue": 849663000,
    "costOfRevenue": 370462000,
    "grossProfit": 479201000,
    "grossProfitRatio": 0.5639894876,
    "researchAndDevelopmentExpenses": 62586000,
    "generalAndAdministrativeExpenses": 243885000,
    "sellingAndMarketingExpenses": 80936000,
    "sellingGeneralAndAdministrativeExpenses": 324821000,
    "otherExpenses": 13451000,
    "operatingExpenses": 400858000,
    "costAndExpenses": 771320000,
    "interestIncome": 5564000,
    "interestExpense": 24456000,
    "depreciationAndAmortization": 41153000,
    "ebitda": 136446000,
    "ebitdaratio": 0.1605883744,
    "operatingIncome": 78343000,
    "operatingIncomeRatio": 0.0922047918,
    "totalOtherIncomeExpensesNet": -7506000,
    "incomeBeforeTax": 70837000,
    "incomeBeforeTaxRatio": 0.0833707011,
    "incomeTaxExpense": 2238000,
    "netIncome": 68599000,
    "netIncomeRatio": 0.0807367156,
    "eps": 0.55,
    "epsdiluted": 0.54,
    "weightedAverageShsOut": 125182000,
    "weightedAverageShsOutDil": 127229000,
    "link": "https://www.sec.gov/Archives/edgar/data/46080/000004608017000060/0000046080-17-000060-index.htm",
    "finalLink": "https://www.sec.gov/Archives/edgar/data/46080/000004608017000060/form10q1q.htm"
  },
  {
    "date": "2016-12-25",
    "symbol": "HAS",
    "reportedCurrency": "USD",
    "cik": "0000046080",
    "fillingDate": "2017-02-22",
    "acceptedDate": "2017-02-22 16:33:26",
    "calendarYear": "2016",
    "period": "Q4",
    "revenue": 1629940000,
    "costOfRevenue": 770423000,
    "grossProfit": 859517000,
    "grossProfitRatio": 0.5273304539,
    "researchAndDevelopmentExpenses": 75457000,
    "generalAndAdministrativeExpenses": 353791000,
    "sellingAndMarketingExpenses": 147992000,
    "sellingGeneralAndAdministrativeExpenses": 501783000,
    "otherExpenses": 27120000,
    "operatingExpenses": 604360000,
    "costAndExpenses": 1374783000,
    "interestIncome": 2898000,
    "interestExpense": 25142000,
    "depreciationAndAmortization": 57500000,
    "ebitda": 302574000,
    "ebitdaratio": 0.1856350541,
    "operatingIncome": 255157000,
    "operatingIncomeRatio": 0.1565437992,
    "totalOtherIncomeExpensesNet": -35225000,
    "incomeBeforeTax": 219932000,
    "incomeBeforeTaxRatio": 0.1349325742,
    "incomeTaxExpense": 39333000,
    "netIncome": 192725000,
    "netIncomeRatio": 0.1182405487,
    "eps": 1.54,
    "epsdiluted": 1.52,
    "weightedAverageShsOut": 124927000,
    "weightedAverageShsOutDil": 126699000,
    "link": "https://www.sec.gov/Archives/edgar/data/46080/000119312517052143/0001193125-17-052143-index.htm",
    "finalLink": "https://www.sec.gov/Archives/edgar/data/46080/000119312517052143/d317222d10k.htm"
  },
  {
    "date": "2016-09-25",
    "symbol": "HAS",
    "reportedCurrency": "USD",
    "cik": "0000046080",
    "fillingDate": "2016-11-02",
    "acceptedDate": "2016-11-02 11:42:37",
    "calendarYear": "2016",
    "period": "Q3",
    "revenue": 1679757000,
    "costOfRevenue": 793280000,
    "grossProfit": 886477000,
    "grossProfitRatio": 0.5277412149,
    "researchAndDevelopmentExpenses": 70083000,
    "generalAndAdministrativeExpenses": 285188000,
    "sellingAndMarketingExpenses": 154132000,
    "sellingGeneralAndAdministrativeExpenses": 439320000,
    "otherExpenses": 14973000,
    "operatingExpenses": 524376000,
    "costAndExpenses": 1317656000,
    "interestIncome": 1944000,
    "interestExpense": 24305000,
    "depreciationAndAmortization": 47209000,
    "ebitda": 417838000,
    "ebitdaratio": 0.248749075,
    "operatingIncome": 362101000,
    "operatingIncomeRatio": 0.2155674898,
    "totalOtherIncomeExpensesNet": -15777000,
    "incomeBeforeTax": 346324000,
    "incomeBeforeTaxRatio": 0.2061750598,
    "incomeTaxExpense": 90162000,
    "netIncome": 257798000,
    "netIncomeRatio": 0.1534733893,
    "eps": 2.05,
    "epsdiluted": 2.03,
    "weightedAverageShsOut": 125500000,
    "weightedAverageShsOutDil": 127178000,
    "link": "https://www.sec.gov/Archives/edgar/data/46080/000004608016000219/0000046080-16-000219-index.htm",
    "finalLink": "https://www.sec.gov/Archives/edgar/data/46080/000004608016000219/form10q3q.htm"
  },
  {
    "date": "2016-06-26",
    "symbol": "HAS",
    "reportedCurrency": "USD",
    "cik": "0000046080",
    "fillingDate": "2016-07-26",
    "acceptedDate": "2016-07-26 16:30:31",
    "calendarYear": "2016",
    "period": "Q2",
    "revenue": 878945000,
    "costOfRevenue": 391084000,
    "grossProfit": 487861000,
    "grossProfitRatio": 0.5550529328,
    "researchAndDevelopmentExpenses": 63671000,
    "generalAndAdministrativeExpenses": 238635000,
    "sellingAndMarketingExpenses": 86957000,
    "sellingGeneralAndAdministrativeExpenses": 325592000,
    "otherExpenses": 13724000,
    "operatingExpenses": 402987000,
    "costAndExpenses": 794071000,
    "interestIncome": 2312000,
    "interestExpense": 23914000,
    "depreciationAndAmortization": 45689000,
    "ebitda": 136623000,
    "ebitdaratio": 0.1554397602,
    "operatingIncome": 84874000,
    "operatingIncomeRatio": 0.0965634937,
    "totalOtherIncomeExpensesNet": -17854000,
    "incomeBeforeTax": 67020000,
    "incomeBeforeTaxRatio": 0.0762505049,
    "incomeTaxExpense": 17601000,
    "netIncome": 52106000,
    "netIncomeRatio": 0.0592824352,
    "eps": 0.42,
    "epsdiluted": 0.41,
    "weightedAverageShsOut": 125475000,
    "weightedAverageShsOutDil": 127041000,
    "link": "https://www.sec.gov/Archives/edgar/data/46080/000004608016000198/0000046080-16-000198-index.htm",
    "finalLink": "https://www.sec.gov/Archives/edgar/data/46080/000004608016000198/form10q2q.htm"
  },
  {
    "date": "2016-03-27",
    "symbol": "HAS",
    "reportedCurrency": "USD",
    "cik": "0000046080",
    "fillingDate": "2016-05-05",
    "acceptedDate": "2016-05-04 17:36:40",
    "calendarYear": "2016",
    "period": "Q1",
    "revenue": 831180000,
    "costOfRevenue": 360209000,
    "grossProfit": 470971000,
    "grossProfitRatio": 0.5666293703,
    "researchAndDevelopmentExpenses": 57164000,
    "generalAndAdministrativeExpenses": 233155000,
    "sellingAndMarketingExpenses": 79859000,
    "sellingGeneralAndAdministrativeExpenses": 313014000,
    "otherExpenses": 14877000,
    "operatingExpenses": 385055000,
    "costAndExpenses": 745264000,
    "interestIncome": 2213000,
    "interestExpense": 24044000,
    "depreciationAndAmortization": 40003000,
    "ebitda": 123260000,
    "ebitdaratio": 0.1482951948,
    "operatingIncome": 85916000,
    "operatingIncomeRatio": 0.1033662985,
    "totalOtherIncomeExpensesNet": -26703000,
    "incomeBeforeTax": 59213000,
    "incomeBeforeTaxRatio": 0.0712396833,
    "incomeTaxExpense": 12242000,
    "netIncome": 48751000,
    "netIncomeRatio": 0.0586527587,
    "eps": 0.39,
    "epsdiluted": 0.38,
    "weightedAverageShsOut": 125266000,
    "weightedAverageShsOutDil": 126948000,
    "link": "https://www.sec.gov/Archives/edgar/data/46080/000004608016000156/0000046080-16-000156-index.htm",
    "finalLink": "https://www.sec.gov/Archives/edgar/data/46080/000004608016000156/form10q1q.htm"
  },
  {
    "date": "2015-12-27",
    "symbol": "HAS",
    "reportedCurrency": "USD",
    "cik": "0000046080",
    "fillingDate": "2016-02-24",
    "acceptedDate": "2016-02-24 14:46:32",
    "calendarYear": "2015",
    "period": "Q4",
    "revenue": 1465354000,
    "costOfRevenue": 703887000,
    "grossProfit": 761467000,
    "grossProfitRatio": 0.5196471296,
    "researchAndDevelopmentExpenses": 68645000,
    "generalAndAdministrativeExpenses": 291840000,
    "sellingAndMarketingExpenses": 121252000,
    "sellingGeneralAndAdministrativeExpenses": 413092000,
    "otherExpenses": 21029000,
    "operatingExpenses": 502766000,
    "costAndExpenses": 1206653000,
    "interestIncome": 853000,
    "interestExpense": 24306000,
    "depreciationAndAmortization": 46241000,
    "ebitda": 301884000,
    "ebitdaratio": 0.2060143829,
    "operatingIncome": 258701000,
    "operatingIncomeRatio": 0.1765450533,
    "totalOtherIncomeExpensesNet": -27364000,
    "incomeBeforeTax": 231337000,
    "incomeBeforeTaxRatio": 0.1578710673,
    "incomeTaxExpense": 56943000,
    "netIncome": 175763000,
    "netIncomeRatio": 0.1199457605,
    "eps": 1.41,
    "epsdiluted": 1.39,
    "weightedAverageShsOut": 124976000,
    "weightedAverageShsOutDil": 126686000,
    "link": "https://www.sec.gov/Archives/edgar/data/46080/000119312516475520/0001193125-16-475520-index.htm",
    "finalLink": "https://www.sec.gov/Archives/edgar/data/46080/000119312516475520/d120433d10k.htm"
  },
  {
    "date": "2015-09-27",
    "symbol": "HAS",
    "reportedCurrency": "USD",
    "cik": "0000046080",
    "fillingDate": "2015-11-04",
    "acceptedDate": "2015-11-04 17:01:39",
    "calendarYear": "2015",
    "period": "Q3",
    "revenue": 1470997000,
    "costOfRevenue": 693099000,
    "grossProfit": 777898000,
    "grossProfitRatio": 0.5288236482,
    "researchAndDevelopmentExpenses": 64793000,
    "generalAndAdministrativeExpenses": 247022000,
    "sellingAndMarketingExpenses": 142029000,
    "sellingGeneralAndAdministrativeExpenses": 389051000,
    "otherExpenses": 20527000,
    "operatingExpenses": 474371000,
    "costAndExpenses": 1167470000,
    "interestIncome": 672000,
    "interestExpense": 24045000,
    "depreciationAndAmortization": 56171000,
    "ebitda": 364833000,
    "ebitdaratio": 0.2480175011,
    "operatingIncome": 303527000,
    "operatingIncomeRatio": 0.2063410055,
    "totalOtherIncomeExpensesNet": -18910000,
    "incomeBeforeTax": 284617000,
    "incomeBeforeTaxRatio": 0.1934857787,
    "incomeTaxExpense": 78242000,
    "netIncome": 207599000,
    "netIncomeRatio": 0.141128092,
    "eps": 1.66,
    "epsdiluted": 1.64,
    "weightedAverageShsOut": 125100000,
    "weightedAverageShsOutDil": 126917000,
    "link": "https://www.sec.gov/Archives/edgar/data/46080/000004608015000099/0000046080-15-000099-index.htm",
    "finalLink": "https://www.sec.gov/Archives/edgar/data/46080/000004608015000099/form10q3q.htm"
  },
  {
    "date": "2015-06-28",
    "symbol": "HAS",
    "reportedCurrency": "USD",
    "cik": "0000046080",
    "fillingDate": "2015-07-29",
    "acceptedDate": "2015-07-29 16:04:09",
    "calendarYear": "2015",
    "period": "Q2",
    "revenue": 797658000,
    "costOfRevenue": 352468000,
    "grossProfit": 445190000,
    "grossProfitRatio": 0.5581214004,
    "researchAndDevelopmentExpenses": 57609000,
    "generalAndAdministrativeExpenses": 213148000,
    "sellingAndMarketingExpenses": 78365000,
    "sellingGeneralAndAdministrativeExpenses": 291513000,
    "otherExpenses": 20568000,
    "operatingExpenses": 369690000,
    "costAndExpenses": 722158000,
    "interestIncome": 690000,
    "interestExpense": 24186000,
    "depreciationAndAmortization": 49913000,
    "ebitda": 127745000,
    "ebitdaratio": 0.1601500894,
    "operatingIncome": 75500000,
    "operatingIncomeRatio": 0.094652094,
    "totalOtherIncomeExpensesNet": -21854000,
    "incomeBeforeTax": 53646000,
    "incomeBeforeTaxRatio": 0.0672543872,
    "incomeTaxExpense": 13364000,
    "netIncome": 41809000,
    "netIncomeRatio": 0.052414694,
    "eps": 0.33,
    "epsdiluted": 0.33,
    "weightedAverageShsOut": 125093000,
    "weightedAverageShsOutDil": 126806000,
    "link": "https://www.sec.gov/Archives/edgar/data/46080/000004608015000074/0000046080-15-000074-index.htm",
    "finalLink": "https://www.sec.gov/Archives/edgar/data/46080/000004608015000074/form10q2q.htm"
  },
  {
    "date": "2015-03-29",
    "symbol": "HAS",
    "reportedCurrency": "USD",
    "cik": "0000046080",
    "fillingDate": "2015-05-06",
    "acceptedDate": "2015-05-06 16:03:14",
    "calendarYear": "2015",
    "period": "Q1",
    "revenue": 713500000,
    "costOfRevenue": 306824000,
    "grossProfit": 406676000,
    "grossProfitRatio": 0.5699733707,
    "researchAndDevelopmentExpenses": 51897000,
    "generalAndAdministrativeExpenses": 208785000,
    "sellingAndMarketingExpenses": 67742000,
    "sellingGeneralAndAdministrativeExpenses": 276527000,
    "otherExpenses": 24047000,
    "operatingExpenses": 352471000,
    "costAndExpenses": 659295000,
    "interestIncome": 930000,
    "interestExpense": 24585000,
    "depreciationAndAmortization": 45451000,
    "ebitda": 104351000,
    "ebitdaratio": 0.1462522775,
    "operatingIncome": 54205000,
    "operatingIncomeRatio": 0.0759705676,
    "totalOtherIncomeExpensesNet": -19890000,
    "incomeBeforeTax": 34315000,
    "incomeBeforeTaxRatio": 0.0480939033,
    "incomeTaxExpense": 8494000,
    "netIncome": 26667000,
    "netIncomeRatio": 0.0373749124,
    "eps": 0.21,
    "epsdiluted": 0.21,
    "weightedAverageShsOut": 124853000,
    "weightedAverageShsOutDil": 126342000,
    "link": "https://www.sec.gov/Archives/edgar/data/46080/000004608015000047/0000046080-15-000047-index.htm",
    "finalLink": "https://www.sec.gov/Archives/edgar/data/46080/000004608015000047/form10q1q.htm"
  },
  {
    "date": "2014-12-28",
    "symbol": "HAS",
    "reportedCurrency": "USD",
    "cik": "0000046080",
    "fillingDate": "2015-02-26",
    "acceptedDate": "2015-02-26 13:01:24",
    "calendarYear": "2014",
    "period": "Q4",
    "revenue": 1298593000,
    "costOfRevenue": 607576000,
    "grossProfit": 691017000,
    "grossProfitRatio": 0.5321274641,
    "researchAndDevelopmentExpenses": 65372000,
    "generalAndAdministrativeExpenses": 252335000,
    "sellingAndMarketingExpenses": 123812000,
    "sellingGeneralAndAdministrativeExpenses": 376147000,
    "otherExpenses": 25949000,
    "operatingExpenses": 467468000,
    "costAndExpenses": 1075044000,
    "interestIncome": 523000,
    "interestExpense": 23158000,
    "depreciationAndAmortization": 48671000,
    "ebitda": 277251000,
    "ebitdaratio": 0.2135010739,
    "operatingIncome": 223549000,
    "operatingIncomeRatio": 0.1721470853,
    "totalOtherIncomeExpensesNet": -18127000,
    "incomeBeforeTax": 205422000,
    "incomeBeforeTaxRatio": 0.1581881313,
    "incomeTaxExpense": 36601000,
    "netIncome": 169911000,
    "netIncomeRatio": 0.1308423809,
    "eps": 1.35,
    "epsdiluted": 1.34,
    "weightedAverageShsOut": 125738000,
    "weightedAverageShsOutDil": 127180000,
    "link": "https://www.sec.gov/Archives/edgar/data/46080/000119312515064946/0001193125-15-064946-index.htm",
    "finalLink": "https://www.sec.gov/Archives/edgar/data/46080/000119312515064946/d873185d10k.htm"
  },
  {
    "date": "2014-09-28",
    "symbol": "HAS",
    "reportedCurrency": "USD",
    "cik": "0000046080",
    "fillingDate": "2014-11-05",
    "acceptedDate": "2014-11-05 16:16:51",
    "calendarYear": "2014",
    "period": "Q3",
    "revenue": 1469899000,
    "costOfRevenue": 697118000,
    "grossProfit": 772781000,
    "grossProfitRatio": 0.5257374826,
    "researchAndDevelopmentExpenses": 58220000,
    "generalAndAdministrativeExpenses": 244072000,
    "sellingAndMarketingExpenses": 147492000,
    "sellingGeneralAndAdministrativeExpenses": 391564000,
    "otherExpenses": 37183000,
    "operatingExpenses": 486967000,
    "costAndExpenses": 1184085000,
    "interestIncome": 745000,
    "interestExpense": 24710000,
    "depreciationAndAmortization": 69641000,
    "ebitda": 338405000,
    "ebitdaratio": 0.2302233011,
    "operatingIncome": 285814000,
    "operatingIncomeRatio": 0.1944446523,
    "totalOtherIncomeExpensesNet": -41760000,
    "incomeBeforeTax": 244054000,
    "incomeBeforeTaxRatio": 0.1660345371,
    "incomeTaxExpense": 63899000,
    "netIncome": 180457000,
    "netIncomeRatio": 0.122768299,
    "eps": 1.42,
    "epsdiluted": 1.4,
    "weightedAverageShsOut": 127293000,
    "weightedAverageShsOutDil": 128703000,
    "link": "https://www.sec.gov/Archives/edgar/data/46080/000004608014000109/0000046080-14-000109-index.htm",
    "finalLink": "https://www.sec.gov/Archives/edgar/data/46080/000004608014000109/form10q3q.htm"
  },
  {
    "date": "2014-06-29",
    "symbol": "HAS",
    "reportedCurrency": "USD",
    "cik": "0000046080",
    "fillingDate": "2014-07-31",
    "acceptedDate": "2014-07-31 16:01:03",
    "calendarYear": "2014",
    "period": "Q2",
    "revenue": 829262000,
    "costOfRevenue": 390869000,
    "grossProfit": 438393000,
    "grossProfitRatio": 0.5286543939,
    "researchAndDevelopmentExpenses": 51707000,
    "generalAndAdministrativeExpenses": 203827000,
    "sellingAndMarketingExpenses": 81693000,
    "sellingGeneralAndAdministrativeExpenses": 285520000,
    "otherExpenses": 18602000,
    "operatingExpenses": 355829000,
    "costAndExpenses": 746698000,
    "interestIncome": 1165000,
    "interestExpense": 22802000,
    "depreciationAndAmortization": 47175000,
    "ebitda": 134494000,
    "ebitdaratio": 0.1621851719,
    "operatingIncome": 82564000,
    "operatingIncomeRatio": 0.0995632261,
    "totalOtherIncomeExpensesNet": -18047000,
    "incomeBeforeTax": 64517000,
    "incomeBeforeTaxRatio": 0.0778005021,
    "incomeTaxExpense": 31697000,
    "netIncome": 33475000,
    "netIncomeRatio": 0.0403672181,
    "eps": 0.26,
    "epsdiluted": 0.26,
    "weightedAverageShsOut": 129381000,
    "weightedAverageShsOutDil": 130930000,
    "link": "https://www.sec.gov/Archives/edgar/data/46080/000004608014000079/0000046080-14-000079-index.htm",
    "finalLink": "https://www.sec.gov/Archives/edgar/data/46080/000004608014000079/form10q2q.htm"
  },
  {
    "date": "2014-03-30",
    "symbol": "HAS",
    "reportedCurrency": "USD",
    "cik": "0000046080",
    "fillingDate": "2014-05-06",
    "acceptedDate": "2014-05-06 16:33:26",
    "calendarYear": "2014",
    "period": "Q1",
    "revenue": 679453000,
    "costOfRevenue": 308126000,
    "grossProfit": 371327000,
    "grossProfitRatio": 0.5465087357,
    "researchAndDevelopmentExpenses": 47257000,
    "generalAndAdministrativeExpenses": 195303000,
    "sellingAndMarketingExpenses": 67259000,
    "sellingGeneralAndAdministrativeExpenses": 262562000,
    "otherExpenses": 18060000,
    "operatingExpenses": 327879000,
    "costAndExpenses": 636005000,
    "interestIncome": 1326000,
    "interestExpense": 22428000,
    "depreciationAndAmortization": 39565000,
    "ebitda": 87988000,
    "ebitdaratio": 0.1294982876,
    "operatingIncome": 43448000,
    "operatingIncomeRatio": 0.0639455562,
    "totalOtherIncomeExpensesNet": -17453000,
    "incomeBeforeTax": 25995000,
    "incomeBeforeTaxRatio": 0.0382587169,
    "incomeTaxExpense": -5519000,
    "netIncome": 32087000,
    "netIncomeRatio": 0.0472247529,
    "eps": 0.24,
    "epsdiluted": 0.24,
    "weightedAverageShsOut": 131232000,
    "weightedAverageShsOutDil": 132733000,
    "link": "https://www.sec.gov/Archives/edgar/data/46080/000004608014000048/0000046080-14-000048-index.htm",
    "finalLink": "https://www.sec.gov/Archives/edgar/data/46080/000004608014000048/form10q1q.htm"
  },
  {
    "date": "2013-12-29",
    "symbol": "HAS",
    "reportedCurrency": "USD",
    "cik": "0000046080",
    "fillingDate": "2014-02-26",
    "acceptedDate": "2014-02-26 16:34:45",
    "calendarYear": "2013",
    "period": "Q4",
    "revenue": 1281773000,
    "costOfRevenue": 631528000,
    "grossProfit": 650245000,
    "grossProfitRatio": 0.5073012148,
    "researchAndDevelopmentExpenses": 53136000,
    "generalAndAdministrativeExpenses": 238441000,
    "sellingAndMarketingExpenses": 120820000,
    "sellingGeneralAndAdministrativeExpenses": 359261000,
    "otherExpenses": 54176000,
    "operatingExpenses": 466573000,
    "costAndExpenses": 1098101000,
    "interestIncome": 686000,
    "interestExpense": 19187000,
    "depreciationAndAmortization": 81449000,
    "ebitda": 261962000,
    "ebitdaratio": 0.2043747216,
    "operatingIncome": 183672000,
    "operatingIncomeRatio": 0.1432952637,
    "totalOtherIncomeExpensesNet": -22346000,
    "incomeBeforeTax": 161326000,
    "incomeBeforeTaxRatio": 0.1258615995,
    "incomeTaxExpense": 33050000,
    "netIncome": 129815000,
    "netIncomeRatio": 0.1012776833,
    "eps": 0.99,
    "epsdiluted": 0.98,
    "weightedAverageShsOut": 130828000,
    "weightedAverageShsOutDil": 132433000,
    "link": "https://www.sec.gov/Archives/edgar/data/46080/000119312514069828/0001193125-14-069828-index.htm",
    "finalLink": "https://www.sec.gov/Archives/edgar/data/46080/000119312514069828/d635020d10k.htm"
  },
  {
    "date": "2013-09-29",
    "symbol": "HAS",
    "reportedCurrency": "USD",
    "cik": "0000046080",
    "fillingDate": "2013-11-05",
    "acceptedDate": "2013-11-05 16:35:49",
    "calendarYear": "2013",
    "period": "Q3",
    "revenue": 1370348000,
    "costOfRevenue": 712529000,
    "grossProfit": 657819000,
    "grossProfitRatio": 0.4800379174,
    "researchAndDevelopmentExpenses": 59366000,
    "generalAndAdministrativeExpenses": 231045000,
    "sellingAndMarketingExpenses": 136487000,
    "sellingGeneralAndAdministrativeExpenses": 367532000,
    "otherExpenses": 32215000,
    "operatingExpenses": 459113000,
    "costAndExpenses": 1171642000,
    "interestIncome": 1326000,
    "interestExpense": 41194000,
    "depreciationAndAmortization": 64560000,
    "ebitda": 261667000,
    "ebitdaratio": 0.1909493063,
    "operatingIncome": 198706000,
    "operatingIncomeRatio": 0.1450040428,
    "totalOtherIncomeExpensesNet": -42793000,
    "incomeBeforeTax": 155913000,
    "incomeBeforeTaxRatio": 0.1137762087,
    "incomeTaxExpense": 30070000,
    "netIncome": 126574000,
    "netIncomeRatio": 0.0923663186,
    "eps": 0.97,
    "epsdiluted": 0.96,
    "weightedAverageShsOut": 130253000,
    "weightedAverageShsOutDil": 130253000,
    "link": "https://www.sec.gov/Archives/edgar/data/46080/000004608013000097/0000046080-13-000097-index.htm",
    "finalLink": "https://www.sec.gov/Archives/edgar/data/46080/000004608013000097/form10q3q.htm"
  },
  {
    "date": "2013-06-30",
    "symbol": "HAS",
    "reportedCurrency": "USD",
    "cik": "0000046080",
    "fillingDate": "2013-07-31",
    "acceptedDate": "2013-07-31 08:53:56",
    "calendarYear": "2013",
    "period": "Q2",
    "revenue": 766342000,
    "costOfRevenue": 350799000,
    "grossProfit": 415543000,
    "grossProfitRatio": 0.5422422365,
    "researchAndDevelopmentExpenses": 47904000,
    "generalAndAdministrativeExpenses": 197548000,
    "sellingAndMarketingExpenses": 73657000,
    "sellingGeneralAndAdministrativeExpenses": 271205000,
    "otherExpenses": 22346000,
    "operatingExpenses": 341455000,
    "costAndExpenses": 692254000,
    "interestIncome": 1432000,
    "interestExpense": 22225000,
    "depreciationAndAmortization": 46176000,
    "ebitda": 119477000,
    "ebitdaratio": 0.1559055878,
    "operatingIncome": 74088000,
    "operatingIncomeRatio": 0.0966774625,
    "totalOtherIncomeExpensesNet": -23012000,
    "incomeBeforeTax": 51076000,
    "incomeBeforeTaxRatio": 0.066649094,
    "incomeTaxExpense": 14596000,
    "netIncome": 36480000,
    "netIncomeRatio": 0.0476027674,
    "eps": 0.28,
    "epsdiluted": 0.28,
    "weightedAverageShsOut": 130323000,
    "weightedAverageShsOutDil": 130323000,
    "link": "https://www.sec.gov/Archives/edgar/data/46080/000004608013000076/0000046080-13-000076-index.htm",
    "finalLink": "https://www.sec.gov/Archives/edgar/data/46080/000004608013000076/q210q2013.htm"
  },
  {
    "date": "2013-03-31",
    "symbol": "HAS",
    "reportedCurrency": "USD",
    "cik": "0000046080",
    "fillingDate": "2013-05-08",
    "acceptedDate": "2013-05-08 16:31:45",
    "calendarYear": "2013",
    "period": "Q1",
    "revenue": 663694000,
    "costOfRevenue": 316964000,
    "grossProfit": 346730000,
    "grossProfitRatio": 0.5224244908,
    "researchAndDevelopmentExpenses": 47185000,
    "generalAndAdministrativeExpenses": 204645000,
    "sellingAndMarketingExpenses": 67134000,
    "sellingGeneralAndAdministrativeExpenses": 271779000,
    "otherExpenses": 17139000,
    "operatingExpenses": 336103000,
    "costAndExpenses": 653067000,
    "interestIncome": 1481000,
    "interestExpense": 22979000,
    "depreciationAndAmortization": 36490000,
    "ebitda": 42976000,
    "ebitdaratio": 0.0647527324,
    "operatingIncome": 10627000,
    "operatingIncomeRatio": 0.016011897,
    "totalOtherIncomeExpensesNet": -27120000,
    "incomeBeforeTax": -16493000,
    "incomeBeforeTaxRatio": -0.0248503075,
    "incomeTaxExpense": -9822000,
    "netIncome": -6671000,
    "netIncomeRatio": -0.0100513188,
    "eps": -0.0516,
    "epsdiluted": -0.0516,
    "weightedAverageShsOut": 129340000,
    "weightedAverageShsOutDil": 129340000,
    "link": "https://www.sec.gov/Archives/edgar/data/46080/000004608013000041/0000046080-13-000041-index.htm",
    "finalLink": "https://www.sec.gov/Archives/edgar/data/46080/000004608013000041/q11310q.htm"
  },
  {
    "date": "2012-12-30",
    "symbol": "HAS",
    "reportedCurrency": "USD",
    "cik": "0000046080",
    "fillingDate": "2013-02-27",
    "acceptedDate": "2013-02-27 16:15:01",
    "calendarYear": "2012",
    "period": "Q4",
    "revenue": 1283529000,
    "costOfRevenue": 605959000,
    "grossProfit": 677570000,
    "grossProfitRatio": 0.5278961364,
    "researchAndDevelopmentExpenses": 57686000,
    "generalAndAdministrativeExpenses": 245202000,
    "sellingAndMarketingExpenses": 142900000,
    "sellingGeneralAndAdministrativeExpenses": 388102000,
    "otherExpenses": 31627000,
    "operatingExpenses": 477415000,
    "costAndExpenses": 1083374000,
    "interestIncome": 899000,
    "interestExpense": 22573000,
    "depreciationAndAmortization": 56232000,
    "ebitda": 252465000,
    "ebitdaratio": 0.1966959843,
    "operatingIncome": 200155000,
    "operatingIncomeRatio": 0.1559411591,
    "totalOtherIncomeExpensesNet": -26495000,
    "incomeBeforeTax": 173660000,
    "incomeBeforeTaxRatio": 0.1352988518,
    "incomeTaxExpense": 43361000,
    "netIncome": 130299000,
    "netIncomeRatio": 0.1015162104,
    "eps": 1,
    "epsdiluted": 0.99,
    "weightedAverageShsOut": 129824000,
    "weightedAverageShsOutDil": 131581000,
    "link": "https://www.sec.gov/Archives/edgar/data/46080/000119312513080002/0001193125-13-080002-index.htm",
    "finalLink": "https://www.sec.gov/Archives/edgar/data/46080/000119312513080002/d443615d10k.htm"
  },
  {
    "date": "2012-09-30",
    "symbol": "HAS",
    "reportedCurrency": "USD",
    "cik": "0000046080",
    "fillingDate": "2012-11-07",
    "acceptedDate": "2012-11-07 16:30:53",
    "calendarYear": "2012",
    "period": "Q3",
    "revenue": 1345137000,
    "costOfRevenue": 675740000,
    "grossProfit": 669397000,
    "grossProfitRatio": 0.4976422476,
    "researchAndDevelopmentExpenses": 48472000,
    "generalAndAdministrativeExpenses": 210876000,
    "sellingAndMarketingExpenses": 134997000,
    "sellingGeneralAndAdministrativeExpenses": 345873000,
    "otherExpenses": 25430000,
    "operatingExpenses": 419775000,
    "costAndExpenses": 1095515000,
    "interestIncome": 1270000,
    "interestExpense": 23043000,
    "depreciationAndAmortization": 56804000,
    "ebitda": 304796000,
    "ebitdaratio": 0.2265910461,
    "operatingIncome": 249622000,
    "operatingIncomeRatio": 0.1855736628,
    "totalOtherIncomeExpensesNet": -24673000,
    "incomeBeforeTax": 224949000,
    "incomeBeforeTaxRatio": 0.1672312932,
    "incomeTaxExpense": 60097000,
    "netIncome": 164852000,
    "netIncomeRatio": 0.1225540595,
    "eps": 1.26,
    "epsdiluted": 1.24,
    "weightedAverageShsOut": 130619000,
    "weightedAverageShsOutDil": 132483000,
    "link": "https://www.sec.gov/Archives/edgar/data/46080/000004608012000097/0000046080-12-000097-index.htm",
    "finalLink": "https://www.sec.gov/Archives/edgar/data/46080/000004608012000097/q32012.htm"
  },
  {
    "date": "2012-07-01",
    "symbol": "HAS",
    "reportedCurrency": "USD",
    "cik": "0000046080",
    "fillingDate": "2012-08-03",
    "acceptedDate": "2012-08-03 08:30:16",
    "calendarYear": "2012",
    "period": "Q2",
    "revenue": 811467000,
    "costOfRevenue": 382877000,
    "grossProfit": 428590000,
    "grossProfitRatio": 0.5281668879,
    "researchAndDevelopmentExpenses": 50113000,
    "generalAndAdministrativeExpenses": 191379000,
    "sellingAndMarketingExpenses": 79297000,
    "sellingGeneralAndAdministrativeExpenses": 270676000,
    "otherExpenses": 21519000,
    "operatingExpenses": 342308000,
    "costAndExpenses": 725185000,
    "interestIncome": 1689000,
    "interestExpense": 22413000,
    "depreciationAndAmortization": 45950000,
    "ebitda": 128022000,
    "ebitdaratio": 0.1577661199,
    "operatingIncome": 86282000,
    "operatingIncomeRatio": 0.1063284151,
    "totalOtherIncomeExpensesNet": -26623000,
    "incomeBeforeTax": 59659000,
    "incomeBeforeTaxRatio": 0.0735199337,
    "incomeTaxExpense": 16232000,
    "netIncome": 43427000,
    "netIncomeRatio": 0.0535166556,
    "eps": 0.33,
    "epsdiluted": 0.33,
    "weightedAverageShsOut": 130294000,
    "weightedAverageShsOutDil": 130294000,
    "link": "https://www.sec.gov/Archives/edgar/data/46080/000004608012000077/0000046080-12-000077-index.htm",
    "finalLink": "https://www.sec.gov/Archives/edgar/data/46080/000004608012000077/q22012.htm"
  },
  {
    "date": "2012-04-01",
    "symbol": "HAS",
    "reportedCurrency": "USD",
    "cik": "0000046080",
    "fillingDate": "2012-05-10",
    "acceptedDate": "2012-05-10 17:28:40",
    "calendarYear": "2012",
    "period": "Q1",
    "revenue": 648850000,
    "costOfRevenue": 309470000,
    "grossProfit": 339380000,
    "grossProfitRatio": 0.5230484704,
    "researchAndDevelopmentExpenses": 44926000,
    "generalAndAdministrativeExpenses": 199890000,
    "sellingAndMarketingExpenses": 65045000,
    "sellingGeneralAndAdministrativeExpenses": 264935000,
    "otherExpenses": 13793000,
    "operatingExpenses": 323654000,
    "costAndExpenses": 633124000,
    "interestIncome": 2475000,
    "interestExpense": 23112000,
    "depreciationAndAmortization": 33101000,
    "ebitda": 51347000,
    "ebitdaratio": 0.0791353934,
    "operatingIncome": 15726000,
    "operatingIncomeRatio": 0.0242367265,
    "totalOtherIncomeExpensesNet": -20592000,
    "incomeBeforeTax": -4866000,
    "incomeBeforeTaxRatio": -0.0074994221,
    "incomeTaxExpense": -2287000,
    "netIncome": -2579000,
    "netIncomeRatio": -0.0039747245,
    "eps": -0.0199,
    "epsdiluted": -0.0199,
    "weightedAverageShsOut": 129569000,
    "weightedAverageShsOutDil": 129569000,
    "link": "https://www.sec.gov/Archives/edgar/data/46080/000004608012000046/0000046080-12-000046-index.htm",
    "finalLink": "https://www.sec.gov/Archives/edgar/data/46080/000004608012000046/q12012.htm"
  },
  {
    "date": "2011-12-25",
    "symbol": "HAS",
    "reportedCurrency": "USD",
    "cik": "0000046080",
    "fillingDate": "2012-02-22",
    "acceptedDate": "2012-02-22 16:32:32",
    "calendarYear": "2011",
    "period": "Q4",
    "revenue": 1329338000,
    "costOfRevenue": 696020000,
    "grossProfit": 633318000,
    "grossProfitRatio": 0.4764160808,
    "researchAndDevelopmentExpenses": 47351000,
    "generalAndAdministrativeExpenses": 202155000,
    "sellingAndMarketingExpenses": 135248000,
    "sellingGeneralAndAdministrativeExpenses": 337403000,
    "otherExpenses": 31985000,
    "operatingExpenses": 416739000,
    "costAndExpenses": 1112759000,
    "interestIncome": 941000,
    "interestExpense": 22320000,
    "depreciationAndAmortization": 43051000,
    "ebitda": 254515000,
    "ebitdaratio": 0.1914599598,
    "operatingIncome": 216579000,
    "operatingIncomeRatio": 0.1629224471,
    "totalOtherIncomeExpensesNet": -27435000,
    "incomeBeforeTax": 189144000,
    "incomeBeforeTaxRatio": 0.1422843551,
    "incomeTaxExpense": 50014000,
    "netIncome": 139130000,
    "netIncomeRatio": 0.104661117,
    "eps": 1.06,
    "epsdiluted": 1.06,
    "weightedAverageShsOut": 131700000,
    "weightedAverageShsOutDil": 131700000,
    "link": "https://www.sec.gov/Archives/edgar/data/46080/000119312512072846/0001193125-12-072846-index.htm",
    "finalLink": "https://www.sec.gov/Archives/edgar/data/46080/000119312512072846/d274949d10k.htm"
  },
  {
    "date": "2011-09-25",
    "symbol": "HAS",
    "reportedCurrency": "USD",
    "cik": "0000046080",
    "fillingDate": "2011-11-02",
    "acceptedDate": "2011-11-02 16:39:31",
    "calendarYear": "2011",
    "period": "Q3",
    "revenue": 1375811000,
    "costOfRevenue": 708781000,
    "grossProfit": 667030000,
    "grossProfitRatio": 0.4848267676,
    "researchAndDevelopmentExpenses": 49504000,
    "generalAndAdministrativeExpenses": 220130000,
    "sellingAndMarketingExpenses": 130396000,
    "sellingGeneralAndAdministrativeExpenses": 350526000,
    "otherExpenses": 18928000,
    "operatingExpenses": 418958000,
    "costAndExpenses": 1127739000,
    "interestIncome": 3017000,
    "interestExpense": 22479000,
    "depreciationAndAmortization": 65556000,
    "ebitda": 309492000,
    "ebitdaratio": 0.2249524099,
    "operatingIncome": 248072000,
    "operatingIncomeRatio": 0.1803096501,
    "totalOtherIncomeExpensesNet": -26615000,
    "incomeBeforeTax": 221457000,
    "incomeBeforeTaxRatio": 0.1609646965,
    "incomeTaxExpense": 50467000,
    "netIncome": 170990000,
    "netIncomeRatio": 0.1242830592,
    "eps": 1.29,
    "epsdiluted": 1.27,
    "weightedAverageShsOut": 132448000,
    "weightedAverageShsOutDil": 134924000,
    "link": "https://www.sec.gov/Archives/edgar/data/46080/000004608011000102/0000046080-11-000102-index.htm",
    "finalLink": "https://www.sec.gov/Archives/edgar/data/46080/000004608011000102/q32011.htm"
  },
  {
    "date": "2011-06-26",
    "symbol": "HAS",
    "reportedCurrency": "USD",
    "cik": "0000046080",
    "fillingDate": "2011-07-29",
    "acceptedDate": "2011-07-29 14:47:05",
    "calendarYear": "2011",
    "period": "Q2",
    "revenue": 908454000,
    "costOfRevenue": 460207000,
    "grossProfit": 448247000,
    "grossProfitRatio": 0.4934173882,
    "researchAndDevelopmentExpenses": 54965000,
    "generalAndAdministrativeExpenses": 213386000,
    "sellingAndMarketingExpenses": 81770000,
    "sellingGeneralAndAdministrativeExpenses": 295156000,
    "otherExpenses": 17719000,
    "operatingExpenses": 367840000,
    "costAndExpenses": 828047000,
    "interestIncome": 1464000,
    "interestExpense": 22848000,
    "depreciationAndAmortization": 38925000,
    "ebitda": 114727000,
    "ebitdaratio": 0.1262881775,
    "operatingIncome": 80407000,
    "operatingIncomeRatio": 0.0885097099,
    "totalOtherIncomeExpensesNet": -27453000,
    "incomeBeforeTax": 52954000,
    "incomeBeforeTaxRatio": 0.0582902381,
    "incomeTaxExpense": -5097000,
    "netIncome": 58051000,
    "netIncomeRatio": 0.0639008689,
    "eps": 0.43,
    "epsdiluted": 0.42,
    "weightedAverageShsOut": 136073000,
    "weightedAverageShsOutDil": 139241000,
    "link": "https://www.sec.gov/Archives/edgar/data/46080/000004608011000083/0000046080-11-000083-index.htm",
    "finalLink": "https://www.sec.gov/Archives/edgar/data/46080/000004608011000083/q2201110q.htm"
  },
  {
    "date": "2011-03-27",
    "symbol": "HAS",
    "reportedCurrency": "USD",
    "cik": "0000046080",
    "fillingDate": "2011-05-04",
    "acceptedDate": "2011-05-04 16:00:48",
    "calendarYear": "2011",
    "period": "Q1",
    "revenue": 671986000,
    "costOfRevenue": 310472000,
    "grossProfit": 361514000,
    "grossProfitRatio": 0.5379784698,
    "researchAndDevelopmentExpenses": 45818000,
    "generalAndAdministrativeExpenses": 186423000,
    "sellingAndMarketingExpenses": 66537000,
    "sellingGeneralAndAdministrativeExpenses": 252960000,
    "otherExpenses": 13813000,
    "operatingExpenses": 312591000,
    "costAndExpenses": 623063000,
    "interestIncome": 1412000,
    "interestExpense": 21375000,
    "depreciationAndAmortization": 31018000,
    "ebitda": 75231000,
    "ebitdaratio": 0.1119532252,
    "operatingIncome": 48923000,
    "operatingIncomeRatio": 0.0728036001,
    "totalOtherIncomeExpensesNet": -26085000,
    "incomeBeforeTax": 22838000,
    "incomeBeforeTaxRatio": 0.0339858271,
    "incomeTaxExpense": 5642000,
    "netIncome": 17196000,
    "netIncomeRatio": 0.0255898188,
    "eps": 0.12,
    "epsdiluted": 0.12,
    "weightedAverageShsOut": 137645000,
    "weightedAverageShsOutDil": 140953000,
    "link": "https://www.sec.gov/Archives/edgar/data/46080/000004608011000045/0000046080-11-000045-index.htm",
    "finalLink": "https://www.sec.gov/Archives/edgar/data/46080/000004608011000045/q12011.htm"
  },
  {
    "date": "2010-12-26",
    "symbol": "HAS",
    "reportedCurrency": "USD",
    "cik": "0000046080",
    "fillingDate": "2011-02-23",
    "acceptedDate": "2011-02-23 16:01:43",
    "calendarYear": "2010",
    "period": "Q4",
    "revenue": 1278697000,
    "costOfRevenue": 631607000,
    "grossProfit": 647090000,
    "grossProfitRatio": 0.5060542099,
    "researchAndDevelopmentExpenses": 61950000,
    "generalAndAdministrativeExpenses": 228259000,
    "sellingAndMarketingExpenses": 143737000,
    "sellingGeneralAndAdministrativeExpenses": 371996000,
    "otherExpenses": 12095000,
    "operatingExpenses": 446041000,
    "costAndExpenses": 1077648000,
    "interestIncome": 1874000,
    "interestExpense": 21741000,
    "depreciationAndAmortization": 35026000,
    "ebitda": 230147000,
    "ebitdaratio": 0.1799855634,
    "operatingIncome": 201049000,
    "operatingIncomeRatio": 0.1572295861,
    "totalOtherIncomeExpensesNet": -27669000,
    "incomeBeforeTax": 173380000,
    "incomeBeforeTaxRatio": 0.1355911526,
    "incomeTaxExpense": 33366000,
    "netIncome": 140014000,
    "netIncomeRatio": 0.1094974024,
    "eps": 0.99,
    "epsdiluted": 0.99,
    "weightedAverageShsOut": 136997000,
    "weightedAverageShsOutDil": 141200000,
    "link": "https://www.sec.gov/Archives/edgar/data/46080/000095012311017113/0000950123-11-017113-index.htm",
    "finalLink": "https://www.sec.gov/Archives/edgar/data/46080/000095012311017113/b84226e10vk.htm"
  },
  {
    "date": "2010-09-26",
    "symbol": "HAS",
    "reportedCurrency": "USD",
    "cik": "0000046080",
    "fillingDate": "2010-11-03",
    "acceptedDate": "2010-11-03 16:38:39",
    "calendarYear": "2010",
    "period": "Q3",
    "revenue": 1313302000,
    "costOfRevenue": 667220000,
    "grossProfit": 646082000,
    "grossProfitRatio": 0.4919523461,
    "researchAndDevelopmentExpenses": 51618000,
    "generalAndAdministrativeExpenses": 202320000,
    "sellingAndMarketingExpenses": 133742000,
    "sellingGeneralAndAdministrativeExpenses": 336062000,
    "otherExpenses": 20645000,
    "operatingExpenses": 408325000,
    "costAndExpenses": 1075545000,
    "interestIncome": 839000,
    "interestExpense": 21657000,
    "depreciationAndAmortization": 43114000,
    "ebitda": 283844000,
    "ebitdaratio": 0.2161300295,
    "operatingIncome": 237757000,
    "operatingIncomeRatio": 0.1810375679,
    "totalOtherIncomeExpensesNet": -18684000,
    "incomeBeforeTax": 219073000,
    "incomeBeforeTaxRatio": 0.1668108325,
    "incomeTaxExpense": 63909000,
    "netIncome": 155164000,
    "netIncomeRatio": 0.1181479964,
    "eps": 1.12,
    "epsdiluted": 1.09,
    "weightedAverageShsOut": 138199000,
    "weightedAverageShsOutDil": 141715000,
    "link": "https://www.sec.gov/Archives/edgar/data/46080/000004608010000113/0000046080-10-000113-index.htm",
    "finalLink": "https://www.sec.gov/Archives/edgar/data/46080/000004608010000113/q32010.htm"
  },
  {
    "date": "2010-06-27",
    "symbol": "HAS",
    "reportedCurrency": "USD",
    "cik": "0000046080",
    "fillingDate": "2010-07-30",
    "acceptedDate": "2010-07-30 11:31:46",
    "calendarYear": "2010",
    "period": "Q2",
    "revenue": 737791000,
    "costOfRevenue": 300322000,
    "grossProfit": 437469000,
    "grossProfitRatio": 0.5929443433,
    "researchAndDevelopmentExpenses": 47466000,
    "generalAndAdministrativeExpenses": 226964000,
    "sellingAndMarketingExpenses": 71998000,
    "sellingGeneralAndAdministrativeExpenses": 298962000,
    "otherExpenses": 11315000,
    "operatingExpenses": 357743000,
    "costAndExpenses": 658065000,
    "interestIncome": 2106000,
    "interestExpense": 21922000,
    "depreciationAndAmortization": 38890000,
    "ebitda": 121849000,
    "ebitdaratio": 0.1651538173,
    "operatingIncome": 79726000,
    "operatingIncomeRatio": 0.1080604128,
    "totalOtherIncomeExpensesNet": -18689000,
    "incomeBeforeTax": 61037000,
    "incomeBeforeTaxRatio": 0.0827293908,
    "incomeTaxExpense": 17406000,
    "netIncome": 43631000,
    "netIncomeRatio": 0.0591373438,
    "eps": 0.3,
    "epsdiluted": 0.29,
    "weightedAverageShsOut": 143801000,
    "weightedAverageShsOutDil": 148474000,
    "link": "https://www.sec.gov/Archives/edgar/data/46080/000004608010000093/0000046080-10-000093-index.htm",
    "finalLink": "https://www.sec.gov/Archives/edgar/data/46080/000004608010000093/q22010.htm"
  },
  {
    "date": "2010-03-28",
    "symbol": "HAS",
    "reportedCurrency": "USD",
    "cik": "0000046080",
    "fillingDate": "2010-05-05",
    "acceptedDate": "2010-05-05 12:51:17",
    "calendarYear": "2010",
    "period": "Q1",
    "revenue": 672371000,
    "costOfRevenue": 306461000,
    "grossProfit": 365910000,
    "grossProfitRatio": 0.5442084801,
    "researchAndDevelopmentExpenses": 40324000,
    "generalAndAdministrativeExpenses": 173701000,
    "sellingAndMarketingExpenses": 71174000,
    "sellingGeneralAndAdministrativeExpenses": 244875000,
    "otherExpenses": 11384000,
    "operatingExpenses": 296583000,
    "costAndExpenses": 603044000,
    "interestIncome": 830000,
    "interestExpense": 16792000,
    "depreciationAndAmortization": 29300000,
    "ebitda": 100322000,
    "ebitdaratio": 0.1492063162,
    "operatingIncome": 69327000,
    "operatingIncomeRatio": 0.1031082542,
    "totalOtherIncomeExpensesNet": -15097000,
    "incomeBeforeTax": 54230000,
    "incomeBeforeTaxRatio": 0.0806548765,
    "incomeTaxExpense": -4713000,
    "netIncome": 58943000,
    "netIncomeRatio": 0.0876643996,
    "eps": 0.43,
    "epsdiluted": 0.4,
    "weightedAverageShsOut": 137320000,
    "weightedAverageShsOutDil": 151282000,
    "link": "https://www.sec.gov/Archives/edgar/data/46080/000004608010000052/0000046080-10-000052-index.htm",
    "finalLink": "https://www.sec.gov/Archives/edgar/data/46080/000004608010000052/q12010.htm"
  },
  {
    "date": "2009-12-27",
    "symbol": "HAS",
    "reportedCurrency": "USD",
    "cik": "0000046080",
    "fillingDate": "2010-02-24",
    "acceptedDate": "2010-02-24 15:25:15",
    "calendarYear": "2009",
    "period": "Q4",
    "revenue": 1375184000,
    "costOfRevenue": 562105000,
    "grossProfit": 813079000,
    "grossProfitRatio": 0.5912510617,
    "researchAndDevelopmentExpenses": 56665000,
    "generalAndAdministrativeExpenses": 23125000,
    "sellingAndMarketingExpenses": 133644000,
    "sellingGeneralAndAdministrativeExpenses": 156769000,
    "otherExpenses": 356046000,
    "operatingExpenses": 569480000,
    "costAndExpenses": 1131585000,
    "interestIncome": 410000,
    "interestExpense": 16776000,
    "depreciationAndAmortization": 50325000,
    "ebitda": 293498000,
    "ebitdaratio": 0.2134245308,
    "operatingIncome": 243599000,
    "operatingIncomeRatio": 0.1771392046,
    "totalOtherIncomeExpensesNet": -17202000,
    "incomeBeforeTax": 226397000,
    "incomeBeforeTaxRatio": 0.1646303331,
    "incomeTaxExpense": 60834000,
    "netIncome": 165563000,
    "netIncomeRatio": 0.1203933437,
    "eps": 1.18,
    "epsdiluted": 1.18,
    "weightedAverageShsOut": 138506000,
    "weightedAverageShsOutDil": 139814000,
    "link": "https://www.sec.gov/Archives/edgar/data/46080/000095012310016315/0000950123-10-016315-index.htm",
    "finalLink": "https://www.sec.gov/Archives/edgar/data/46080/000095012310016315/b78678e10vk.htm"
  },
  {
    "date": "2009-09-27",
    "symbol": "HAS",
    "reportedCurrency": "USD",
    "cik": "0000046080",
    "fillingDate": "2009-10-30",
    "acceptedDate": "2009-10-30 12:24:21",
    "calendarYear": "2009",
    "period": "Q3",
    "revenue": 1279221000,
    "costOfRevenue": 649751000,
    "grossProfit": 629470000,
    "grossProfitRatio": 0.49207291,
    "researchAndDevelopmentExpenses": 43870000,
    "generalAndAdministrativeExpenses": 198986000,
    "sellingAndMarketingExpenses": 134950000,
    "sellingGeneralAndAdministrativeExpenses": 333936000,
    "otherExpenses": 20955000,
    "operatingExpenses": 398761000,
    "costAndExpenses": 1048512000,
    "interestIncome": 444000,
    "interestExpense": 17609000,
    "depreciationAndAmortization": 51449000,
    "ebitda": 286917000,
    "ebitdaratio": 0.224290408,
    "operatingIncome": 230709000,
    "operatingIncomeRatio": 0.1803511668,
    "totalOtherIncomeExpensesNet": -12850000,
    "incomeBeforeTax": 217859000,
    "incomeBeforeTaxRatio": 0.1703059909,
    "incomeTaxExpense": 67497000,
    "netIncome": 150362000,
    "netIncomeRatio": 0.1175418477,
    "eps": 1.08,
    "epsdiluted": 0.99,
    "weightedAverageShsOut": 139814000,
    "weightedAverageShsOutDil": 152921000,
    "link": "https://www.sec.gov/Archives/edgar/data/46080/000004608009000086/0000046080-09-000086-index.htm",
    "finalLink": "https://www.sec.gov/Archives/edgar/data/46080/000004608009000086/q32009.htm"
  },
  {
    "date": "2009-06-28",
    "symbol": "HAS",
    "reportedCurrency": "USD",
    "cik": "0000046080",
    "fillingDate": "2009-07-31",
    "acceptedDate": "2009-07-31 13:18:16",
    "calendarYear": "2009",
    "period": "Q2",
    "revenue": 792202000,
    "costOfRevenue": 393278000,
    "grossProfit": 398924000,
    "grossProfitRatio": 0.5035634851,
    "researchAndDevelopmentExpenses": 43529000,
    "generalAndAdministrativeExpenses": 181853000,
    "sellingAndMarketingExpenses": 81677000,
    "sellingGeneralAndAdministrativeExpenses": 263530000,
    "otherExpenses": 18792000,
    "operatingExpenses": 325851000,
    "costAndExpenses": 719129000,
    "interestIncome": 739000,
    "interestExpense": 17503000,
    "depreciationAndAmortization": 44074000,
    "ebitda": 118431000,
    "ebitdaratio": 0.1494959619,
    "operatingIncome": 73073000,
    "operatingIncomeRatio": 0.0922403629,
    "totalOtherIncomeExpensesNet": -16219000,
    "incomeBeforeTax": 56854000,
    "incomeBeforeTaxRatio": 0.0717670493,
    "incomeTaxExpense": 17579000,
    "netIncome": 39275000,
    "netIncomeRatio": 0.0495770018,
    "eps": 0.28,
    "epsdiluted": 0.26,
    "weightedAverageShsOut": 139967000,
    "weightedAverageShsOutDil": 152979000,
    "link": "https://www.sec.gov/Archives/edgar/data/46080/000004608009000074/0000046080-09-000074-index.htm",
    "finalLink": "https://www.sec.gov/Archives/edgar/data/46080/000004608009000074/q22009.htm"
  },
  {
    "date": "2009-03-31",
    "symbol": "HAS",
    "reportedCurrency": "USD",
    "cik": "0000046080",
    "fillingDate": "2009-03-31",
    "acceptedDate": "2009-03-31 00:00:00",
    "calendarYear": "2009",
    "period": "Q1",
    "revenue": 621340000,
    "costOfRevenue": 299206000,
    "grossProfit": 322134000,
    "grossProfitRatio": 0.5184504458,
    "researchAndDevelopmentExpenses": 37131000,
    "generalAndAdministrativeExpenses": 161590000,
    "sellingAndMarketingExpenses": 62309000,
    "sellingGeneralAndAdministrativeExpenses": 223899000,
    "otherExpenses": 19887000,
    "operatingExpenses": 280917000,
    "costAndExpenses": 580123000,
    "interestIncome": 1265000,
    "interestExpense": 9715000,
    "depreciationAndAmortization": 35115000,
    "ebitda": 73417000,
    "ebitdaratio": 0.1181591399,
    "operatingIncome": 41217000,
    "operatingIncomeRatio": 0.0663356616,
    "totalOtherIncomeExpensesNet": -12630000,
    "incomeBeforeTax": 28587000,
    "incomeBeforeTaxRatio": 0.0460086265,
    "incomeTaxExpense": 8857000,
    "netIncome": 19730000,
    "netIncomeRatio": 0.0317539511,
    "eps": 0.14,
    "epsdiluted": 0.14,
    "weightedAverageShsOut": 140047000,
    "weightedAverageShsOutDil": 140047000,
    "link": null,
    "finalLink": null
  },
  {
    "date": "2008-12-28",
    "symbol": "HAS",
    "reportedCurrency": "USD",
    "cik": "0000046080",
    "fillingDate": "2009-02-25",
    "acceptedDate": "2009-02-25 14:38:10",
    "calendarYear": "2008",
    "period": "Q4",
    "revenue": 1231053000,
    "costOfRevenue": 539510000,
    "grossProfit": 691543000,
    "grossProfitRatio": 0.5617491692,
    "researchAndDevelopmentExpenses": 54229000,
    "generalAndAdministrativeExpenses": 13107000,
    "sellingAndMarketingExpenses": 140169000,
    "sellingGeneralAndAdministrativeExpenses": 153276000,
    "otherExpenses": 332429000,
    "operatingExpenses": 539934000,
    "costAndExpenses": 1079444000,
    "interestIncome": 0,
    "interestExpense": 0,
    "depreciationAndAmortization": 42756000,
    "ebitda": 188267000,
    "ebitdaratio": 0.1529316772,
    "operatingIncome": 151609000,
    "operatingIncomeRatio": 0.1231539178,
    "totalOtherIncomeExpensesNet": -23029000,
    "incomeBeforeTax": 128580000,
    "incomeBeforeTaxRatio": 0.1044471684,
    "incomeTaxExpense": 34999000,
    "netIncome": 93581000,
    "netIncomeRatio": 0.0760170358,
    "eps": 0.66,
    "epsdiluted": 0.66,
    "weightedAverageShsOut": 139320000,
    "weightedAverageShsOutDil": 141050000,
    "link": "https://www.sec.gov/Archives/edgar/data/46080/000095013509001151/0000950135-09-001151-index.htm",
    "finalLink": "https://www.sec.gov/Archives/edgar/data/46080/000095013509001151/b73438hie10vk.htm"
  },
  {
    "date": "2008-09-28",
    "symbol": "HAS",
    "reportedCurrency": "USD",
    "cik": "0000046080",
    "fillingDate": "2008-10-31",
    "acceptedDate": "2008-10-31 13:02:50",
    "calendarYear": "2008",
    "period": "Q3",
    "revenue": 1301961000,
    "costOfRevenue": 573835000,
    "grossProfit": 728126000,
    "grossProfitRatio": 0.559253311,
    "researchAndDevelopmentExpenses": 49993000,
    "generalAndAdministrativeExpenses": 291242000,
    "sellingAndMarketingExpenses": 151226000,
    "sellingGeneralAndAdministrativeExpenses": 442468000,
    "otherExpenses": 19740000,
    "operatingExpenses": 512201000,
    "costAndExpenses": 1086036000,
    "interestIncome": 3428000,
    "interestExpense": 11729000,
    "depreciationAndAmortization": 48528000,
    "ebitda": 261777000,
    "ebitdaratio": 0.2010636263,
    "operatingIncome": 215925000,
    "operatingIncomeRatio": 0.1658459816,
    "totalOtherIncomeExpensesNet": -14405000,
    "incomeBeforeTax": 201520000,
    "incomeBeforeTaxRatio": 0.1547819021,
    "incomeTaxExpense": 63291000,
    "netIncome": 138229000,
    "netIncomeRatio": 0.1061698469,
    "eps": 0.98,
    "epsdiluted": 0.89,
    "weightedAverageShsOut": 141567000,
    "weightedAverageShsOutDil": 156180000,
    "link": "https://www.sec.gov/Archives/edgar/data/46080/000004608008000099/0000046080-08-000099-index.htm",
    "finalLink": "https://www.sec.gov/Archives/edgar/data/46080/000004608008000099/q32008.htm"
  },
  {
    "date": "2008-06-29",
    "symbol": "HAS",
    "reportedCurrency": "USD",
    "cik": "0000046080",
    "fillingDate": "2008-08-01",
    "acceptedDate": "2008-08-01 12:01:04",
    "calendarYear": "2008",
    "period": "Q2",
    "revenue": 784286000,
    "costOfRevenue": 308222000,
    "grossProfit": 476064000,
    "grossProfitRatio": 0.6070030576,
    "researchAndDevelopmentExpenses": 45432000,
    "generalAndAdministrativeExpenses": 190078000,
    "sellingAndMarketingExpenses": 86234000,
    "sellingGeneralAndAdministrativeExpenses": 276312000,
    "otherExpenses": 88811000,
    "operatingExpenses": 410555000,
    "costAndExpenses": 718777000,
    "interestIncome": 4432000,
    "interestExpense": 12950000,
    "depreciationAndAmortization": 41103000,
    "ebitda": 109338000,
    "ebitdaratio": 0.1394108782,
    "operatingIncome": 65509000,
    "operatingIncomeRatio": 0.0835269277,
    "totalOtherIncomeExpensesNet": -10224000,
    "incomeBeforeTax": 55285000,
    "incomeBeforeTaxRatio": 0.0704908669,
    "incomeTaxExpense": 17799000,
    "netIncome": 37486000,
    "netIncomeRatio": 0.0477963396,
    "eps": 0.27,
    "epsdiluted": 0.25,
    "weightedAverageShsOut": 139967000,
    "weightedAverageShsOutDil": 149944000,
    "link": "https://www.sec.gov/Archives/edgar/data/46080/000004608008000078/0000046080-08-000078-index.htm",
    "finalLink": "https://www.sec.gov/Archives/edgar/data/46080/000004608008000078/q22008.htm"
  },
  {
    "date": "2008-03-31",
    "symbol": "HAS",
    "reportedCurrency": "USD",
    "cik": "0000046080",
    "fillingDate": "2008-03-31",
    "acceptedDate": "2008-03-31 00:00:00",
    "calendarYear": "2008",
    "period": "Q1",
    "revenue": 704220000,
    "costOfRevenue": 271161000,
    "grossProfit": 433059000,
    "grossProfitRatio": 0.6149484536,
    "researchAndDevelopmentExpenses": 41770000,
    "generalAndAdministrativeExpenses": 176193000,
    "sellingAndMarketingExpenses": 76983000,
    "sellingGeneralAndAdministrativeExpenses": 253176000,
    "otherExpenses": 76860000,
    "operatingExpenses": 371806000,
    "costAndExpenses": 642967000,
    "interestIncome": 0,
    "interestExpense": 0,
    "depreciationAndAmortization": 33751000,
    "ebitda": 95004000,
    "ebitdaratio": 0.1349067053,
    "operatingIncome": 61253000,
    "operatingIncomeRatio": 0.086979921,
    "totalOtherIncomeExpensesNet": -5583000,
    "incomeBeforeTax": 55670000,
    "incomeBeforeTaxRatio": 0.0790520008,
    "incomeTaxExpense": 18200000,
    "netIncome": 37470000,
    "netIncomeRatio": 0.0532078044,
    "eps": 0.26,
    "epsdiluted": 0.25,
    "weightedAverageShsOut": 142314000,
    "weightedAverageShsOutDil": 156246000,
    "link": null,
    "finalLink": null
  },
  {
    "date": "2007-12-30",
    "symbol": "HAS",
    "reportedCurrency": "USD",
    "cik": "0000046080",
    "fillingDate": "2008-02-27",
    "acceptedDate": "2008-02-27 15:50:41",
    "calendarYear": "2007",
    "period": "Q4",
    "revenue": 1297844000,
    "costOfRevenue": 538935000,
    "grossProfit": 758909000,
    "grossProfitRatio": 0.5847459325,
    "researchAndDevelopmentExpenses": 49631000,
    "generalAndAdministrativeExpenses": 28709000,
    "sellingAndMarketingExpenses": 149459000,
    "sellingGeneralAndAdministrativeExpenses": 178168000,
    "otherExpenses": 331001000,
    "operatingExpenses": 558800000,
    "costAndExpenses": 1097735000,
    "interestIncome": 0,
    "interestExpense": 0,
    "depreciationAndAmortization": 36224000,
    "ebitda": 236333000,
    "ebitdaratio": 0.1820966156,
    "operatingIncome": 200109000,
    "operatingIncomeRatio": 0.1541857111,
    "totalOtherIncomeExpensesNet": -13209000,
    "incomeBeforeTax": 186900000,
    "incomeBeforeTaxRatio": 0.1440080626,
    "incomeTaxExpense": 53168000,
    "netIncome": 133732000,
    "netIncomeRatio": 0.1030416599,
    "eps": 0.83,
    "epsdiluted": 0.83,
    "weightedAverageShsOut": 161100000,
    "weightedAverageShsOutDil": 161100000,
    "link": "https://www.sec.gov/Archives/edgar/data/46080/000095013508001244/0000950135-08-001244-index.htm",
    "finalLink": "https://www.sec.gov/Archives/edgar/data/46080/000095013508001244/b68106hie10vk.htm"
  },
  {
    "date": "2007-09-30",
    "symbol": "HAS",
    "reportedCurrency": "USD",
    "cik": "0000046080",
    "fillingDate": "2007-11-02",
    "acceptedDate": "2007-11-02 13:06:27",
    "calendarYear": "2007",
    "period": "Q3",
    "revenue": 1223038000,
    "costOfRevenue": 521022000,
    "grossProfit": 702016000,
    "grossProfitRatio": 0.5739936126,
    "researchAndDevelopmentExpenses": 43466000,
    "generalAndAdministrativeExpenses": 292170000,
    "sellingAndMarketingExpenses": 138653000,
    "sellingGeneralAndAdministrativeExpenses": 430823000,
    "otherExpenses": 17990000,
    "operatingExpenses": 492279000,
    "costAndExpenses": 1013301000,
    "interestIncome": 0,
    "interestExpense": 0,
    "depreciationAndAmortization": 46140000,
    "ebitda": 255877000,
    "ebitdaratio": 0.2092142681,
    "operatingIncome": 209737000,
    "operatingIncomeRatio": 0.1714885392,
    "totalOtherIncomeExpensesNet": -5816000,
    "incomeBeforeTax": 203921000,
    "incomeBeforeTaxRatio": 0.1667331677,
    "incomeTaxExpense": 42341000,
    "netIncome": 161580000,
    "netIncomeRatio": 0.1321136383,
    "eps": 1.04,
    "epsdiluted": 0.95,
    "weightedAverageShsOut": 155365385,
    "weightedAverageShsOutDil": 170084211,
    "link": "https://www.sec.gov/Archives/edgar/data/46080/000004608007000110/0000046080-07-000110-index.htm",
    "finalLink": "https://www.sec.gov/Archives/edgar/data/46080/000004608007000110/q32007.htm"
  },
  {
    "date": "2007-07-01",
    "symbol": "HAS",
    "reportedCurrency": "USD",
    "cik": "0000046080",
    "fillingDate": "2007-08-10",
    "acceptedDate": "2007-08-10 11:23:03",
    "calendarYear": "2007",
    "period": "Q2",
    "revenue": 691408000,
    "costOfRevenue": 273212000,
    "grossProfit": 418196000,
    "grossProfitRatio": 0.6048469211,
    "researchAndDevelopmentExpenses": 38787000,
    "generalAndAdministrativeExpenses": 227063000,
    "sellingAndMarketingExpenses": 78995000,
    "sellingGeneralAndAdministrativeExpenses": 306058000,
    "otherExpenses": 17574000,
    "operatingExpenses": 362419000,
    "costAndExpenses": 635631000,
    "interestIncome": 0,
    "interestExpense": 0,
    "depreciationAndAmortization": 39338000,
    "ebitda": 95115000,
    "ebitdaratio": 0.1375671094,
    "operatingIncome": 55777000,
    "operatingIncomeRatio": 0.080671615,
    "totalOtherIncomeExpensesNet": -33816000,
    "incomeBeforeTax": 21961000,
    "incomeBeforeTaxRatio": 0.0317627219,
    "incomeTaxExpense": 17160000,
    "netIncome": 4801000,
    "netIncomeRatio": 0.0069438016,
    "eps": 0.03,
    "epsdiluted": 0.03,
    "weightedAverageShsOut": 160033333,
    "weightedAverageShsOutDil": 160033333,
    "link": "https://www.sec.gov/Archives/edgar/data/46080/000004608007000089/0000046080-07-000089-index.htm",
    "finalLink": "https://www.sec.gov/Archives/edgar/data/46080/000004608007000089/q22007.htm"
  },
  {
    "date": "2007-04-01",
    "symbol": "HAS",
    "reportedCurrency": "USD",
    "cik": "0000046080",
    "fillingDate": "2007-05-03",
    "acceptedDate": "2007-05-03 17:01:56",
    "calendarYear": "2007",
    "period": "Q1",
    "revenue": 625267000,
    "costOfRevenue": 243452000,
    "grossProfit": 381815000,
    "grossProfitRatio": 0.6106431333,
    "researchAndDevelopmentExpenses": 35310000,
    "generalAndAdministrativeExpenses": 156925000,
    "sellingAndMarketingExpenses": 67635000,
    "sellingGeneralAndAdministrativeExpenses": 224560000,
    "otherExpenses": 68218000,
    "operatingExpenses": 328088000,
    "costAndExpenses": 571540000,
    "interestIncome": 0,
    "interestExpense": 0,
    "depreciationAndAmortization": 34818000,
    "ebitda": 88545000,
    "ebitdaratio": 0.1416115036,
    "operatingIncome": 53727000,
    "operatingIncomeRatio": 0.0859264922,
    "totalOtherIncomeExpensesNet": -4127000,
    "incomeBeforeTax": 49600000,
    "incomeBeforeTaxRatio": 0.0793261119,
    "incomeTaxExpense": 16710000,
    "netIncome": 32890000,
    "netIncomeRatio": 0.0526015286,
    "eps": 0.2,
    "epsdiluted": 0.19,
    "weightedAverageShsOut": 160924000,
    "weightedAverageShsOutDil": 176661000,
    "link": "https://www.sec.gov/Archives/edgar/data/46080/000004608007000046/0000046080-07-000046-index.htm",
    "finalLink": "https://www.sec.gov/Archives/edgar/data/46080/000004608007000046/q10710q.htm"
  },
  {
    "date": "2006-12-31",
    "symbol": "HAS",
    "reportedCurrency": "USD",
    "cik": "0000046080",
    "fillingDate": "2007-02-28",
    "acceptedDate": "2007-02-28 16:43:45",
    "calendarYear": "2006",
    "period": "Q4",
    "revenue": 1116398000,
    "costOfRevenue": 445913000,
    "grossProfit": 670485000,
    "grossProfitRatio": 0.6005788258,
    "researchAndDevelopmentExpenses": 49143000,
    "generalAndAdministrativeExpenses": 218573000,
    "sellingAndMarketingExpenses": 126847000,
    "sellingGeneralAndAdministrativeExpenses": 345420000,
    "otherExpenses": 83229000,
    "operatingExpenses": 477792000,
    "costAndExpenses": 923705000,
    "interestIncome": 0,
    "interestExpense": 0,
    "depreciationAndAmortization": 34840000,
    "ebitda": 227533000,
    "ebitdaratio": 0.2038099316,
    "operatingIncome": 192693000,
    "operatingIncomeRatio": 0.1726024232,
    "totalOtherIncomeExpensesNet": -22144000,
    "incomeBeforeTax": 170549000,
    "incomeBeforeTaxRatio": 0.1527672031,
    "incomeTaxExpense": 62267000,
    "netIncome": 108282000,
    "netIncomeRatio": 0.0969922913,
    "eps": 0.62,
    "epsdiluted": 0.62,
    "weightedAverageShsOut": 174700000,
    "weightedAverageShsOutDil": 174700000,
    "link": "https://www.sec.gov/Archives/edgar/data/46080/000095013507001259/0000950135-07-001259-index.htm",
    "finalLink": "https://www.sec.gov/Archives/edgar/data/46080/000095013507001259/b63637hoe10vk.htm"
  },
  {
    "date": "2006-10-01",
    "symbol": "HAS",
    "reportedCurrency": "USD",
    "cik": "0000046080",
    "fillingDate": "2006-11-02",
    "acceptedDate": "2006-11-02 16:20:36",
    "calendarYear": "2006",
    "period": "Q3",
    "revenue": 1039138000,
    "costOfRevenue": 461511000,
    "grossProfit": 577627000,
    "grossProfitRatio": 0.5558713087,
    "researchAndDevelopmentExpenses": 44445000,
    "generalAndAdministrativeExpenses": 169302000,
    "sellingAndMarketingExpenses": 126829000,
    "sellingGeneralAndAdministrativeExpenses": 296131000,
    "otherExpenses": 71854000,
    "operatingExpenses": 412430000,
    "costAndExpenses": 873941000,
    "interestIncome": 0,
    "interestExpense": 0,
    "depreciationAndAmortization": 42539000,
    "ebitda": 207736000,
    "ebitdaratio": 0.19991185,
    "operatingIncome": 165197000,
    "operatingIncomeRatio": 0.1589750351,
    "totalOtherIncomeExpensesNet": -21321000,
    "incomeBeforeTax": 143876000,
    "incomeBeforeTaxRatio": 0.1384570673,
    "incomeTaxExpense": 44292000,
    "netIncome": 99584000,
    "netIncomeRatio": 0.0958332772,
    "eps": 0.62,
    "epsdiluted": 0.58,
    "weightedAverageShsOut": 160619355,
    "weightedAverageShsOutDil": 171696552,
    "link": "https://www.sec.gov/Archives/edgar/data/46080/000004608006000093/0000046080-06-000093-index.htm",
    "finalLink": "https://www.sec.gov/Archives/edgar/data/46080/000004608006000093/q32006.htm"
  },
  {
    "date": "2006-07-02",
    "symbol": "HAS",
    "reportedCurrency": "USD",
    "cik": "0000046080",
    "fillingDate": "2006-08-07",
    "acceptedDate": "2006-08-07 16:48:04",
    "calendarYear": "2006",
    "period": "Q2",
    "revenue": 527764000,
    "costOfRevenue": 210369000,
    "grossProfit": 317395000,
    "grossProfitRatio": 0.6013956996,
    "researchAndDevelopmentExpenses": 39606000,
    "generalAndAdministrativeExpenses": 147384000,
    "sellingAndMarketingExpenses": 60466000,
    "sellingGeneralAndAdministrativeExpenses": 207850000,
    "otherExpenses": 49340000,
    "operatingExpenses": 296796000,
    "costAndExpenses": 507165000,
    "interestIncome": 0,
    "interestExpense": 0,
    "depreciationAndAmortization": 37481000,
    "ebitda": 58080000,
    "ebitdaratio": 0.1100491887,
    "operatingIncome": 20599000,
    "operatingIncomeRatio": 0.0390307031,
    "totalOtherIncomeExpensesNet": 11903000,
    "incomeBeforeTax": 32502000,
    "incomeBeforeTaxRatio": 0.0615843445,
    "incomeTaxExpense": 5414000,
    "netIncome": 27088000,
    "netIncomeRatio": 0.0513259715,
    "eps": 0.16,
    "epsdiluted": 0.07,
    "weightedAverageShsOut": 169300000,
    "weightedAverageShsOutDil": 177029000,
    "link": "https://www.sec.gov/Archives/edgar/data/46080/000004608006000076/0000046080-06-000076-index.htm",
    "finalLink": "https://www.sec.gov/Archives/edgar/data/46080/000004608006000076/q22006.htm"
  },
  {
    "date": "2006-04-02",
    "symbol": "HAS",
    "reportedCurrency": "USD",
    "cik": "0000046080",
    "fillingDate": "2006-05-05",
    "acceptedDate": "2006-05-05 12:32:03",
    "calendarYear": "2006",
    "period": "Q1",
    "revenue": 468181000,
    "costOfRevenue": 186092000,
    "grossProfit": 282089000,
    "grossProfitRatio": 0.6025212471,
    "researchAndDevelopmentExpenses": 38164000,
    "generalAndAdministrativeExpenses": 146955000,
    "sellingAndMarketingExpenses": 54854000,
    "sellingGeneralAndAdministrativeExpenses": 201809000,
    "otherExpenses": 44242000,
    "operatingExpenses": 284215000,
    "costAndExpenses": 470307000,
    "interestIncome": 0,
    "interestExpense": 0,
    "depreciationAndAmortization": 31847000,
    "ebitda": 29721000,
    "ebitdaratio": 0.0634818585,
    "operatingIncome": -2126000,
    "operatingIncomeRatio": -0.0045409788,
    "totalOtherIncomeExpensesNet": -3327000,
    "incomeBeforeTax": -5453000,
    "incomeBeforeTaxRatio": -0.0116472048,
    "incomeTaxExpense": -554000,
    "netIncome": -4899000,
    "netIncomeRatio": -0.0104639018,
    "eps": -0.0277,
    "epsdiluted": -0.0277,
    "weightedAverageShsOut": 177029000,
    "weightedAverageShsOutDil": 177029000,
    "link": "https://www.sec.gov/Archives/edgar/data/46080/000004608006000039/0000046080-06-000039-index.htm",
    "finalLink": "https://www.sec.gov/Archives/edgar/data/46080/000004608006000039/f10q106clean.htm"
  },
  {
    "date": "2005-12-25",
    "symbol": "HAS",
    "reportedCurrency": "USD",
    "cik": "0000046080",
    "fillingDate": "2006-02-22",
    "acceptedDate": "2006-02-22 16:56:09",
    "calendarYear": "2005",
    "period": "Q4",
    "revenue": 1072243000,
    "costOfRevenue": 450755000,
    "grossProfit": 621488000,
    "grossProfitRatio": 0.5796148821,
    "researchAndDevelopmentExpenses": 43644000,
    "generalAndAdministrativeExpenses": 184639000,
    "sellingAndMarketingExpenses": 128362000,
    "sellingGeneralAndAdministrativeExpenses": 313001000,
    "otherExpenses": 111260000,
    "operatingExpenses": 467905000,
    "costAndExpenses": 918660000,
    "interestIncome": 0,
    "interestExpense": 0,
    "depreciationAndAmortization": 42755000,
    "ebitda": 196338000,
    "ebitdaratio": 0.1831096123,
    "operatingIncome": 153583000,
    "operatingIncomeRatio": 0.1432352554,
    "totalOtherIncomeExpensesNet": 1539000,
    "incomeBeforeTax": 155122000,
    "incomeBeforeTaxRatio": 0.1446705644,
    "incomeTaxExpense": 60851000,
    "netIncome": 94271000,
    "netIncomeRatio": 0.0879194362,
    "eps": 0.48,
    "epsdiluted": 0.48,
    "weightedAverageShsOut": 196900000,
    "weightedAverageShsOutDil": 196900000,
    "link": "https://www.sec.gov/Archives/edgar/data/46080/000095013506001133/0000950135-06-001133-index.htm",
    "finalLink": "https://www.sec.gov/Archives/edgar/data/46080/000095013506001133/b58828hce10vk.htm"
  },
  {
    "date": "2005-09-25",
    "symbol": "HAS",
    "reportedCurrency": "USD",
    "cik": "0000046080",
    "fillingDate": "2005-10-28",
    "acceptedDate": "2005-10-28 16:11:17",
    "calendarYear": "2005",
    "period": "Q3",
    "revenue": 988052000,
    "costOfRevenue": 444775000,
    "grossProfit": 543277000,
    "grossProfitRatio": 0.5498465668,
    "researchAndDevelopmentExpenses": 39387000,
    "generalAndAdministrativeExpenses": 162061000,
    "sellingAndMarketingExpenses": 118845000,
    "sellingGeneralAndAdministrativeExpenses": 280906000,
    "otherExpenses": 94706000,
    "operatingExpenses": 414999000,
    "costAndExpenses": 859774000,
    "interestIncome": 0,
    "interestExpense": 0,
    "depreciationAndAmortization": 53744000,
    "ebitda": 182022000,
    "ebitdaratio": 0.1842230976,
    "operatingIncome": 128278000,
    "operatingIncomeRatio": 0.1298291993,
    "totalOtherIncomeExpensesNet": -1952000,
    "incomeBeforeTax": 126326000,
    "incomeBeforeTaxRatio": 0.1278535948,
    "incomeTaxExpense": 34263000,
    "netIncome": 92063000,
    "netIncomeRatio": 0.0931762701,
    "eps": 0.51,
    "epsdiluted": 0.47,
    "weightedAverageShsOut": 180515686,
    "weightedAverageShsOutDil": 195878723,
    "link": "https://www.sec.gov/Archives/edgar/data/46080/000004608005000092/0000046080-05-000092-index.htm",
    "finalLink": "https://www.sec.gov/Archives/edgar/data/46080/000004608005000092/q32005final.htm"
  },
  {
    "date": "2005-06-26",
    "symbol": "HAS",
    "reportedCurrency": "USD",
    "cik": "0000046080",
    "fillingDate": "2005-07-29",
    "acceptedDate": "2005-07-29 11:28:27",
    "calendarYear": "2005",
    "period": "Q2",
    "revenue": 572388000,
    "costOfRevenue": 224766000,
    "grossProfit": 347622000,
    "grossProfitRatio": 0.6073188117,
    "researchAndDevelopmentExpenses": 36514000,
    "generalAndAdministrativeExpenses": 141289000,
    "sellingAndMarketingExpenses": 64974000,
    "sellingGeneralAndAdministrativeExpenses": 206263000,
    "otherExpenses": 77725000,
    "operatingExpenses": 320502000,
    "costAndExpenses": 545268000,
    "interestIncome": 0,
    "interestExpense": 0,
    "depreciationAndAmortization": 45517000,
    "ebitda": 72637000,
    "ebitdaratio": 0.1269016821,
    "operatingIncome": 27120000,
    "operatingIncomeRatio": 0.0473804482,
    "totalOtherIncomeExpensesNet": 5570000,
    "incomeBeforeTax": 32690000,
    "incomeBeforeTaxRatio": 0.0571116096,
    "incomeTaxExpense": 3236000,
    "netIncome": 29454000,
    "netIncomeRatio": 0.0514581018,
    "eps": 0.17,
    "epsdiluted": 0.13,
    "weightedAverageShsOut": 173258824,
    "weightedAverageShsOutDil": 226569231,
    "link": "https://www.sec.gov/Archives/edgar/data/46080/000004608005000075/0000046080-05-000075-index.htm",
    "finalLink": "https://www.sec.gov/Archives/edgar/data/46080/000004608005000075/q22005final.htm"
  },
  {
    "date": "2005-03-27",
    "symbol": "HAS",
    "reportedCurrency": "USD",
    "cik": "0000046080",
    "fillingDate": "2005-04-28",
    "acceptedDate": "2005-04-27 17:53:43",
    "calendarYear": "2005",
    "period": "Q1",
    "revenue": 454944000,
    "costOfRevenue": 165975000,
    "grossProfit": 288969000,
    "grossProfitRatio": 0.6351748787,
    "researchAndDevelopmentExpenses": 31041000,
    "generalAndAdministrativeExpenses": 136571000,
    "sellingAndMarketingExpenses": 54190000,
    "sellingGeneralAndAdministrativeExpenses": 190761000,
    "otherExpenses": 65627000,
    "operatingExpenses": 287429000,
    "costAndExpenses": 453404000,
    "interestIncome": 0,
    "interestExpense": 0,
    "depreciationAndAmortization": 38116000,
    "ebitda": 39656000,
    "ebitdaratio": 0.0871667722,
    "operatingIncome": 1540000,
    "operatingIncomeRatio": 0.003385032,
    "totalOtherIncomeExpensesNet": -4765000,
    "incomeBeforeTax": -3225000,
    "incomeBeforeTaxRatio": -0.0070887846,
    "incomeTaxExpense": 488000,
    "netIncome": -3713000,
    "netIncomeRatio": -0.008161444,
    "eps": -0.0209,
    "epsdiluted": -0.0209,
    "weightedAverageShsOut": 177763000,
    "weightedAverageShsOutDil": 177763000,
    "link": "https://www.sec.gov/Archives/edgar/data/46080/000004608005000035/0000046080-05-000035-index.htm",
    "finalLink": "https://www.sec.gov/Archives/edgar/data/46080/000004608005000035/f10q105final.htm"
  },
  {
    "date": "2004-12-26",
    "symbol": "HAS",
    "reportedCurrency": "USD",
    "cik": "0000046080",
    "fillingDate": "2005-03-09",
    "acceptedDate": "2005-03-09 15:51:02",
    "calendarYear": "2004",
    "period": "Q4",
    "revenue": 1059518000,
    "costOfRevenue": 434126000,
    "grossProfit": 625392000,
    "grossProfitRatio": 0.5902608545,
    "researchAndDevelopmentExpenses": 48526000,
    "generalAndAdministrativeExpenses": 53649000,
    "sellingAndMarketingExpenses": 143772000,
    "sellingGeneralAndAdministrativeExpenses": 197421000,
    "otherExpenses": 245874000,
    "operatingExpenses": 491821000,
    "costAndExpenses": 925947000,
    "interestIncome": 0,
    "interestExpense": 0,
    "depreciationAndAmortization": 43161000,
    "ebitda": 176732000,
    "ebitdaratio": 0.1668041506,
    "operatingIncome": 133571000,
    "operatingIncomeRatio": 0.1260677025,
    "totalOtherIncomeExpensesNet": -24042000,
    "incomeBeforeTax": 109529000,
    "incomeBeforeTaxRatio": 0.1033762522,
    "incomeTaxExpense": 27610000,
    "netIncome": 81919000,
    "netIncomeRatio": 0.0773172329,
    "eps": 0.41,
    "epsdiluted": 0.41,
    "weightedAverageShsOut": 201900000,
    "weightedAverageShsOutDil": 201900000,
    "link": "https://www.sec.gov/Archives/edgar/data/46080/000104746905005891/0001047469-05-005891-index.htm",
    "finalLink": "https://www.sec.gov/Archives/edgar/data/46080/000104746905005891/a2152676z10-k.htm"
  },
  {
    "date": "2004-09-26",
    "symbol": "HAS",
    "reportedCurrency": "USD",
    "cik": "0000046080",
    "fillingDate": "2004-10-29",
    "acceptedDate": "2004-10-29 17:14:11",
    "calendarYear": "2004",
    "period": "Q3",
    "revenue": 947312000,
    "costOfRevenue": 423458000,
    "grossProfit": 523854000,
    "grossProfitRatio": 0.5529899336,
    "researchAndDevelopmentExpenses": 39257000,
    "generalAndAdministrativeExpenses": 151179000,
    "sellingAndMarketingExpenses": 129403000,
    "sellingGeneralAndAdministrativeExpenses": 280582000,
    "otherExpenses": 81975000,
    "operatingExpenses": 401814000,
    "costAndExpenses": 825272000,
    "interestIncome": 0,
    "interestExpense": 0,
    "depreciationAndAmortization": 42159000,
    "ebitda": 164199000,
    "ebitdaratio": 0.1733314895,
    "operatingIncome": 122040000,
    "operatingIncomeRatio": 0.1288276724,
    "totalOtherIncomeExpensesNet": -2744000,
    "incomeBeforeTax": 119296000,
    "incomeBeforeTaxRatio": 0.1259310554,
    "incomeTaxExpense": 30609000,
    "netIncome": 88687000,
    "netIncomeRatio": 0.0936196311,
    "eps": 0.5,
    "epsdiluted": 0.43,
    "weightedAverageShsOut": 177374000,
    "weightedAverageShsOutDil": 206248837,
    "link": "https://www.sec.gov/Archives/edgar/data/46080/000004608004000096/0000046080-04-000096-index.htm",
    "finalLink": "https://www.sec.gov/Archives/edgar/data/46080/000004608004000096/q3_2004.htm"
  },
  {
    "date": "2004-06-27",
    "symbol": "HAS",
    "reportedCurrency": "USD",
    "cik": "0000046080",
    "fillingDate": "2004-07-30",
    "acceptedDate": "2004-07-30 10:58:27",
    "calendarYear": "2004",
    "period": "Q2",
    "revenue": 516433000,
    "costOfRevenue": 207350000,
    "grossProfit": 309083000,
    "grossProfitRatio": 0.5984958359,
    "researchAndDevelopmentExpenses": 37696000,
    "generalAndAdministrativeExpenses": 139867000,
    "sellingAndMarketingExpenses": 59018000,
    "sellingGeneralAndAdministrativeExpenses": 198885000,
    "otherExpenses": 49773000,
    "operatingExpenses": 286354000,
    "costAndExpenses": 493704000,
    "interestIncome": 0,
    "interestExpense": 0,
    "depreciationAndAmortization": 32952000,
    "ebitda": 55681000,
    "ebitdaratio": 0.1078184392,
    "operatingIncome": 22729000,
    "operatingIncomeRatio": 0.0440115175,
    "totalOtherIncomeExpensesNet": 123000,
    "incomeBeforeTax": 22852000,
    "incomeBeforeTaxRatio": 0.0442496897,
    "incomeTaxExpense": 4013000,
    "netIncome": 18839000,
    "netIncomeRatio": 0.0364790786,
    "eps": 0.11,
    "epsdiluted": 0.06,
    "weightedAverageShsOut": 171263636,
    "weightedAverageShsOutDil": 175742000,
    "link": "https://www.sec.gov/Archives/edgar/data/46080/000004608004000077/0000046080-04-000077-index.htm",
    "finalLink": "https://www.sec.gov/Archives/edgar/data/46080/000004608004000077/q2_2004.htm"
  },
  {
    "date": "2004-03-28",
    "symbol": "HAS",
    "reportedCurrency": "USD",
    "cik": "0000046080",
    "fillingDate": "2004-04-30",
    "acceptedDate": "2004-04-30 16:31:13",
    "calendarYear": "2004",
    "period": "Q1",
    "revenue": 474247000,
    "costOfRevenue": 186723000,
    "grossProfit": 287524000,
    "grossProfitRatio": 0.6062747893,
    "researchAndDevelopmentExpenses": 31683000,
    "generalAndAdministrativeExpenses": 137959000,
    "sellingAndMarketingExpenses": 55330000,
    "sellingGeneralAndAdministrativeExpenses": 193289000,
    "otherExpenses": 47880000,
    "operatingExpenses": 272852000,
    "costAndExpenses": 459575000,
    "interestIncome": 0,
    "interestExpense": 0,
    "depreciationAndAmortization": 28980000,
    "ebitda": 43652000,
    "ebitdaratio": 0.0920448627,
    "operatingIncome": 14672000,
    "operatingIncomeRatio": 0.0309374651,
    "totalOtherIncomeExpensesNet": -6261000,
    "incomeBeforeTax": 8411000,
    "incomeBeforeTaxRatio": 0.0177354838,
    "incomeTaxExpense": 1879000,
    "netIncome": 6532000,
    "netIncomeRatio": 0.0137734134,
    "eps": 0.04,
    "epsdiluted": 0.03,
    "weightedAverageShsOut": 175742000,
    "weightedAverageShsOutDil": 175742000,
    "link": "https://www.sec.gov/Archives/edgar/data/46080/000004608004000045/0000046080-04-000045-index.htm",
    "finalLink": "https://www.sec.gov/Archives/edgar/data/46080/000004608004000045/q104_10q.htm"
  },
  {
    "date": "2003-12-28",
    "symbol": "HAS",
    "reportedCurrency": "USD",
    "cik": "0000046080",
    "fillingDate": "2004-03-12",
    "acceptedDate": "2004-03-12 14:11:34",
    "calendarYear": "2003",
    "period": "Q4",
    "revenue": 1124349000,
    "costOfRevenue": 465049000,
    "grossProfit": 659300000,
    "grossProfitRatio": 0.5863837652,
    "researchAndDevelopmentExpenses": 40767000,
    "generalAndAdministrativeExpenses": 464143000,
    "sellingAndMarketingExpenses": 137973000,
    "sellingGeneralAndAdministrativeExpenses": 602116000,
    "otherExpenses": -146859000,
    "operatingExpenses": 496024000,
    "costAndExpenses": 961073000,
    "interestIncome": 0,
    "interestExpense": 0,
    "depreciationAndAmortization": 54589000,
    "ebitda": 217865000,
    "ebitdaratio": 0.193769906,
    "operatingIncome": 163276000,
    "operatingIncomeRatio": 0.1452182552,
    "totalOtherIncomeExpensesNet": -54605000,
    "incomeBeforeTax": 108671000,
    "incomeBeforeTaxRatio": 0.096652374,
    "incomeTaxExpense": 32077000,
    "netIncome": 76594000,
    "netIncomeRatio": 0.0681229761,
    "eps": 0.4,
    "epsdiluted": 0.4,
    "weightedAverageShsOut": 189800000,
    "weightedAverageShsOutDil": 189800000,
    "link": "https://www.sec.gov/Archives/edgar/data/46080/000104746904007655/0001047469-04-007655-index.htm",
    "finalLink": "https://www.sec.gov/Archives/edgar/data/46080/000104746904007655/a2130162z10-k.htm"
  },
  {
    "date": "2003-09-28",
    "symbol": "HAS",
    "reportedCurrency": "USD",
    "cik": "0000046080",
    "fillingDate": "2003-11-07",
    "acceptedDate": "2003-11-07 15:30:50",
    "calendarYear": "2003",
    "period": "Q3",
    "revenue": 971071000,
    "costOfRevenue": 419869000,
    "grossProfit": 551202000,
    "grossProfitRatio": 0.5676227588,
    "researchAndDevelopmentExpenses": 38811000,
    "generalAndAdministrativeExpenses": 168505000,
    "sellingAndMarketingExpenses": 105039000,
    "sellingGeneralAndAdministrativeExpenses": 273544000,
    "otherExpenses": 101854000,
    "operatingExpenses": 414209000,
    "costAndExpenses": 834078000,
    "interestIncome": 0,
    "interestExpense": 0,
    "depreciationAndAmortization": 39580000,
    "ebitda": 176573000,
    "ebitdaratio": 0.1818332542,
    "operatingIncome": 136993000,
    "operatingIncomeRatio": 0.1410741336,
    "totalOtherIncomeExpensesNet": -18869000,
    "incomeBeforeTax": 118124000,
    "incomeBeforeTaxRatio": 0.1216430107,
    "incomeTaxExpense": 32309000,
    "netIncome": 68464000,
    "netIncomeRatio": 0.0705035986,
    "eps": 0.39,
    "epsdiluted": 0.38,
    "weightedAverageShsOut": 175548718,
    "weightedAverageShsOutDil": 180168421,
    "link": "https://www.sec.gov/Archives/edgar/data/46080/000004608003000044/0000046080-03-000044-index.htm",
    "finalLink": "https://www.sec.gov/Archives/edgar/data/46080/000004608003000044/q3_2003.htm"
  },
  {
    "date": "2003-06-29",
    "symbol": "HAS",
    "reportedCurrency": "USD",
    "cik": "0000046080",
    "fillingDate": "2003-08-13",
    "acceptedDate": "2003-08-13 13:07:23",
    "calendarYear": "2003",
    "period": "Q2",
    "revenue": 581469000,
    "costOfRevenue": 230807000,
    "grossProfit": 350662000,
    "grossProfitRatio": 0.6030622441,
    "researchAndDevelopmentExpenses": 33105000,
    "generalAndAdministrativeExpenses": 150420000,
    "sellingAndMarketingExpenses": 67686000,
    "sellingGeneralAndAdministrativeExpenses": 218106000,
    "otherExpenses": 71060000,
    "operatingExpenses": 322271000,
    "costAndExpenses": 553078000,
    "interestIncome": 0,
    "interestExpense": 0,
    "depreciationAndAmortization": 39207000,
    "ebitda": 67598000,
    "ebitdaratio": 0.116253833,
    "operatingIncome": 28391000,
    "operatingIncomeRatio": 0.0488263347,
    "totalOtherIncomeExpensesNet": -12751000,
    "incomeBeforeTax": 15640000,
    "incomeBeforeTaxRatio": 0.0268973926,
    "incomeTaxExpense": 4223000,
    "netIncome": 11417000,
    "netIncomeRatio": 0.0196347527,
    "eps": 0.07,
    "epsdiluted": 0.06,
    "weightedAverageShsOut": 163100000,
    "weightedAverageShsOutDil": 190283333,
    "link": "https://www.sec.gov/Archives/edgar/data/46080/000004608003000022/0000046080-03-000022-index.htm",
    "finalLink": "https://www.sec.gov/Archives/edgar/data/46080/000004608003000022/q2_2003.htm"
  },
  {
    "date": "2003-03-30",
    "symbol": "HAS",
    "reportedCurrency": "USD",
    "cik": "0000046080",
    "fillingDate": "2003-05-14",
    "acceptedDate": "2003-05-13 17:57:05",
    "calendarYear": "2003",
    "period": "Q1",
    "revenue": 461768000,
    "costOfRevenue": 172237000,
    "grossProfit": 289531000,
    "grossProfitRatio": 0.627005336,
    "researchAndDevelopmentExpenses": 30500000,
    "generalAndAdministrativeExpenses": 139899000,
    "sellingAndMarketingExpenses": 53178000,
    "sellingGeneralAndAdministrativeExpenses": 193077000,
    "otherExpenses": 49998000,
    "operatingExpenses": 273575000,
    "costAndExpenses": 445812000,
    "interestIncome": 0,
    "interestExpense": 0,
    "depreciationAndAmortization": 30747000,
    "ebitda": 46703000,
    "ebitdaratio": 0.1011395333,
    "operatingIncome": 15956000,
    "operatingIncomeRatio": 0.0345541484,
    "totalOtherIncomeExpensesNet": -14327000,
    "incomeBeforeTax": 1629000,
    "incomeBeforeTaxRatio": 0.0035277455,
    "incomeTaxExpense": 440000,
    "netIncome": 1189000,
    "netIncomeRatio": 0.0025748861,
    "eps": 0.01,
    "epsdiluted": 0.01,
    "weightedAverageShsOut": 172918000,
    "weightedAverageShsOutDil": 178689000,
    "link": "https://www.sec.gov/Archives/edgar/data/46080/000004608003000013/0000046080-03-000013-index.htm",
    "finalLink": "https://www.sec.gov/Archives/edgar/data/46080/000004608003000013/q1_2003.htm"
  },
  {
    "date": "2002-12-29",
    "symbol": "HAS",
    "reportedCurrency": "USD",
    "cik": "0000046080",
    "fillingDate": "2003-03-28",
    "acceptedDate": "2003-03-28 14:02:04",
    "calendarYear": "2002",
    "period": "Q4",
    "revenue": 997441000,
    "costOfRevenue": 393665000,
    "grossProfit": 603776000,
    "grossProfitRatio": 0.6053250267,
    "researchAndDevelopmentExpenses": 47105000,
    "generalAndAdministrativeExpenses": 507796000,
    "sellingAndMarketingExpenses": 108242000,
    "sellingGeneralAndAdministrativeExpenses": 616038000,
    "otherExpenses": -174285000,
    "operatingExpenses": 488858000,
    "costAndExpenses": 882523000,
    "interestIncome": 0,
    "interestExpense": 0,
    "depreciationAndAmortization": 49991000,
    "ebitda": 164909000,
    "ebitdaratio": 0.1653320848,
    "operatingIncome": 114918000,
    "operatingIncomeRatio": 0.1152128296,
    "totalOtherIncomeExpensesNet": -28265000,
    "incomeBeforeTax": 86653000,
    "incomeBeforeTaxRatio": 0.0868753139,
    "incomeTaxExpense": 24497000,
    "netIncome": 62156000,
    "netIncomeRatio": 0.0623154653,
    "eps": 0.36,
    "epsdiluted": 0.36,
    "weightedAverageShsOut": 172191919,
    "weightedAverageShsOutDil": 173200000,
    "link": "https://www.sec.gov/Archives/edgar/data/46080/000104746903010819/0001047469-03-010819-index.htm",
    "finalLink": "https://www.sec.gov/Archives/edgar/data/46080/000104746903010819/a2105770z10-k.htm"
  },
  {
    "date": "2002-09-29",
    "symbol": "HAS",
    "reportedCurrency": "USD",
    "cik": "0000046080",
    "fillingDate": "2002-11-07",
    "acceptedDate": "2002-11-07 16:33:23",
    "calendarYear": "2002",
    "period": "Q3",
    "revenue": 820532000,
    "costOfRevenue": 342918000,
    "grossProfit": 477614000,
    "grossProfitRatio": 0.5820784564,
    "researchAndDevelopmentExpenses": 36687000,
    "generalAndAdministrativeExpenses": 153821000,
    "sellingAndMarketingExpenses": 82911000,
    "sellingGeneralAndAdministrativeExpenses": 236732000,
    "otherExpenses": 107478000,
    "operatingExpenses": 380897000,
    "costAndExpenses": 723815000,
    "interestIncome": 0,
    "interestExpense": 0,
    "depreciationAndAmortization": 49374000,
    "ebitda": 146091000,
    "ebitdaratio": 0.1780442445,
    "operatingIncome": 96717000,
    "operatingIncomeRatio": 0.1178710885,
    "totalOtherIncomeExpensesNet": -21247000,
    "incomeBeforeTax": 75470000,
    "incomeBeforeTaxRatio": 0.0919769125,
    "incomeTaxExpense": 19622000,
    "netIncome": 55848000,
    "netIncomeRatio": 0.068063159,
    "eps": 0.32,
    "epsdiluted": 0.32,
    "weightedAverageShsOut": 174525000,
    "weightedAverageShsOutDil": 174525000,
    "link": "https://www.sec.gov/Archives/edgar/data/46080/000004608002000011/0000046080-02-000011-index.htm",
    "finalLink": "https://www.sec.gov/Archives/edgar/data/46080/000004608002000011/q30210q.htm"
  },
  {
    "date": "2002-06-30",
    "symbol": "HAS",
    "reportedCurrency": "USD",
    "cik": "0000046080",
    "fillingDate": "2002-08-13",
    "acceptedDate": "2002-08-13 12:10:31",
    "calendarYear": "2002",
    "period": "Q2",
    "revenue": 545990000,
    "costOfRevenue": 196165000,
    "grossProfit": 349825000,
    "grossProfitRatio": 0.6407168629,
    "researchAndDevelopmentExpenses": 36770000,
    "generalAndAdministrativeExpenses": 152069000,
    "sellingAndMarketingExpenses": 58507000,
    "sellingGeneralAndAdministrativeExpenses": 210576000,
    "otherExpenses": 88478000,
    "operatingExpenses": 335824000,
    "costAndExpenses": 531989000,
    "interestIncome": 0,
    "interestExpense": 0,
    "depreciationAndAmortization": 46074000,
    "ebitda": 60075000,
    "ebitdaratio": 0.1100294877,
    "operatingIncome": 14001000,
    "operatingIncomeRatio": 0.0256433268,
    "totalOtherIncomeExpensesNet": -48984000,
    "incomeBeforeTax": -34983000,
    "incomeBeforeTaxRatio": -0.0640726021,
    "incomeTaxExpense": -9095000,
    "netIncome": -25888000,
    "netIncomeRatio": -0.0474147878,
    "eps": -0.15,
    "epsdiluted": -0.15,
    "weightedAverageShsOut": 172586667,
    "weightedAverageShsOutDil": 172586667,
    "link": "https://www.sec.gov/Archives/edgar/data/46080/000004608002000008/0000046080-02-000008-index.htm",
    "finalLink": "https://www.sec.gov/Archives/edgar/data/46080/000004608002000008/q2_10q.htm"
  },
  {
    "date": "2002-03-31",
    "symbol": "HAS",
    "reportedCurrency": "USD",
    "cik": "0000046080",
    "fillingDate": "2002-05-15",
    "acceptedDate": "2002-05-15 12:26:29",
    "calendarYear": "2002",
    "period": "Q1",
    "revenue": 452267000,
    "costOfRevenue": 166414000,
    "grossProfit": 285853000,
    "grossProfitRatio": 0.6320447877,
    "researchAndDevelopmentExpenses": 84669000,
    "generalAndAdministrativeExpenses": 139191000,
    "sellingAndMarketingExpenses": 46889000,
    "sellingGeneralAndAdministrativeExpenses": 186080000,
    "otherExpenses": 21449000,
    "operatingExpenses": 292198000,
    "costAndExpenses": 458612000,
    "interestIncome": 0,
    "interestExpense": 0,
    "depreciationAndAmortization": 38399000,
    "ebitda": 32054000,
    "ebitdaratio": 0.0708740633,
    "operatingIncome": -6345000,
    "operatingIncomeRatio": -0.0140293234,
    "totalOtherIncomeExpensesNet": -16707000,
    "incomeBeforeTax": -23052000,
    "incomeBeforeTaxRatio": -0.0509698917,
    "incomeTaxExpense": -5994000,
    "netIncome": -17058000,
    "netIncomeRatio": -0.0377166585,
    "eps": -0.1,
    "epsdiluted": -0.1,
    "weightedAverageShsOut": 170580000,
    "weightedAverageShsOutDil": 170580000,
    "link": "https://www.sec.gov/Archives/edgar/data/46080/000004608002000005/0000046080-02-000005-index.htm",
    "finalLink": "https://www.sec.gov/Archives/edgar/data/46080/000004608002000005/q1_10q.txt"
  },
  {
    "date": "2001-12-30",
    "symbol": "HAS",
    "reportedCurrency": "USD",
    "cik": "0000046080",
    "fillingDate": "2002-03-29",
    "acceptedDate": "2002-03-29 00:00:00",
    "calendarYear": "2001",
    "period": "Q4",
    "revenue": 988729000,
    "costOfRevenue": 427515000,
    "grossProfit": 561214000,
    "grossProfitRatio": 0.5676115498,
    "researchAndDevelopmentExpenses": 111573000,
    "generalAndAdministrativeExpenses": 194628000,
    "sellingAndMarketingExpenses": 101496000,
    "sellingGeneralAndAdministrativeExpenses": 296124000,
    "otherExpenses": 31813000,
    "operatingExpenses": 439510000,
    "costAndExpenses": 867025000,
    "interestIncome": 0,
    "interestExpense": 0,
    "depreciationAndAmortization": 68477000,
    "ebitda": 188386000,
    "ebitdaratio": 0.1905335031,
    "operatingIncome": 121704000,
    "operatingIncomeRatio": 0.1230913627,
    "totalOtherIncomeExpensesNet": -37730000,
    "incomeBeforeTax": 83974000,
    "incomeBeforeTaxRatio": 0.0849312602,
    "incomeTaxExpense": 31489000,
    "netIncome": 52485000,
    "netIncomeRatio": 0.0530833019,
    "eps": 0.3,
    "epsdiluted": 0.3,
    "weightedAverageShsOut": 174100000,
    "weightedAverageShsOutDil": 174100000,
    "link": "https://www.sec.gov/Archives/edgar/data/46080/000091205702012556/0000912057-02-012556-index.htm",
    "finalLink": "https://www.sec.gov/Archives/edgar/data/46080/000091205702012556/a2073921z10-k405.htm"
  },
  {
    "date": "2001-09-30",
    "symbol": "HAS",
    "reportedCurrency": "USD",
    "cik": "0000046080",
    "fillingDate": "2001-11-08",
    "acceptedDate": "2001-11-08 00:00:00",
    "calendarYear": "2001",
    "period": "Q3",
    "revenue": 893353000,
    "costOfRevenue": 402155000,
    "grossProfit": 491198000,
    "grossProfitRatio": 0.5498364029,
    "researchAndDevelopmentExpenses": 97182000,
    "generalAndAdministrativeExpenses": 169826000,
    "sellingAndMarketingExpenses": 90655000,
    "sellingGeneralAndAdministrativeExpenses": 260481000,
    "otherExpenses": 29761000,
    "operatingExpenses": 387424000,
    "costAndExpenses": 789579000,
    "interestIncome": 0,
    "interestExpense": 0,
    "depreciationAndAmortization": 57517000,
    "ebitda": 161291000,
    "ebitdaratio": 0.1805456522,
    "operatingIncome": 103774000,
    "operatingIncomeRatio": 0.1161623681,
    "totalOtherIncomeExpensesNet": -29360000,
    "incomeBeforeTax": 74414000,
    "incomeBeforeTaxRatio": 0.0832974199,
    "incomeTaxExpense": 23812000,
    "netIncome": 50602000,
    "netIncomeRatio": 0.0566427829,
    "eps": 0.29,
    "epsdiluted": 0.29,
    "weightedAverageShsOut": 174489655,
    "weightedAverageShsOutDil": 174489655,
    "link": "https://www.sec.gov/Archives/edgar/data/46080/000004608001500017/0000046080-01-500017-index.htm",
    "finalLink": "https://www.sec.gov/Archives/edgar/data/46080/000004608001500017/q30110q.htm"
  },
  {
    "date": "2001-07-01",
    "symbol": "HAS",
    "reportedCurrency": "USD",
    "cik": "0000046080",
    "fillingDate": "2001-08-14",
    "acceptedDate": "2001-08-14 00:00:00",
    "calendarYear": "2001",
    "period": "Q2",
    "revenue": 510971000,
    "costOfRevenue": 204008000,
    "grossProfit": 306963000,
    "grossProfitRatio": 0.600744465,
    "researchAndDevelopmentExpenses": 69868000,
    "generalAndAdministrativeExpenses": 157209000,
    "sellingAndMarketingExpenses": 51065000,
    "sellingGeneralAndAdministrativeExpenses": 208274000,
    "otherExpenses": 28862000,
    "operatingExpenses": 307004000,
    "costAndExpenses": 511012000,
    "interestIncome": 0,
    "interestExpense": 0,
    "depreciationAndAmortization": 51371000,
    "ebitda": 51330000,
    "ebitdaratio": 0.1004557989,
    "operatingIncome": -41000,
    "operatingIncomeRatio": -0.0000802394,
    "totalOtherIncomeExpensesNet": -26916000,
    "incomeBeforeTax": -26957000,
    "incomeBeforeTaxRatio": -0.0527564187,
    "incomeTaxExpense": -8626000,
    "netIncome": -18331000,
    "netIncomeRatio": -0.0358748344,
    "eps": -0.11,
    "epsdiluted": -0.11,
    "weightedAverageShsOut": 166645455,
    "weightedAverageShsOutDil": 171933000,
    "link": "https://www.sec.gov/Archives/edgar/data/46080/000004608001500015/0000046080-01-500015-index.htm",
    "finalLink": "https://www.sec.gov/Archives/edgar/data/46080/000004608001500015/q201q.htm"
  },
  {
    "date": "2001-04-01",
    "symbol": "HAS",
    "reportedCurrency": "USD",
    "cik": "0000046080",
    "fillingDate": "2001-05-16",
    "acceptedDate": "2001-05-16 00:00:00",
    "calendarYear": "2001",
    "period": "Q1",
    "revenue": 463286000,
    "costOfRevenue": 189805000,
    "grossProfit": 273481000,
    "grossProfitRatio": 0.5903070673,
    "researchAndDevelopmentExpenses": 56735000,
    "generalAndAdministrativeExpenses": 153819000,
    "sellingAndMarketingExpenses": 47613000,
    "sellingGeneralAndAdministrativeExpenses": 201432000,
    "otherExpenses": 29421000,
    "operatingExpenses": 287588000,
    "costAndExpenses": 477393000,
    "interestIncome": 0,
    "interestExpense": 0,
    "depreciationAndAmortization": 48534000,
    "ebitda": 34427000,
    "ebitdaratio": 0.0743104691,
    "operatingIncome": -14107000,
    "operatingIncomeRatio": -0.0304498733,
    "totalOtherIncomeExpensesNet": -21125000,
    "incomeBeforeTax": -35232000,
    "incomeBeforeTaxRatio": -0.0760480567,
    "incomeTaxExpense": -11274000,
    "netIncome": -25024000,
    "netIncomeRatio": -0.0540141511,
    "eps": -0.15,
    "epsdiluted": -0.15,
    "weightedAverageShsOut": 171933000,
    "weightedAverageShsOutDil": 171933000,
    "link": "https://www.sec.gov/Archives/edgar/data/46080/000004608001500005/0000046080-01-500005-index.htm",
    "finalLink": "https://www.sec.gov/Archives/edgar/data/46080/000004608001500005/q110q01.txt"
  },
  {
    "date": "2000-12-31",
    "symbol": "HAS",
    "reportedCurrency": "USD",
    "cik": "0000046080",
    "fillingDate": "2001-04-02",
    "acceptedDate": "2001-04-02 00:00:00",
    "calendarYear": "2000",
    "period": "Q4",
    "revenue": 1162744000,
    "costOfRevenue": 588359000,
    "grossProfit": 574385000,
    "grossProfitRatio": 0.4939909387,
    "researchAndDevelopmentExpenses": 209265000,
    "generalAndAdministrativeExpenses": 0,
    "sellingAndMarketingExpenses": 0,
    "sellingGeneralAndAdministrativeExpenses": 408299000,
    "otherExpenses": 86853000,
    "operatingExpenses": 704417000,
    "costAndExpenses": 1292776000,
    "interestIncome": 0,
    "interestExpense": 0,
    "depreciationAndAmortization": 86853000,
    "ebitda": -43179000,
    "ebitdaratio": -0.0371354314,
    "operatingIncome": -130032000,
    "operatingIncomeRatio": -0.1118320112,
    "totalOtherIncomeExpensesNet": -147344000,
    "incomeBeforeTax": -277376000,
    "incomeBeforeTaxRatio": -0.2385529403,
    "incomeTaxExpense": -97286000,
    "netIncome": -180090000,
    "netIncomeRatio": -0.1548836201,
    "eps": -1.05,
    "epsdiluted": -1.05,
    "weightedAverageShsOut": 171900000,
    "weightedAverageShsOutDil": 171900000,
    "link": "https://www.sec.gov/Archives/edgar/data/46080/000004608001000003/0000046080-01-000003-index.htm",
    "finalLink": "https://www.sec.gov/Archives/edgar/data/46080/000004608001000003/0000046080-01-000003-0001.txt"
  },
  {
    "date": "2000-10-01",
    "symbol": "HAS",
    "reportedCurrency": "USD",
    "cik": "0000046080",
    "fillingDate": "2000-10-30",
    "acceptedDate": "2000-10-30 00:00:00",
    "calendarYear": "2000",
    "period": "Q3",
    "revenue": 1072617000,
    "costOfRevenue": 429940000,
    "grossProfit": 642677000,
    "grossProfitRatio": 0.5991672703,
    "researchAndDevelopmentExpenses": 164912000,
    "generalAndAdministrativeExpenses": 0,
    "sellingAndMarketingExpenses": 0,
    "sellingGeneralAndAdministrativeExpenses": 357374000,
    "otherExpenses": 63456000,
    "operatingExpenses": 585742000,
    "costAndExpenses": 1015682000,
    "interestIncome": 0,
    "interestExpense": 0,
    "depreciationAndAmortization": 63456000,
    "ebitda": 120391000,
    "ebitdaratio": 0.1122404362,
    "operatingIncome": 56935000,
    "operatingIncomeRatio": 0.0530804565,
    "totalOtherIncomeExpensesNet": -36889000,
    "incomeBeforeTax": 20046000,
    "incomeBeforeTaxRatio": 0.0186888703,
    "incomeTaxExpense": 6214000,
    "netIncome": 13832000,
    "netIncomeRatio": 0.0128955629,
    "eps": 0.08,
    "epsdiluted": 0.08,
    "weightedAverageShsOut": 172900000,
    "weightedAverageShsOutDil": 172900000,
    "link": "https://www.sec.gov/Archives/edgar/data/46080/000004608000000016/0000046080-00-000016-index.htm",
    "finalLink": "https://www.sec.gov/Archives/edgar/data/46080/000004608000000016/0000046080-00-000016-0001.txt"
  },
  {
    "date": "2000-07-02",
    "symbol": "HAS",
    "reportedCurrency": "USD",
    "cik": "0000046080",
    "fillingDate": "2000-08-16",
    "acceptedDate": "2000-08-16 00:00:00",
    "calendarYear": "2000",
    "period": "Q2",
    "revenue": 778373000,
    "costOfRevenue": 271340000,
    "grossProfit": 507033000,
    "grossProfitRatio": 0.6514010635,
    "researchAndDevelopmentExpenses": 135150000,
    "generalAndAdministrativeExpenses": 0,
    "sellingAndMarketingExpenses": 0,
    "sellingGeneralAndAdministrativeExpenses": 276706000,
    "otherExpenses": 58631000,
    "operatingExpenses": 470487000,
    "costAndExpenses": 741827000,
    "interestIncome": 0,
    "interestExpense": 0,
    "depreciationAndAmortization": 58631000,
    "ebitda": 95177000,
    "ebitdaratio": 0.1222768518,
    "operatingIncome": 36546000,
    "operatingIncomeRatio": 0.0469517828,
    "totalOtherIncomeExpensesNet": -27125000,
    "incomeBeforeTax": 9421000,
    "incomeBeforeTaxRatio": 0.0121034517,
    "incomeTaxExpense": 2921000,
    "netIncome": 6500000,
    "netIncomeRatio": 0.0083507521,
    "eps": 0.04,
    "epsdiluted": 0.04,
    "weightedAverageShsOut": 162500000,
    "weightedAverageShsOutDil": 162500000,
    "link": "https://www.sec.gov/Archives/edgar/data/46080/000004608000000013/0000046080-00-000013-index.htm",
    "finalLink": "https://www.sec.gov/Archives/edgar/data/46080/000004608000000013/0000046080-00-000013-0001.txt"
  },
  {
    "date": "2000-04-02",
    "symbol": "HAS",
    "reportedCurrency": "USD",
    "cik": "0000046080",
    "fillingDate": "2000-05-17",
    "acceptedDate": "2000-05-17 00:00:00",
    "calendarYear": "2000",
    "period": "Q1",
    "revenue": 773481000,
    "costOfRevenue": 277876000,
    "grossProfit": 495605000,
    "grossProfitRatio": 0.6407461851,
    "researchAndDevelopmentExpenses": 126039000,
    "generalAndAdministrativeExpenses": 0,
    "sellingAndMarketingExpenses": 0,
    "sellingGeneralAndAdministrativeExpenses": 274095000,
    "otherExpenses": 55281000,
    "operatingExpenses": 455415000,
    "costAndExpenses": 733291000,
    "interestIncome": 0,
    "interestExpense": 0,
    "depreciationAndAmortization": 55281000,
    "ebitda": 95471000,
    "ebitdaratio": 0.1234303105,
    "operatingIncome": 40190000,
    "operatingIncomeRatio": 0.0519599059,
    "totalOtherIncomeExpensesNet": -18267000,
    "incomeBeforeTax": 21923000,
    "incomeBeforeTaxRatio": 0.0283432948,
    "incomeTaxExpense": 6796000,
    "netIncome": 15127000,
    "netIncomeRatio": 0.0195570415,
    "eps": 0.08,
    "epsdiluted": 0.08,
    "weightedAverageShsOut": 189563000,
    "weightedAverageShsOutDil": 189563000,
    "link": "https://www.sec.gov/Archives/edgar/data/46080/000004608000000008/0000046080-00-000008-index.html",
    "finalLink": "https://www.sec.gov/Archives/edgar/data/46080/000004608000000008/"
  },
  {
    "date": "1999-12-26",
    "symbol": "HAS",
    "reportedCurrency": "USD",
    "cik": "0000046080",
    "fillingDate": "2000-03-24",
    "acceptedDate": "2000-03-24 00:00:00",
    "calendarYear": "1999",
    "period": "Q4",
    "revenue": 1591100000,
    "costOfRevenue": 625400000,
    "grossProfit": 965700000,
    "grossProfitRatio": 0.6069385959,
    "researchAndDevelopmentExpenses": 249300000,
    "generalAndAdministrativeExpenses": 0,
    "sellingAndMarketingExpenses": 0,
    "sellingGeneralAndAdministrativeExpenses": 441700000,
    "otherExpenses": 111800000,
    "operatingExpenses": 802800000,
    "costAndExpenses": 1428200000,
    "interestIncome": 0,
    "interestExpense": 0,
    "depreciationAndAmortization": 111800000,
    "ebitda": 274700000,
    "ebitdaratio": 0.1726478537,
    "operatingIncome": 162900000,
    "operatingIncomeRatio": 0.1023819999,
    "totalOtherIncomeExpensesNet": -79300000,
    "incomeBeforeTax": 83600000,
    "incomeBeforeTaxRatio": 0.0525422664,
    "incomeTaxExpense": 25900000,
    "netIncome": 57700000,
    "netIncomeRatio": 0.0362642197,
    "eps": 0.29,
    "epsdiluted": 0.29,
    "weightedAverageShsOut": 191470996,
    "weightedAverageShsOutDil": 196400000,
    "link": "https://www.sec.gov/Archives/edgar/data/46080/000004608000000003/0000046080-00-000003-index.html",
    "finalLink": "https://www.sec.gov/Archives/edgar/data/46080/000004608000000003/"
  },
  {
    "date": "1999-09-26",
    "symbol": "HAS",
    "reportedCurrency": "USD",
    "cik": "0000046080",
    "fillingDate": "1999-11-10",
    "acceptedDate": "1999-11-10 00:00:00",
    "calendarYear": "1999",
    "period": "Q3",
    "revenue": 1098200000,
    "costOfRevenue": 415900000,
    "grossProfit": 682300000,
    "grossProfitRatio": 0.6212893826,
    "researchAndDevelopmentExpenses": 170800000,
    "generalAndAdministrativeExpenses": 0,
    "sellingAndMarketingExpenses": 0,
    "sellingGeneralAndAdministrativeExpenses": 311100000,
    "otherExpenses": 59200000,
    "operatingExpenses": 541100000,
    "costAndExpenses": 957000000,
    "interestIncome": 0,
    "interestExpense": 0,
    "depreciationAndAmortization": 59200000,
    "ebitda": 200400000,
    "ebitdaratio": 0.1824804225,
    "operatingIncome": 141200000,
    "operatingIncomeRatio": 0.1285740302,
    "totalOtherIncomeExpensesNet": -17700000,
    "incomeBeforeTax": 123500000,
    "incomeBeforeTaxRatio": 0.1124567474,
    "incomeTaxExpense": 38300000,
    "netIncome": 85200000,
    "netIncomeRatio": 0.077581497,
    "eps": 0.44,
    "epsdiluted": 0.43,
    "weightedAverageShsOut": 193636364,
    "weightedAverageShsOutDil": 198139535,
    "link": "https://www.sec.gov/Archives/edgar/data/46080/000004608099000018/0000046080-99-000018-index.html",
    "finalLink": "https://www.sec.gov/Archives/edgar/data/46080/000004608099000018/"
  },
  {
    "date": "1999-06-27",
    "symbol": "HAS",
    "reportedCurrency": "USD",
    "cik": "0000046080",
    "fillingDate": "1999-08-11",
    "acceptedDate": "1999-08-11 00:00:00",
    "calendarYear": "1999",
    "period": "Q2",
    "revenue": 874600000,
    "costOfRevenue": 316800000,
    "grossProfit": 557800000,
    "grossProfitRatio": 0.6377772696,
    "researchAndDevelopmentExpenses": 179800000,
    "generalAndAdministrativeExpenses": 0,
    "sellingAndMarketingExpenses": 0,
    "sellingGeneralAndAdministrativeExpenses": 259700000,
    "otherExpenses": 60100000,
    "operatingExpenses": 499600000,
    "costAndExpenses": 816400000,
    "interestIncome": 0,
    "interestExpense": 0,
    "depreciationAndAmortization": 60100000,
    "ebitda": 118300000,
    "ebitdaratio": 0.135261834,
    "operatingIncome": 58200000,
    "operatingIncomeRatio": 0.0665447062,
    "totalOtherIncomeExpensesNet": -11400000,
    "incomeBeforeTax": 46800000,
    "incomeBeforeTaxRatio": 0.0535101761,
    "incomeTaxExpense": 14500000,
    "netIncome": 32300000,
    "netIncomeRatio": 0.0369311685,
    "eps": 0.17,
    "epsdiluted": 0.16,
    "weightedAverageShsOut": 190000000,
    "weightedAverageShsOutDil": 201875000,
    "link": "https://www.sec.gov/Archives/edgar/data/46080/000004608099000015/0000046080-99-000015-index.html",
    "finalLink": "https://www.sec.gov/Archives/edgar/data/46080/000004608099000015/"
  },
  {
    "date": "1999-03-28",
    "symbol": "HAS",
    "reportedCurrency": "USD",
    "cik": "0000046080",
    "fillingDate": "1999-05-12",
    "acceptedDate": "1999-05-12 00:00:00",
    "calendarYear": "1999",
    "period": "Q1",
    "revenue": 668398000,
    "costOfRevenue": 236200000,
    "grossProfit": 432198000,
    "grossProfitRatio": 0.6466177337,
    "researchAndDevelopmentExpenses": 111900000,
    "generalAndAdministrativeExpenses": 0,
    "sellingAndMarketingExpenses": 0,
    "sellingGeneralAndAdministrativeExpenses": 244400000,
    "otherExpenses": 46200000,
    "operatingExpenses": 402500000,
    "costAndExpenses": 638700000,
    "interestIncome": 0,
    "interestExpense": 0,
    "depreciationAndAmortization": 46200000,
    "ebitda": 75898000,
    "ebitdaratio": 0.1135521052,
    "operatingIncome": 29698000,
    "operatingIncomeRatio": 0.0444316111,
    "totalOtherIncomeExpensesNet": -9698000,
    "incomeBeforeTax": 20000000,
    "incomeBeforeTaxRatio": 0.0299222918,
    "incomeTaxExpense": 6200000,
    "netIncome": 13800000,
    "netIncomeRatio": 0.0206463813,
    "eps": 0.07,
    "epsdiluted": 0.07,
    "weightedAverageShsOut": 195898000,
    "weightedAverageShsOutDil": 195898000,
    "link": "https://www.sec.gov/Archives/edgar/data/46080/000004608099000008/0000046080-99-000008-index.html",
    "finalLink": "https://www.sec.gov/Archives/edgar/data/46080/"
  },
  {
    "date": "1998-12-27",
    "symbol": "HAS",
    "reportedCurrency": "USD",
    "cik": "0000046080",
    "fillingDate": "1999-03-29",
    "acceptedDate": "1999-03-29 00:00:00",
    "calendarYear": "1998",
    "period": "Q4",
    "revenue": 1304100000,
    "costOfRevenue": 484800000,
    "grossProfit": 819300000,
    "grossProfitRatio": 0.6282493674,
    "researchAndDevelopmentExpenses": 141500000,
    "generalAndAdministrativeExpenses": 0,
    "sellingAndMarketingExpenses": 0,
    "sellingGeneralAndAdministrativeExpenses": 400200000,
    "otherExpenses": 50400000,
    "operatingExpenses": 592100000,
    "costAndExpenses": 1076900000,
    "interestIncome": 0,
    "interestExpense": 0,
    "depreciationAndAmortization": 50400000,
    "ebitda": 277600000,
    "ebitdaratio": 0.2128671114,
    "operatingIncome": 227200000,
    "operatingIncomeRatio": 0.1742197684,
    "totalOtherIncomeExpensesNet": -33400000,
    "incomeBeforeTax": 193800000,
    "incomeBeforeTaxRatio": 0.1486082356,
    "incomeTaxExpense": 62000000,
    "netIncome": 131800000,
    "netIncomeRatio": 0.1010658692,
    "eps": 0.65,
    "epsdiluted": 0.65,
    "weightedAverageShsOut": 202500000,
    "weightedAverageShsOutDil": 202500000,
    "link": "https://www.sec.gov/Archives/edgar/data/46080/000004608099000005/0000046080-99-000005-index.html",
    "finalLink": "https://www.sec.gov/Archives/edgar/data/46080/"
  },
  {
    "date": "1998-09-27",
    "symbol": "HAS",
    "reportedCurrency": "USD",
    "cik": "0000046080",
    "fillingDate": "1998-11-12",
    "acceptedDate": "1998-11-12 00:00:00",
    "calendarYear": "1998",
    "period": "Q3",
    "revenue": 945500000,
    "costOfRevenue": 376800000,
    "grossProfit": 568700000,
    "grossProfitRatio": 0.601480698,
    "researchAndDevelopmentExpenses": 113800000,
    "generalAndAdministrativeExpenses": 0,
    "sellingAndMarketingExpenses": 0,
    "sellingGeneralAndAdministrativeExpenses": 290800000,
    "otherExpenses": 44900000,
    "operatingExpenses": 449500000,
    "costAndExpenses": 826300000,
    "interestIncome": 0,
    "interestExpense": 0,
    "depreciationAndAmortization": 44900000,
    "ebitda": 164100000,
    "ebitdaratio": 0.1735589635,
    "operatingIncome": 119200000,
    "operatingIncomeRatio": 0.126070862,
    "totalOtherIncomeExpensesNet": -29600000,
    "incomeBeforeTax": 89600000,
    "incomeBeforeTaxRatio": 0.0947646748,
    "incomeTaxExpense": 28300000,
    "netIncome": 61300000,
    "netIncomeRatio": 0.0648334215,
    "eps": 0.31,
    "epsdiluted": 0.3,
    "weightedAverageShsOut": 197741935,
    "weightedAverageShsOutDil": 204333333,
    "link": "https://www.sec.gov/Archives/edgar/data/46080/000004608098000019/0000046080-98-000019-index.html",
    "finalLink": "https://www.sec.gov/Archives/edgar/data/46080/"
  },
  {
    "date": "1998-06-28",
    "symbol": "HAS",
    "reportedCurrency": "USD",
    "cik": "0000046080",
    "fillingDate": "1998-08-12",
    "acceptedDate": "1998-08-12 00:00:00",
    "calendarYear": "1998",
    "period": "Q2",
    "revenue": 572100000,
    "costOfRevenue": 222800000,
    "grossProfit": 349300000,
    "grossProfitRatio": 0.6105575948,
    "researchAndDevelopmentExpenses": 82100000,
    "generalAndAdministrativeExpenses": 0,
    "sellingAndMarketingExpenses": 0,
    "sellingGeneralAndAdministrativeExpenses": 214700000,
    "otherExpenses": 40200000,
    "operatingExpenses": 337000000,
    "costAndExpenses": 559800000,
    "interestIncome": 0,
    "interestExpense": 0,
    "depreciationAndAmortization": 40200000,
    "ebitda": 52500000,
    "ebitdaratio": 0.0917671736,
    "operatingIncome": 12300000,
    "operatingIncomeRatio": 0.0214997378,
    "totalOtherIncomeExpensesNet": -4000000,
    "incomeBeforeTax": 8300000,
    "incomeBeforeTaxRatio": 0.0145079532,
    "incomeTaxExpense": 2800000,
    "netIncome": 5500000,
    "netIncomeRatio": 0.0096137039,
    "eps": 0.03,
    "epsdiluted": 0.03,
    "weightedAverageShsOut": 183333333,
    "weightedAverageShsOutDil": 183333333,
    "link": "https://www.sec.gov/Archives/edgar/data/46080/000004608098000011/0000046080-98-000011-index.html",
    "finalLink": "https://www.sec.gov/Archives/edgar/data/46080/"
  },
  {
    "date": "1998-03-29",
    "symbol": "HAS",
    "reportedCurrency": "USD",
    "cik": "0000046080",
    "fillingDate": "1998-05-13",
    "acceptedDate": "1998-05-13 00:00:00",
    "calendarYear": "1998",
    "period": "Q1",
    "revenue": 482800000,
    "costOfRevenue": 184700000,
    "grossProfit": 298100000,
    "grossProfitRatio": 0.6174399337,
    "researchAndDevelopmentExpenses": 67300000,
    "generalAndAdministrativeExpenses": 0,
    "sellingAndMarketingExpenses": 0,
    "sellingGeneralAndAdministrativeExpenses": 191000000,
    "otherExpenses": 33700000,
    "operatingExpenses": 292000000,
    "costAndExpenses": 476700000,
    "interestIncome": 0,
    "interestExpense": 0,
    "depreciationAndAmortization": 33700000,
    "ebitda": 39800000,
    "ebitdaratio": 0.0824357912,
    "operatingIncome": 6100000,
    "operatingIncomeRatio": 0.0126346313,
    "totalOtherIncomeExpensesNet": 5700000,
    "incomeBeforeTax": 11800000,
    "incomeBeforeTaxRatio": 0.0244407622,
    "incomeTaxExpense": 4000000,
    "netIncome": 7800000,
    "netIncomeRatio": 0.0161557581,
    "eps": 0.04,
    "epsdiluted": 0.04,
    "weightedAverageShsOut": 195000000,
    "weightedAverageShsOutDil": 195000000,
    "link": "https://www.sec.gov/Archives/edgar/data/46080/000004608098000009/0000046080-98-000009-index.html",
    "finalLink": "https://www.sec.gov/Archives/edgar/data/46080/"
  },
  {
    "date": "1997-12-28",
    "symbol": "HAS",
    "reportedCurrency": "USD",
    "cik": "0000046080",
    "fillingDate": "1998-03-27",
    "acceptedDate": "1998-03-27 00:00:00",
    "calendarYear": "1997",
    "period": "Q4",
    "revenue": 1133400000,
    "costOfRevenue": 434100000,
    "grossProfit": 699300000,
    "grossProfitRatio": 0.6169931181,
    "researchAndDevelopmentExpenses": 132600000,
    "generalAndAdministrativeExpenses": 0,
    "sellingAndMarketingExpenses": 0,
    "sellingGeneralAndAdministrativeExpenses": 341000000,
    "otherExpenses": 54400000,
    "operatingExpenses": 528000000,
    "costAndExpenses": 962100000,
    "interestIncome": 0,
    "interestExpense": 0,
    "depreciationAndAmortization": 54400000,
    "ebitda": 225700000,
    "ebitdaratio": 0.199135345,
    "operatingIncome": 171300000,
    "operatingIncomeRatio": 0.1511381683,
    "totalOtherIncomeExpensesNet": -142700000,
    "incomeBeforeTax": 28600000,
    "incomeBeforeTaxRatio": 0.0252338098,
    "incomeTaxExpense": 9700000,
    "netIncome": 18900000,
    "netIncomeRatio": 0.0166754897,
    "eps": 0.0876,
    "epsdiluted": 0.0876,
    "weightedAverageShsOut": 215700000,
    "weightedAverageShsOutDil": 215700000,
    "link": "https://www.sec.gov/Archives/edgar/data/46080/000004608098000005/0000046080-98-000005-index.html",
    "finalLink": "https://www.sec.gov/Archives/edgar/data/46080/"
  },
  {
    "date": "1997-09-28",
    "symbol": "HAS",
    "reportedCurrency": "USD",
    "cik": "0000046080",
    "fillingDate": "1997-11-07",
    "acceptedDate": "1997-11-07 00:00:00",
    "calendarYear": "1997",
    "period": "Q3",
    "revenue": 915500000,
    "costOfRevenue": 378000000,
    "grossProfit": 537500000,
    "grossProfitRatio": 0.5871108684,
    "researchAndDevelopmentExpenses": 102600000,
    "generalAndAdministrativeExpenses": 0,
    "sellingAndMarketingExpenses": 0,
    "sellingGeneralAndAdministrativeExpenses": 272400000,
    "otherExpenses": 36700000,
    "operatingExpenses": 411700000,
    "costAndExpenses": 789700000,
    "interestIncome": 0,
    "interestExpense": 0,
    "depreciationAndAmortization": 42700000,
    "ebitda": 168500000,
    "ebitdaratio": 0.1840524304,
    "operatingIncome": 125800000,
    "operatingIncomeRatio": 0.1374112507,
    "totalOtherIncomeExpensesNet": -10400000,
    "incomeBeforeTax": 115400000,
    "incomeBeforeTaxRatio": 0.1260513381,
    "incomeTaxExpense": 38000000,
    "netIncome": 77400000,
    "netIncomeRatio": 0.084543965,
    "eps": 0.41,
    "epsdiluted": 0.38,
    "weightedAverageShsOut": 188780488,
    "weightedAverageShsOutDil": 203684211,
    "link": "https://www.sec.gov/Archives/edgar/data/46080/000004608097000012/0000046080-97-000012-index.html",
    "finalLink": "https://www.sec.gov/Archives/edgar/data/46080/"
  },
  {
    "date": "1997-06-29",
    "symbol": "HAS",
    "reportedCurrency": "USD",
    "cik": "0000046080",
    "fillingDate": "1997-08-13",
    "acceptedDate": "1997-08-13 00:00:00",
    "calendarYear": "1997",
    "period": "Q2",
    "revenue": 583900000,
    "costOfRevenue": 225200000,
    "grossProfit": 358700000,
    "grossProfitRatio": 0.6143175201,
    "researchAndDevelopmentExpenses": 87900000,
    "generalAndAdministrativeExpenses": 0,
    "sellingAndMarketingExpenses": 0,
    "sellingGeneralAndAdministrativeExpenses": 209200000,
    "otherExpenses": 38900000,
    "operatingExpenses": 336000000,
    "costAndExpenses": 561200000,
    "interestIncome": 0,
    "interestExpense": 0,
    "depreciationAndAmortization": 38900000,
    "ebitda": 61600000,
    "ebitdaratio": 0.1054975167,
    "operatingIncome": 22700000,
    "operatingIncomeRatio": 0.03887652,
    "totalOtherIncomeExpensesNet": -2400000,
    "incomeBeforeTax": 20300000,
    "incomeBeforeTaxRatio": 0.0347662271,
    "incomeTaxExpense": 7300000,
    "netIncome": 13000000,
    "netIncomeRatio": 0.0222640863,
    "eps": 0.07,
    "epsdiluted": 0.07,
    "weightedAverageShsOut": 185714286,
    "weightedAverageShsOutDil": 185714286,
    "link": "https://www.sec.gov/Archives/edgar/data/46080/000004608097000009/0000046080-97-000009-index.html",
    "finalLink": "https://www.sec.gov/Archives/edgar/data/46080/"
  },
  {
    "date": "1997-03-30",
    "symbol": "HAS",
    "reportedCurrency": "USD",
    "cik": "0000046080",
    "fillingDate": "1997-05-13",
    "acceptedDate": "1997-05-13 00:00:00",
    "calendarYear": "1997",
    "period": "Q1",
    "revenue": 555800000,
    "costOfRevenue": 214800000,
    "grossProfit": 341000000,
    "grossProfitRatio": 0.6135300468,
    "researchAndDevelopmentExpenses": 63900000,
    "generalAndAdministrativeExpenses": 0,
    "sellingAndMarketingExpenses": 0,
    "sellingGeneralAndAdministrativeExpenses": 206100000,
    "otherExpenses": 30600000,
    "operatingExpenses": 300600000,
    "costAndExpenses": 515400000,
    "interestIncome": 0,
    "interestExpense": 0,
    "depreciationAndAmortization": 30600000,
    "ebitda": 71000000,
    "ebitdaratio": 0.1277437927,
    "operatingIncome": 40400000,
    "operatingIncomeRatio": 0.0726880173,
    "totalOtherIncomeExpensesNet": -200000,
    "incomeBeforeTax": 40200000,
    "incomeBeforeTaxRatio": 0.0723281756,
    "incomeTaxExpense": 14500000,
    "netIncome": 25700000,
    "netIncomeRatio": 0.0462396546,
    "eps": 0.13,
    "epsdiluted": 0.13,
    "weightedAverageShsOut": 289246052,
    "weightedAverageShsOutDil": 289246052,
    "link": "https://www.sec.gov/Archives/edgar/data/46080/000004608097000006/0000046080-97-000006-index.html",
    "finalLink": "https://www.sec.gov/Archives/edgar/data/46080/"
  },
  {
    "date": "1996-12-29",
    "symbol": "HAS",
    "reportedCurrency": "USD",
    "cik": "0000046080",
    "fillingDate": "1997-03-28",
    "acceptedDate": "1997-03-28 00:00:00",
    "calendarYear": "1996",
    "period": "Q4",
    "revenue": 1107000000,
    "costOfRevenue": 457500000,
    "grossProfit": 649500000,
    "grossProfitRatio": 0.5867208672,
    "researchAndDevelopmentExpenses": 0,
    "generalAndAdministrativeExpenses": 0,
    "sellingAndMarketingExpenses": 0,
    "sellingGeneralAndAdministrativeExpenses": 446300000,
    "otherExpenses": 37500000,
    "operatingExpenses": 483800000,
    "costAndExpenses": 941300000,
    "interestIncome": 0,
    "interestExpense": 0,
    "depreciationAndAmortization": 37500000,
    "ebitda": 203200000,
    "ebitdaratio": 0.1835591689,
    "operatingIncome": 165700000,
    "operatingIncomeRatio": 0.1496838302,
    "totalOtherIncomeExpensesNet": -12000000,
    "incomeBeforeTax": 153700000,
    "incomeBeforeTaxRatio": 0.1388437218,
    "incomeTaxExpense": 54600000,
    "netIncome": 99100000,
    "netIncomeRatio": 0.0895212285,
    "eps": 0.45,
    "epsdiluted": 0.45,
    "weightedAverageShsOut": 221300000,
    "weightedAverageShsOutDil": 221300000,
    "link": "https://www.sec.gov/Archives/edgar/data/46080/000004608097000004/0000046080-97-000004-index.html",
    "finalLink": "https://www.sec.gov/Archives/edgar/data/46080/"
  },
  {
    "date": "1996-09-29",
    "symbol": "HAS",
    "reportedCurrency": "USD",
    "cik": "0000046080",
    "fillingDate": "1996-11-13",
    "acceptedDate": "1996-11-13 00:00:00",
    "calendarYear": "1996",
    "period": "Q3",
    "revenue": 845100000,
    "costOfRevenue": 347000000,
    "grossProfit": 498100000,
    "grossProfitRatio": 0.5893977044,
    "researchAndDevelopmentExpenses": 0,
    "generalAndAdministrativeExpenses": 0,
    "sellingAndMarketingExpenses": 0,
    "sellingGeneralAndAdministrativeExpenses": 349300000,
    "otherExpenses": 35200000,
    "operatingExpenses": 384500000,
    "costAndExpenses": 731500000,
    "interestIncome": 0,
    "interestExpense": 0,
    "depreciationAndAmortization": 35200000,
    "ebitda": 148800000,
    "ebitdaratio": 0.1760738374,
    "operatingIncome": 113600000,
    "operatingIncomeRatio": 0.1344219619,
    "totalOtherIncomeExpensesNet": -8600000,
    "incomeBeforeTax": 105000000,
    "incomeBeforeTaxRatio": 0.1242456514,
    "incomeTaxExpense": 34500000,
    "netIncome": 70500000,
    "netIncomeRatio": 0.0834220802,
    "eps": 0.36,
    "epsdiluted": 0.35,
    "weightedAverageShsOut": 195833333,
    "weightedAverageShsOutDil": 201428571,
    "link": "https://www.sec.gov/Archives/edgar/data/46080/000004608096000013/0000046080-96-000013-index.html",
    "finalLink": "https://www.sec.gov/Archives/edgar/data/46080/"
  },
  {
    "date": "1996-06-30",
    "symbol": "HAS",
    "reportedCurrency": "USD",
    "cik": "0000046080",
    "fillingDate": "1996-08-14",
    "acceptedDate": "1996-08-14 00:00:00",
    "calendarYear": "1996",
    "period": "Q2",
    "revenue": 511600000,
    "costOfRevenue": 207100000,
    "grossProfit": 304500000,
    "grossProfitRatio": 0.5951915559,
    "researchAndDevelopmentExpenses": 0,
    "generalAndAdministrativeExpenses": 0,
    "sellingAndMarketingExpenses": 0,
    "sellingGeneralAndAdministrativeExpenses": 255500000,
    "otherExpenses": 37100000,
    "operatingExpenses": 292600000,
    "costAndExpenses": 499700000,
    "interestIncome": 0,
    "interestExpense": 0,
    "depreciationAndAmortization": 37100000,
    "ebitda": 49000000,
    "ebitdaratio": 0.0957779515,
    "operatingIncome": 11900000,
    "operatingIncomeRatio": 0.0232603597,
    "totalOtherIncomeExpensesNet": -2700000,
    "incomeBeforeTax": 9200000,
    "incomeBeforeTaxRatio": 0.0179827991,
    "incomeTaxExpense": 3200000,
    "netIncome": 6000000,
    "netIncomeRatio": 0.0117279124,
    "eps": 0.03,
    "epsdiluted": 0.03,
    "weightedAverageShsOut": 200000000,
    "weightedAverageShsOutDil": 200000000,
    "link": "https://www.sec.gov/Archives/edgar/data/46080/000004608096000009/0000046080-96-000009-index.html",
    "finalLink": "https://www.sec.gov/Archives/edgar/data/46080/"
  },
  {
    "date": "1996-03-31",
    "symbol": "HAS",
    "reportedCurrency": "USD",
    "cik": "0000046080",
    "fillingDate": "1996-05-14",
    "acceptedDate": "1996-05-14 00:00:00",
    "calendarYear": "1996",
    "period": "Q1",
    "revenue": 538700000,
    "costOfRevenue": 219100000,
    "grossProfit": 319600000,
    "grossProfitRatio": 0.5932801188,
    "researchAndDevelopmentExpenses": 0,
    "generalAndAdministrativeExpenses": 0,
    "sellingAndMarketingExpenses": 0,
    "sellingGeneralAndAdministrativeExpenses": 250100000,
    "otherExpenses": 28500000,
    "operatingExpenses": 278600000,
    "costAndExpenses": 497700000,
    "interestIncome": 0,
    "interestExpense": 0,
    "depreciationAndAmortization": 28500000,
    "ebitda": 69500000,
    "ebitdaratio": 0.1290142937,
    "operatingIncome": 41000000,
    "operatingIncomeRatio": 0.0761091517,
    "totalOtherIncomeExpensesNet": -1900000,
    "incomeBeforeTax": 39100000,
    "incomeBeforeTaxRatio": 0.0725821422,
    "incomeTaxExpense": 14700000,
    "netIncome": 24400000,
    "netIncomeRatio": 0.0452942268,
    "eps": 0.13,
    "epsdiluted": 0.12,
    "weightedAverageShsOut": 187692308,
    "weightedAverageShsOutDil": 203333333,
    "link": "https://www.sec.gov/Archives/edgar/data/46080/000004608096000007/0000046080-96-000007-index.html",
    "finalLink": "https://www.sec.gov/Archives/edgar/data/46080/"
  },
  {
    "date": "1995-12-31",
    "symbol": "HAS",
    "reportedCurrency": "USD",
    "cik": "0000046080",
    "fillingDate": "1996-03-29",
    "acceptedDate": "1996-03-29 00:00:00",
    "calendarYear": "1995",
    "period": "Q4",
    "revenue": 1023700000,
    "costOfRevenue": 403900000,
    "grossProfit": 619800000,
    "grossProfitRatio": 0.6054508157,
    "researchAndDevelopmentExpenses": 0,
    "generalAndAdministrativeExpenses": 0,
    "sellingAndMarketingExpenses": 0,
    "sellingGeneralAndAdministrativeExpenses": 406600000,
    "otherExpenses": 35600000,
    "operatingExpenses": 442200000,
    "costAndExpenses": 846100000,
    "interestIncome": 0,
    "interestExpense": 0,
    "depreciationAndAmortization": 35600000,
    "ebitda": 213200000,
    "ebitdaratio": 0.2082641399,
    "operatingIncome": 177600000,
    "operatingIncomeRatio": 0.1734883267,
    "totalOtherIncomeExpensesNet": -39400000,
    "incomeBeforeTax": 138200000,
    "incomeBeforeTaxRatio": 0.1350004884,
    "incomeTaxExpense": 53000000,
    "netIncome": 85200000,
    "netIncomeRatio": 0.0832275081,
    "eps": 0.41,
    "epsdiluted": 0.41,
    "weightedAverageShsOut": 210300000,
    "weightedAverageShsOutDil": 210300000,
    "link": "https://www.sec.gov/Archives/edgar/data/46080/000004608096000005/0000046080-96-000005-index.html",
    "finalLink": "https://www.sec.gov/Archives/edgar/data/46080/"
  },
  {
    "date": "1995-10-01",
    "symbol": "HAS",
    "reportedCurrency": "USD",
    "cik": "0000046080",
    "fillingDate": "1995-11-15",
    "acceptedDate": "1995-11-15 00:00:00",
    "calendarYear": "1995",
    "period": "Q3",
    "revenue": 826200000,
    "costOfRevenue": 335700000,
    "grossProfit": 490500000,
    "grossProfitRatio": 0.5936819172,
    "researchAndDevelopmentExpenses": 0,
    "generalAndAdministrativeExpenses": 0,
    "sellingAndMarketingExpenses": 0,
    "sellingGeneralAndAdministrativeExpenses": 344800000,
    "otherExpenses": 34900000,
    "operatingExpenses": 379700000,
    "costAndExpenses": 715400000,
    "interestIncome": 0,
    "interestExpense": 0,
    "depreciationAndAmortization": 34900000,
    "ebitda": 145700000,
    "ebitdaratio": 0.1763495522,
    "operatingIncome": 110800000,
    "operatingIncomeRatio": 0.1341079642,
    "totalOtherIncomeExpensesNet": -7400000,
    "incomeBeforeTax": 103400000,
    "incomeBeforeTaxRatio": 0.1251512951,
    "incomeTaxExpense": 39800000,
    "netIncome": 63600000,
    "netIncomeRatio": 0.0769789397,
    "eps": 0.32,
    "epsdiluted": 0.32,
    "weightedAverageShsOut": 198750000,
    "weightedAverageShsOutDil": 198750000,
    "link": "https://www.sec.gov/Archives/edgar/data/46080/000004608095000014/0000046080-95-000014-index.html",
    "finalLink": "https://www.sec.gov/Archives/edgar/data/46080/"
  }
]