[
  {
    "date": "2025-06-30",
    "symbol": "HBAN",
    "reportedCurrency": "USD",
    "cik": "0000049196",
    "fillingDate": "2025-07-29",
    "acceptedDate": "2025-07-29 17:04:16",
    "calendarYear": "2025",
    "period": "Q2",
    "revenue": 3027000000,
    "costOfRevenue": 1192000000,
    "grossProfit": 1835000000,
    "grossProfitRatio": 0.6062107697,
    "researchAndDevelopmentExpenses": 0,
    "generalAndAdministrativeExpenses": 742000000,
    "sellingAndMarketingExpenses": 28000000,
    "sellingGeneralAndAdministrativeExpenses": 770000000,
    "otherExpenses": 427000000,
    "operatingExpenses": 1197000000,
    "costAndExpenses": 2389000000,
    "interestIncome": 2556000000,
    "interestExpense": 1089000000,
    "depreciationAndAmortization": 13000000,
    "ebitda": 651000000,
    "ebitdaratio": 0.2150644202,
    "operatingIncome": 638000000,
    "operatingIncomeRatio": 0.210769739,
    "totalOtherIncomeExpensesNet": 0,
    "incomeBeforeTax": 638000000,
    "incomeBeforeTaxRatio": 0.210769739,
    "incomeTaxExpense": 96000000,
    "netIncome": 536000000,
    "netIncomeRatio": 0.1770730096,
    "eps": 0.35,
    "epsdiluted": 0.34,
    "weightedAverageShsOut": 1457000000,
    "weightedAverageShsOutDil": 1481000000,
    "link": "https://www.sec.gov/Archives/edgar/data/49196/000004919625000063/0000049196-25-000063-index.htm",
    "finalLink": "https://www.sec.gov/Archives/edgar/data/49196/000004919625000063/hban-20250630.htm"
  },
  {
    "date": "2025-03-31",
    "symbol": "HBAN",
    "reportedCurrency": "USD",
    "cik": "0000049196",
    "fillingDate": "2025-04-29",
    "acceptedDate": "2025-04-29 11:58:13",
    "calendarYear": "2025",
    "period": "Q1",
    "revenue": 2983000000,
    "costOfRevenue": 1178000000,
    "grossProfit": 1805000000,
    "grossProfitRatio": 0.6050955414,
    "researchAndDevelopmentExpenses": 0,
    "generalAndAdministrativeExpenses": 708000000,
    "sellingAndMarketingExpenses": 29000000,
    "sellingGeneralAndAdministrativeExpenses": 737000000,
    "otherExpenses": 415000000,
    "operatingExpenses": 1152000000,
    "costAndExpenses": 2330000000,
    "interestIncome": 2489000000,
    "interestExpense": 1063000000,
    "depreciationAndAmortization": 209000000,
    "ebitda": 862000000,
    "ebitdaratio": 0.2889708347,
    "operatingIncome": 653000000,
    "operatingIncomeRatio": 0.2189071405,
    "totalOtherIncomeExpensesNet": 0,
    "incomeBeforeTax": 653000000,
    "incomeBeforeTaxRatio": 0.2189071405,
    "incomeTaxExpense": 122000000,
    "netIncome": 527000000,
    "netIncomeRatio": 0.1766677841,
    "eps": 0.34,
    "epsdiluted": 0.34,
    "weightedAverageShsOut": 1454498000,
    "weightedAverageShsOutDil": 1481879000,
    "link": "https://www.sec.gov/Archives/edgar/data/49196/000004919625000038/0000049196-25-000038-index.htm",
    "finalLink": "https://www.sec.gov/Archives/edgar/data/49196/000004919625000038/hban-20250331.htm"
  },
  {
    "date": "2024-12-31",
    "symbol": "HBAN",
    "reportedCurrency": "USD",
    "cik": "0000049196",
    "fillingDate": "2025-02-14",
    "acceptedDate": "2025-02-14 13:01:14",
    "calendarYear": "2024",
    "period": "Q4",
    "revenue": 3069000000,
    "costOfRevenue": 1222000000,
    "grossProfit": 1847000000,
    "grossProfitRatio": 0.6018246986,
    "researchAndDevelopmentExpenses": 0,
    "generalAndAdministrativeExpenses": 735000000,
    "sellingAndMarketingExpenses": 28000000,
    "sellingGeneralAndAdministrativeExpenses": 763000000,
    "otherExpenses": 415000000,
    "operatingExpenses": 1178000000,
    "costAndExpenses": 2400000000,
    "interestIncome": 2510000000,
    "interestExpense": 1115000000,
    "depreciationAndAmortization": 130000000,
    "ebitda": 799000000,
    "ebitdaratio": 0.2603453894,
    "operatingIncome": 669000000,
    "operatingIncomeRatio": 0.2179863148,
    "totalOtherIncomeExpensesNet": 0,
    "incomeBeforeTax": 669000000,
    "incomeBeforeTaxRatio": 0.2179863148,
    "incomeTaxExpense": 135000000,
    "netIncome": 530000000,
    "netIncomeRatio": 0.1726946888,
    "eps": 0.34,
    "epsdiluted": 0.34,
    "weightedAverageShsOut": 1451421000,
    "weightedAverageShsOutDil": 1476442000,
    "link": "https://www.sec.gov/Archives/edgar/data/49196/000004919625000020/0000049196-25-000020-index.htm",
    "finalLink": "https://www.sec.gov/Archives/edgar/data/49196/000004919625000020/hban-20241231.htm"
  },
  {
    "date": "2024-09-30",
    "symbol": "HBAN",
    "reportedCurrency": "USD",
    "cik": "0000049196",
    "fillingDate": "2024-10-29",
    "acceptedDate": "2024-10-29 12:56:38",
    "calendarYear": "2024",
    "period": "Q3",
    "revenue": 3078000000,
    "costOfRevenue": 1310000000,
    "grossProfit": 1768000000,
    "grossProfitRatio": 0.5743989604,
    "researchAndDevelopmentExpenses": 0,
    "generalAndAdministrativeExpenses": 699000000,
    "sellingAndMarketingExpenses": 33000000,
    "sellingGeneralAndAdministrativeExpenses": 732000000,
    "otherExpenses": 398000000,
    "operatingExpenses": 1130000000,
    "costAndExpenses": 2440000000,
    "interestIncome": 2555000000,
    "interestExpense": 1204000000,
    "depreciationAndAmortization": 132000000,
    "ebitda": 770000000,
    "ebitdaratio": 0.2501624431,
    "operatingIncome": 638000000,
    "operatingIncomeRatio": 0.2072774529,
    "totalOtherIncomeExpensesNet": 0,
    "incomeBeforeTax": 638000000,
    "incomeBeforeTaxRatio": 0.2072774529,
    "incomeTaxExpense": 116000000,
    "netIncome": 517000000,
    "netIncomeRatio": 0.1679662118,
    "eps": 0.33,
    "epsdiluted": 0.33,
    "weightedAverageShsOut": 1452682000,
    "weightedAverageShsOutDil": 1476982000,
    "link": "https://www.sec.gov/Archives/edgar/data/49196/000004919624000095/0000049196-24-000095-index.htm",
    "finalLink": "https://www.sec.gov/Archives/edgar/data/49196/000004919624000095/hban-20240930.htm"
  },
  {
    "date": "2024-06-30",
    "symbol": "HBAN",
    "reportedCurrency": "USD",
    "cik": "0000049196",
    "fillingDate": "2024-07-30",
    "acceptedDate": "2024-07-30 15:06:27",
    "calendarYear": "2024",
    "period": "Q2",
    "revenue": 2967000000,
    "costOfRevenue": 1264000000,
    "grossProfit": 1703000000,
    "grossProfitRatio": 0.5739804516,
    "researchAndDevelopmentExpenses": 0,
    "generalAndAdministrativeExpenses": 688000000,
    "sellingAndMarketingExpenses": 27000000,
    "sellingGeneralAndAdministrativeExpenses": 715000000,
    "otherExpenses": 402000000,
    "operatingExpenses": 1117000000,
    "costAndExpenses": 2381000000,
    "interestIncome": 2476000000,
    "interestExpense": 1164000000,
    "depreciationAndAmortization": 170000000,
    "ebitda": 756000000,
    "ebitdaratio": 0.2548028311,
    "operatingIncome": 586000000,
    "operatingIncomeRatio": 0.1975058982,
    "totalOtherIncomeExpensesNet": 0,
    "incomeBeforeTax": 586000000,
    "incomeBeforeTaxRatio": 0.1975058982,
    "incomeTaxExpense": 106000000,
    "netIncome": 474000000,
    "netIncomeRatio": 0.1597573306,
    "eps": 0.3,
    "epsdiluted": 0.3,
    "weightedAverageShsOut": 1451207000,
    "weightedAverageShsOutDil": 1474259000,
    "link": "https://www.sec.gov/Archives/edgar/data/49196/000004919624000076/0000049196-24-000076-index.htm",
    "finalLink": "https://www.sec.gov/Archives/edgar/data/49196/000004919624000076/hban-20240630.htm"
  },
  {
    "date": "2024-03-31",
    "symbol": "HBAN",
    "reportedCurrency": "USD",
    "cik": "0000049196",
    "fillingDate": "2024-04-30",
    "acceptedDate": "2024-04-30 14:47:23",
    "calendarYear": "2024",
    "period": "Q1",
    "revenue": 2847000000,
    "costOfRevenue": 1200000000,
    "grossProfit": 1647000000,
    "grossProfitRatio": 0.5785036881,
    "researchAndDevelopmentExpenses": 0,
    "generalAndAdministrativeExpenses": 693000000,
    "sellingAndMarketingExpenses": 28000000,
    "sellingGeneralAndAdministrativeExpenses": 721000000,
    "otherExpenses": 416000000,
    "operatingExpenses": 1137000000,
    "costAndExpenses": 2337000000,
    "interestIncome": 2380000000,
    "interestExpense": 1093000000,
    "depreciationAndAmortization": 190000000,
    "ebitda": 700000000,
    "ebitdaratio": 0.2458728486,
    "operatingIncome": 510000000,
    "operatingIncomeRatio": 0.1791359326,
    "totalOtherIncomeExpensesNet": 0,
    "incomeBeforeTax": 510000000,
    "incomeBeforeTaxRatio": 0.1791359326,
    "incomeTaxExpense": 86000000,
    "netIncome": 419000000,
    "netIncomeRatio": 0.1471724622,
    "eps": 0.26,
    "epsdiluted": 0.26,
    "weightedAverageShsOut": 1448492000,
    "weightedAverageShsOutDil": 1473335000,
    "link": "https://www.sec.gov/Archives/edgar/data/49196/000004919624000047/0000049196-24-000047-index.htm",
    "finalLink": "https://www.sec.gov/Archives/edgar/data/49196/000004919624000047/hban-20240331.htm"
  },
  {
    "date": "2023-12-31",
    "symbol": "HBAN",
    "reportedCurrency": "USD",
    "cik": "0000049196",
    "fillingDate": "2024-02-16",
    "acceptedDate": "2024-02-16 14:05:33",
    "calendarYear": "2023",
    "period": "Q4",
    "revenue": 2755000000,
    "costOfRevenue": 1160000000,
    "grossProfit": 1595000000,
    "grossProfitRatio": 0.5789473684,
    "researchAndDevelopmentExpenses": 0,
    "generalAndAdministrativeExpenses": 879000000,
    "sellingAndMarketingExpenses": 29000000,
    "sellingGeneralAndAdministrativeExpenses": 908000000,
    "otherExpenses": 440000000,
    "operatingExpenses": 1348000000,
    "costAndExpenses": 2508000000,
    "interestIncome": 2350000000,
    "interestExpense": 1034000000,
    "depreciationAndAmortization": 240000000,
    "ebitda": 487000000,
    "ebitdaratio": 0.17676951,
    "operatingIncome": 247000000,
    "operatingIncomeRatio": 0.0896551724,
    "totalOtherIncomeExpensesNet": 0,
    "incomeBeforeTax": 247000000,
    "incomeBeforeTaxRatio": 0.0896551724,
    "incomeTaxExpense": -1000000,
    "netIncome": 243000000,
    "netIncomeRatio": 0.0882032668,
    "eps": 0.15,
    "epsdiluted": 0.15,
    "weightedAverageShsOut": 1448000000,
    "weightedAverageShsOutDil": 1469000000,
    "link": "https://www.sec.gov/Archives/edgar/data/49196/000004919624000020/0000049196-24-000020-index.htm",
    "finalLink": "https://www.sec.gov/Archives/edgar/data/49196/000004919624000020/hban-20231231.htm"
  },
  {
    "date": "2023-09-30",
    "symbol": "HBAN",
    "reportedCurrency": "USD",
    "cik": "0000049196",
    "fillingDate": "2023-10-27",
    "acceptedDate": "2023-10-27 13:56:41",
    "calendarYear": "2023",
    "period": "Q3",
    "revenue": 2822000000,
    "costOfRevenue": 1044000000,
    "grossProfit": 1778000000,
    "grossProfitRatio": 0.6300496102,
    "researchAndDevelopmentExpenses": 0,
    "generalAndAdministrativeExpenses": 647000000,
    "sellingAndMarketingExpenses": 29000000,
    "sellingGeneralAndAdministrativeExpenses": 676000000,
    "otherExpenses": 414000000,
    "operatingExpenses": 1090000000,
    "costAndExpenses": 2134000000,
    "interestIncome": 2313000000,
    "interestExpense": 945000000,
    "depreciationAndAmortization": 214000000,
    "ebitda": 902000000,
    "ebitdaratio": 0.319631467,
    "operatingIncome": 688000000,
    "operatingIncomeRatio": 0.2437987243,
    "totalOtherIncomeExpensesNet": 0,
    "incomeBeforeTax": 688000000,
    "incomeBeforeTaxRatio": 0.2437987243,
    "incomeTaxExpense": 136000000,
    "netIncome": 547000000,
    "netIncomeRatio": 0.1938341602,
    "eps": 0.35,
    "epsdiluted": 0.35,
    "weightedAverageShsOut": 1447993000,
    "weightedAverageShsOutDil": 1467611000,
    "link": "https://www.sec.gov/Archives/edgar/data/49196/000004919623000097/0000049196-23-000097-index.htm",
    "finalLink": "https://www.sec.gov/Archives/edgar/data/49196/000004919623000097/hban-20230930.htm"
  },
  {
    "date": "2023-06-30",
    "symbol": "HBAN",
    "reportedCurrency": "USD",
    "cik": "0000049196",
    "fillingDate": "2023-07-28",
    "acceptedDate": "2023-07-28 13:54:54",
    "calendarYear": "2023",
    "period": "Q2",
    "revenue": 2720000000,
    "costOfRevenue": 971000000,
    "grossProfit": 1749000000,
    "grossProfitRatio": 0.6430147059,
    "researchAndDevelopmentExpenses": 0,
    "generalAndAdministrativeExpenses": 636000000,
    "sellingAndMarketingExpenses": 32000000,
    "sellingGeneralAndAdministrativeExpenses": 668000000,
    "otherExpenses": 382000000,
    "operatingExpenses": 1050000000,
    "costAndExpenses": 2021000000,
    "interestIncome": 2225000000,
    "interestExpense": 879000000,
    "depreciationAndAmortization": 202000000,
    "ebitda": 901000000,
    "ebitdaratio": 0.33125,
    "operatingIncome": 699000000,
    "operatingIncomeRatio": 0.2569852941,
    "totalOtherIncomeExpensesNet": 0,
    "incomeBeforeTax": 699000000,
    "incomeBeforeTaxRatio": 0.2569852941,
    "incomeTaxExpense": 134000000,
    "netIncome": 559000000,
    "netIncomeRatio": 0.2055147059,
    "eps": 0.36,
    "epsdiluted": 0.35,
    "weightedAverageShsOut": 1446372000,
    "weightedAverageShsOutDil": 1465720000,
    "link": "https://www.sec.gov/Archives/edgar/data/49196/000004919623000082/0000049196-23-000082-index.htm",
    "finalLink": "https://www.sec.gov/Archives/edgar/data/49196/000004919623000082/hban-20230630.htm"
  },
  {
    "date": "2023-03-31",
    "symbol": "HBAN",
    "reportedCurrency": "USD",
    "cik": "0000049196",
    "fillingDate": "2023-04-28",
    "acceptedDate": "2023-04-28 11:54:36",
    "calendarYear": "2023",
    "period": "Q1",
    "revenue": 2540000000,
    "costOfRevenue": 704000000,
    "grossProfit": 1836000000,
    "grossProfitRatio": 0.7228346457,
    "researchAndDevelopmentExpenses": 0,
    "generalAndAdministrativeExpenses": 669000000,
    "sellingAndMarketingExpenses": 25000000,
    "sellingGeneralAndAdministrativeExpenses": 694000000,
    "otherExpenses": 392000000,
    "operatingExpenses": 1086000000,
    "costAndExpenses": 1790000000,
    "interestIncome": 2028000000,
    "interestExpense": 619000000,
    "depreciationAndAmortization": 142000000,
    "ebitda": 892000000,
    "ebitdaratio": 0.3511811024,
    "operatingIncome": 750000000,
    "operatingIncomeRatio": 0.2952755906,
    "totalOtherIncomeExpensesNet": 0,
    "incomeBeforeTax": 750000000,
    "incomeBeforeTaxRatio": 0.2952755906,
    "incomeTaxExpense": 144000000,
    "netIncome": 602000000,
    "netIncomeRatio": 0.237007874,
    "eps": 0.4,
    "epsdiluted": 0.39,
    "weightedAverageShsOut": 1443268000,
    "weightedAverageShsOutDil": 1469279000,
    "link": "https://www.sec.gov/Archives/edgar/data/49196/000004919623000044/0000049196-23-000044-index.htm",
    "finalLink": "https://www.sec.gov/Archives/edgar/data/49196/000004919623000044/hban-20230331.htm"
  },
  {
    "date": "2022-12-31",
    "symbol": "HBAN",
    "reportedCurrency": "USD",
    "cik": "0000049196",
    "fillingDate": "2023-02-17",
    "acceptedDate": "2023-02-17 15:08:18",
    "calendarYear": "2022",
    "period": "Q4",
    "revenue": 2353000000,
    "costOfRevenue": 483000000,
    "grossProfit": 1870000000,
    "grossProfitRatio": 0.7947301317,
    "researchAndDevelopmentExpenses": 0,
    "generalAndAdministrativeExpenses": 644000000,
    "sellingAndMarketingExpenses": 22000000,
    "sellingGeneralAndAdministrativeExpenses": 666000000,
    "otherExpenses": 411000000,
    "operatingExpenses": 1077000000,
    "costAndExpenses": 1560000000,
    "interestIncome": 1854000000,
    "interestExpense": 392000000,
    "depreciationAndAmortization": 129000000,
    "ebitda": 922000000,
    "ebitdaratio": 0.391840204,
    "operatingIncome": 793000000,
    "operatingIncomeRatio": 0.3370165746,
    "totalOtherIncomeExpensesNet": 0,
    "incomeBeforeTax": 793000000,
    "incomeBeforeTaxRatio": 0.3370165746,
    "incomeTaxExpense": 144000000,
    "netIncome": 645000000,
    "netIncomeRatio": 0.274118147,
    "eps": 0.43,
    "epsdiluted": 0.42,
    "weightedAverageShsOut": 1443000000,
    "weightedAverageShsOutDil": 1468000000,
    "link": "https://www.sec.gov/Archives/edgar/data/49196/000004919623000020/0000049196-23-000020-index.htm",
    "finalLink": "https://www.sec.gov/Archives/edgar/data/49196/000004919623000020/hban-20221231.htm"
  },
  {
    "date": "2022-09-30",
    "symbol": "HBAN",
    "reportedCurrency": "USD",
    "cik": "0000049196",
    "fillingDate": "2022-10-28",
    "acceptedDate": "2022-10-28 14:21:53",
    "calendarYear": "2022",
    "period": "Q3",
    "revenue": 2087000000,
    "costOfRevenue": 291000000,
    "grossProfit": 1796000000,
    "grossProfitRatio": 0.8605654049,
    "researchAndDevelopmentExpenses": 0,
    "generalAndAdministrativeExpenses": 629000000,
    "sellingAndMarketingExpenses": 24000000,
    "sellingGeneralAndAdministrativeExpenses": 653000000,
    "otherExpenses": 400000000,
    "operatingExpenses": 1053000000,
    "costAndExpenses": 1344000000,
    "interestIncome": 1589000000,
    "interestExpense": 185000000,
    "depreciationAndAmortization": 148000000,
    "ebitda": 891000000,
    "ebitdaratio": 0.4269286057,
    "operatingIncome": 743000000,
    "operatingIncomeRatio": 0.3560134164,
    "totalOtherIncomeExpensesNet": 0,
    "incomeBeforeTax": 743000000,
    "incomeBeforeTaxRatio": 0.3560134164,
    "incomeTaxExpense": 146000000,
    "netIncome": 594000000,
    "netIncomeRatio": 0.2846190704,
    "eps": 0.39,
    "epsdiluted": 0.39,
    "weightedAverageShsOut": 1443000000,
    "weightedAverageShsOutDil": 1465000000,
    "link": "https://www.sec.gov/Archives/edgar/data/49196/000004919622000113/0000049196-22-000113-index.htm",
    "finalLink": "https://www.sec.gov/Archives/edgar/data/49196/000004919622000113/hban-20220930.htm"
  },
  {
    "date": "2022-06-30",
    "symbol": "HBAN",
    "reportedCurrency": "USD",
    "cik": "0000049196",
    "fillingDate": "2022-07-29",
    "acceptedDate": "2022-07-29 12:59:23",
    "calendarYear": "2022",
    "period": "Q2",
    "revenue": 1816000000,
    "costOfRevenue": 137000000,
    "grossProfit": 1679000000,
    "grossProfitRatio": 0.9245594714,
    "researchAndDevelopmentExpenses": 0,
    "generalAndAdministrativeExpenses": 597000000,
    "sellingAndMarketingExpenses": 24000000,
    "sellingGeneralAndAdministrativeExpenses": 621000000,
    "otherExpenses": 397000000,
    "operatingExpenses": 1018000000,
    "costAndExpenses": 1155000000,
    "interestIncome": 1331000000,
    "interestExpense": 70000000,
    "depreciationAndAmortization": 95000000,
    "ebitda": 756000000,
    "ebitdaratio": 0.4162995595,
    "operatingIncome": 661000000,
    "operatingIncomeRatio": 0.3639867841,
    "totalOtherIncomeExpensesNet": 0,
    "incomeBeforeTax": 661000000,
    "incomeBeforeTaxRatio": 0.3639867841,
    "incomeTaxExpense": 120000000,
    "netIncome": 539000000,
    "netIncomeRatio": 0.2968061674,
    "eps": 0.35,
    "epsdiluted": 0.35,
    "weightedAverageShsOut": 1441200000,
    "weightedAverageShsOutDil": 1463000000,
    "link": "https://www.sec.gov/Archives/edgar/data/49196/000004919622000093/0000049196-22-000093-index.htm",
    "finalLink": "https://www.sec.gov/Archives/edgar/data/49196/000004919622000093/hban-20220630.htm"
  },
  {
    "date": "2022-03-31",
    "symbol": "HBAN",
    "reportedCurrency": "USD",
    "cik": "0000049196",
    "fillingDate": "2022-04-29",
    "acceptedDate": "2022-04-29 12:31:32",
    "calendarYear": "2022",
    "period": "Q1",
    "revenue": 1694000000,
    "costOfRevenue": 74000000,
    "grossProfit": 1620000000,
    "grossProfitRatio": 0.9563164109,
    "researchAndDevelopmentExpenses": 0,
    "generalAndAdministrativeExpenses": 598000000,
    "sellingAndMarketingExpenses": 21000000,
    "sellingGeneralAndAdministrativeExpenses": 619000000,
    "otherExpenses": 434000000,
    "operatingExpenses": 1053000000,
    "costAndExpenses": 1127000000,
    "interestIncome": 1195000000,
    "interestExpense": 49000000,
    "depreciationAndAmortization": 112000000,
    "ebitda": 679000000,
    "ebitdaratio": 0.4008264463,
    "operatingIncome": 567000000,
    "operatingIncomeRatio": 0.3347107438,
    "totalOtherIncomeExpensesNet": 0,
    "incomeBeforeTax": 567000000,
    "incomeBeforeTaxRatio": 0.3347107438,
    "incomeTaxExpense": 105000000,
    "netIncome": 460000000,
    "netIncomeRatio": 0.2715466352,
    "eps": 0.3,
    "epsdiluted": 0.29,
    "weightedAverageShsOut": 1438427000,
    "weightedAverageShsOutDil": 1464000000,
    "link": "https://www.sec.gov/Archives/edgar/data/49196/000004919622000057/0000049196-22-000057-index.htm",
    "finalLink": "https://www.sec.gov/Archives/edgar/data/49196/000004919622000057/hban-20220331.htm"
  },
  {
    "date": "2021-12-31",
    "symbol": "HBAN",
    "reportedCurrency": "USD",
    "cik": "0000049196",
    "fillingDate": "2022-02-18",
    "acceptedDate": "2022-02-18 15:44:27",
    "calendarYear": "2021",
    "period": "Q4",
    "revenue": 1697000000,
    "costOfRevenue": -14000000,
    "grossProfit": 1711000000,
    "grossProfitRatio": 1.0082498527,
    "researchAndDevelopmentExpenses": 0,
    "generalAndAdministrativeExpenses": 473000000,
    "sellingAndMarketingExpenses": 30000000,
    "sellingGeneralAndAdministrativeExpenses": 503000000,
    "otherExpenses": 718000000,
    "operatingExpenses": 1221000000,
    "costAndExpenses": 1207000000,
    "interestIncome": 1182000000,
    "interestExpense": 50000000,
    "depreciationAndAmortization": 92000000,
    "ebitda": 582000000,
    "ebitdaratio": 0.3429581615,
    "operatingIncome": 490000000,
    "operatingIncomeRatio": 0.2887448438,
    "totalOtherIncomeExpensesNet": 0,
    "incomeBeforeTax": 490000000,
    "incomeBeforeTaxRatio": 0.2887448438,
    "incomeTaxExpense": 88000000,
    "netIncome": 401000000,
    "netIncomeRatio": 0.2362993518,
    "eps": 0.26,
    "epsdiluted": 0.26,
    "weightedAverageShsOut": 1444000000,
    "weightedAverageShsOutDil": 1471000000,
    "link": "https://www.sec.gov/Archives/edgar/data/49196/000004919622000023/0000049196-22-000023-index.htm",
    "finalLink": "https://www.sec.gov/Archives/edgar/data/49196/000004919622000023/hban-20211231.htm"
  },
  {
    "date": "2021-09-30",
    "symbol": "HBAN",
    "reportedCurrency": "USD",
    "cik": "0000049196",
    "fillingDate": "2021-11-05",
    "acceptedDate": "2021-11-05 16:37:04",
    "calendarYear": "2021",
    "period": "Q3",
    "revenue": 1740000000,
    "costOfRevenue": -17000000,
    "grossProfit": 1757000000,
    "grossProfitRatio": 1.0097701149,
    "researchAndDevelopmentExpenses": 0,
    "generalAndAdministrativeExpenses": 624000000,
    "sellingAndMarketingExpenses": 22000000,
    "sellingGeneralAndAdministrativeExpenses": 646000000,
    "otherExpenses": 643000000,
    "operatingExpenses": 1289000000,
    "costAndExpenses": 1272000000,
    "interestIncome": 1205000000,
    "interestExpense": 45000000,
    "depreciationAndAmortization": 25000000,
    "ebitda": 493000000,
    "ebitdaratio": 0.2833333333,
    "operatingIncome": 468000000,
    "operatingIncomeRatio": 0.2689655172,
    "totalOtherIncomeExpensesNet": 0,
    "incomeBeforeTax": 468000000,
    "incomeBeforeTaxRatio": 0.2689655172,
    "incomeTaxExpense": 90000000,
    "netIncome": 377000000,
    "netIncomeRatio": 0.2166666667,
    "eps": 0.23,
    "epsdiluted": 0.22,
    "weightedAverageShsOut": 1463000000,
    "weightedAverageShsOutDil": 1487000000,
    "link": "https://www.sec.gov/Archives/edgar/data/49196/000004919621000096/0000049196-21-000096-index.htm",
    "finalLink": "https://www.sec.gov/Archives/edgar/data/49196/000004919621000096/hban-20210930.htm"
  },
  {
    "date": "2021-06-30",
    "symbol": "HBAN",
    "reportedCurrency": "USD",
    "cik": "0000049196",
    "fillingDate": "2021-08-06",
    "acceptedDate": "2021-08-06 16:35:27",
    "calendarYear": "2021",
    "period": "Q2",
    "revenue": 1379000000,
    "costOfRevenue": 308000000,
    "grossProfit": 1071000000,
    "grossProfitRatio": 0.7766497462,
    "researchAndDevelopmentExpenses": 0,
    "generalAndAdministrativeExpenses": 490000000,
    "sellingAndMarketingExpenses": 15000000,
    "sellingGeneralAndAdministrativeExpenses": 505000000,
    "otherExpenses": 567000000,
    "operatingExpenses": 1072000000,
    "costAndExpenses": 1380000000,
    "interestIncome": 935000000,
    "interestExpense": 97000000,
    "depreciationAndAmortization": 203000000,
    "ebitda": 202000000,
    "ebitdaratio": 0.1464829587,
    "operatingIncome": -1000000,
    "operatingIncomeRatio": -0.0007251632,
    "totalOtherIncomeExpensesNet": 0,
    "incomeBeforeTax": -1000000,
    "incomeBeforeTaxRatio": -0.0007251632,
    "incomeTaxExpense": 14000000,
    "netIncome": -15000000,
    "netIncomeRatio": -0.0108774474,
    "eps": -0.05,
    "epsdiluted": -0.05,
    "weightedAverageShsOut": 1125000000,
    "weightedAverageShsOutDil": 1125000000,
    "link": "https://www.sec.gov/Archives/edgar/data/49196/000004919621000072/0000049196-21-000072-index.htm",
    "finalLink": "https://www.sec.gov/Archives/edgar/data/49196/000004919621000072/hban-20210630.htm"
  },
  {
    "date": "2021-03-31",
    "symbol": "HBAN",
    "reportedCurrency": "USD",
    "cik": "0000049196",
    "fillingDate": "2021-04-30",
    "acceptedDate": "2021-04-30 17:08:09",
    "calendarYear": "2021",
    "period": "Q1",
    "revenue": 1264000000,
    "costOfRevenue": -163000000,
    "grossProfit": 1427000000,
    "grossProfitRatio": 1.1289556962,
    "researchAndDevelopmentExpenses": 0,
    "generalAndAdministrativeExpenses": 476000000,
    "sellingAndMarketingExpenses": 14000000,
    "sellingGeneralAndAdministrativeExpenses": 490000000,
    "otherExpenses": 303000000,
    "operatingExpenses": 793000000,
    "costAndExpenses": 630000000,
    "interestIncome": 869000000,
    "interestExpense": -103000000,
    "depreciationAndAmortization": 71000000,
    "ebitda": 705000000,
    "ebitdaratio": 0.5577531646,
    "operatingIncome": 634000000,
    "operatingIncomeRatio": 0.5015822785,
    "totalOtherIncomeExpensesNet": 0,
    "incomeBeforeTax": 634000000,
    "incomeBeforeTaxRatio": 0.5015822785,
    "incomeTaxExpense": 102000000,
    "netIncome": 532000000,
    "netIncomeRatio": 0.4208860759,
    "eps": 0.49,
    "epsdiluted": 0.48,
    "weightedAverageShsOut": 1018000000,
    "weightedAverageShsOutDil": 1041000000,
    "link": "https://www.sec.gov/Archives/edgar/data/49196/000004919621000040/0000049196-21-000040-index.htm",
    "finalLink": "https://www.sec.gov/Archives/edgar/data/49196/000004919621000040/hban-20210331.htm"
  },
  {
    "date": "2020-12-31",
    "symbol": "HBAN",
    "reportedCurrency": "USD",
    "cik": "0000049196",
    "fillingDate": "2021-02-26",
    "acceptedDate": "2021-02-26 17:19:33",
    "calendarYear": "2020",
    "period": "Q4",
    "revenue": 1292000000,
    "costOfRevenue": 156000000,
    "grossProfit": 1136000000,
    "grossProfitRatio": 0.8792569659,
    "researchAndDevelopmentExpenses": 0,
    "generalAndAdministrativeExpenses": 433000000,
    "sellingAndMarketingExpenses": 15000000,
    "sellingGeneralAndAdministrativeExpenses": 448000000,
    "otherExpenses": 313000000,
    "operatingExpenses": 761000000,
    "costAndExpenses": 917000000,
    "interestIncome": 878000000,
    "interestExpense": 53000000,
    "depreciationAndAmortization": 109000000,
    "ebitda": 484000000,
    "ebitdaratio": 0.3746130031,
    "operatingIncome": 375000000,
    "operatingIncomeRatio": 0.290247678,
    "totalOtherIncomeExpensesNet": 0,
    "incomeBeforeTax": 375000000,
    "incomeBeforeTaxRatio": 0.290247678,
    "incomeTaxExpense": 59000000,
    "netIncome": 316000000,
    "netIncomeRatio": 0.2445820433,
    "eps": 0.28,
    "epsdiluted": 0.27,
    "weightedAverageShsOut": 1017000000,
    "weightedAverageShsOutDil": 1036000000,
    "link": "https://www.sec.gov/Archives/edgar/data/49196/000004919621000018/0000049196-21-000018-index.htm",
    "finalLink": "https://www.sec.gov/Archives/edgar/data/49196/000004919621000018/hban-20201231.htm"
  },
  {
    "date": "2020-09-30",
    "symbol": "HBAN",
    "reportedCurrency": "USD",
    "cik": "0000049196",
    "fillingDate": "2020-10-30",
    "acceptedDate": "2020-10-30 16:39:25",
    "calendarYear": "2020",
    "period": "Q3",
    "revenue": 1322000000,
    "costOfRevenue": 252000000,
    "grossProfit": 1070000000,
    "grossProfitRatio": 0.8093797277,
    "researchAndDevelopmentExpenses": 0,
    "generalAndAdministrativeExpenses": 459000000,
    "sellingAndMarketingExpenses": 9000000,
    "sellingGeneralAndAdministrativeExpenses": 468000000,
    "otherExpenses": 244000000,
    "operatingExpenses": 712000000,
    "costAndExpenses": 964000000,
    "interestIncome": 892000000,
    "interestExpense": 75000000,
    "depreciationAndAmortization": 80000000,
    "ebitda": 438000000,
    "ebitdaratio": 0.3313161876,
    "operatingIncome": 358000000,
    "operatingIncomeRatio": 0.2708018154,
    "totalOtherIncomeExpensesNet": 0,
    "incomeBeforeTax": 358000000,
    "incomeBeforeTaxRatio": 0.2708018154,
    "incomeTaxExpense": 55000000,
    "netIncome": 303000000,
    "netIncomeRatio": 0.2291981846,
    "eps": 0.27,
    "epsdiluted": 0.27,
    "weightedAverageShsOut": 1017000000,
    "weightedAverageShsOutDil": 1031000000,
    "link": "https://www.sec.gov/Archives/edgar/data/49196/000004919620000059/0000049196-20-000059-index.htm",
    "finalLink": "https://www.sec.gov/Archives/edgar/data/49196/000004919620000059/hban-20200930.htm"
  },
  {
    "date": "2020-06-30",
    "symbol": "HBAN",
    "reportedCurrency": "USD",
    "cik": "0000049196",
    "fillingDate": "2020-07-31",
    "acceptedDate": "2020-07-31 16:51:40",
    "calendarYear": "2020",
    "period": "Q2",
    "revenue": 1293000000,
    "costOfRevenue": 437000000,
    "grossProfit": 856000000,
    "grossProfitRatio": 0.6620262954,
    "researchAndDevelopmentExpenses": 0,
    "generalAndAdministrativeExpenses": 427000000,
    "sellingAndMarketingExpenses": 5000000,
    "sellingGeneralAndAdministrativeExpenses": 432000000,
    "otherExpenses": 243000000,
    "operatingExpenses": 675000000,
    "costAndExpenses": 1112000000,
    "interestIncome": 902000000,
    "interestExpense": 110000000,
    "depreciationAndAmortization": 59000000,
    "ebitda": 240000000,
    "ebitdaratio": 0.1856148492,
    "operatingIncome": 181000000,
    "operatingIncomeRatio": 0.1399845321,
    "totalOtherIncomeExpensesNet": 0,
    "incomeBeforeTax": 181000000,
    "incomeBeforeTaxRatio": 0.1399845321,
    "incomeTaxExpense": 31000000,
    "netIncome": 150000000,
    "netIncomeRatio": 0.1160092807,
    "eps": 0.13,
    "epsdiluted": 0.13,
    "weightedAverageShsOut": 1016000000,
    "weightedAverageShsOutDil": 1029000000,
    "link": "https://www.sec.gov/Archives/edgar/data/49196/000004919620000046/0000049196-20-000046-index.htm",
    "finalLink": "https://www.sec.gov/Archives/edgar/data/49196/000004919620000046/hban2020063010q.htm"
  },
  {
    "date": "2020-03-31",
    "symbol": "HBAN",
    "reportedCurrency": "USD",
    "cik": "0000049196",
    "fillingDate": "2020-05-01",
    "acceptedDate": "2020-05-01 16:40:34",
    "calendarYear": "2020",
    "period": "Q1",
    "revenue": 1336000000,
    "costOfRevenue": 626000000,
    "grossProfit": 710000000,
    "grossProfitRatio": 0.5314371257,
    "researchAndDevelopmentExpenses": 0,
    "generalAndAdministrativeExpenses": 404000000,
    "sellingAndMarketingExpenses": 9000000,
    "sellingGeneralAndAdministrativeExpenses": 413000000,
    "otherExpenses": 239000000,
    "operatingExpenses": 652000000,
    "costAndExpenses": 1278000000,
    "interestIncome": 975000000,
    "interestExpense": 185000000,
    "depreciationAndAmortization": 119000000,
    "ebitda": 177000000,
    "ebitdaratio": 0.1324850299,
    "operatingIncome": 58000000,
    "operatingIncomeRatio": 0.0434131737,
    "totalOtherIncomeExpensesNet": 0,
    "incomeBeforeTax": 58000000,
    "incomeBeforeTaxRatio": 0.0434131737,
    "incomeTaxExpense": 10000000,
    "netIncome": 48000000,
    "netIncomeRatio": 0.0359281437,
    "eps": 0.03,
    "epsdiluted": 0.03,
    "weightedAverageShsOut": 1018000000,
    "weightedAverageShsOutDil": 1035000000,
    "link": "https://www.sec.gov/Archives/edgar/data/49196/000004919620000028/0000049196-20-000028-index.htm",
    "finalLink": "https://www.sec.gov/Archives/edgar/data/49196/000004919620000028/hban2020033110q.htm"
  },
  {
    "date": "2019-12-31",
    "symbol": "HBAN",
    "reportedCurrency": "USD",
    "cik": "0000049196",
    "fillingDate": "2020-02-14",
    "acceptedDate": "2020-02-14 16:31:44",
    "calendarYear": "2019",
    "period": "Q4",
    "revenue": 1383000000,
    "costOfRevenue": 310000000,
    "grossProfit": 1073000000,
    "grossProfitRatio": 0.7758496023,
    "researchAndDevelopmentExpenses": 0,
    "generalAndAdministrativeExpenses": 436000000,
    "sellingAndMarketingExpenses": 9000000,
    "sellingGeneralAndAdministrativeExpenses": 445000000,
    "otherExpenses": 256000000,
    "operatingExpenses": 701000000,
    "costAndExpenses": 1011000000,
    "interestIncome": 1011000000,
    "interestExpense": 231000000,
    "depreciationAndAmortization": 78000000,
    "ebitda": 450000000,
    "ebitdaratio": 0.3253796095,
    "operatingIncome": 372000000,
    "operatingIncomeRatio": 0.2689804772,
    "totalOtherIncomeExpensesNet": 0,
    "incomeBeforeTax": 372000000,
    "incomeBeforeTaxRatio": 0.2689804772,
    "incomeTaxExpense": 55000000,
    "netIncome": 317000000,
    "netIncomeRatio": 0.2292118583,
    "eps": 0.29,
    "epsdiluted": 0.28,
    "weightedAverageShsOut": 1028621000,
    "weightedAverageShsOutDil": 1047123000,
    "link": "https://www.sec.gov/Archives/edgar/data/49196/000004919620000010/0000049196-20-000010-index.htm",
    "finalLink": "https://www.sec.gov/Archives/edgar/data/49196/000004919620000010/hban2019-12x31x10k.htm"
  },
  {
    "date": "2019-09-30",
    "symbol": "HBAN",
    "reportedCurrency": "USD",
    "cik": "0000049196",
    "fillingDate": "2019-10-28",
    "acceptedDate": "2019-10-28 17:24:18",
    "calendarYear": "2019",
    "period": "Q3",
    "revenue": 1441000000,
    "costOfRevenue": 335000000,
    "grossProfit": 1106000000,
    "grossProfitRatio": 0.7675225538,
    "researchAndDevelopmentExpenses": 0,
    "generalAndAdministrativeExpenses": 414000000,
    "sellingAndMarketingExpenses": 10000000,
    "sellingGeneralAndAdministrativeExpenses": 424000000,
    "otherExpenses": 243000000,
    "operatingExpenses": 667000000,
    "costAndExpenses": 1002000000,
    "interestIncome": 1052000000,
    "interestExpense": 253000000,
    "depreciationAndAmortization": 104000000,
    "ebitda": 543000000,
    "ebitdaratio": 0.3768216516,
    "operatingIncome": 439000000,
    "operatingIncomeRatio": 0.3046495489,
    "totalOtherIncomeExpensesNet": 0,
    "incomeBeforeTax": 439000000,
    "incomeBeforeTaxRatio": 0.3046495489,
    "incomeTaxExpense": 67000000,
    "netIncome": 372000000,
    "netIncomeRatio": 0.2581540597,
    "eps": 0.34,
    "epsdiluted": 0.34,
    "weightedAverageShsOut": 1034940000,
    "weightedAverageShsOutDil": 1051273000,
    "link": "https://www.sec.gov/Archives/edgar/data/49196/000004919619000071/0000049196-19-000071-index.htm",
    "finalLink": "https://www.sec.gov/Archives/edgar/data/49196/000004919619000071/hban2019093010q.htm"
  },
  {
    "date": "2019-06-30",
    "symbol": "HBAN",
    "reportedCurrency": "USD",
    "cik": "0000049196",
    "fillingDate": "2019-07-29",
    "acceptedDate": "2019-07-29 17:15:50",
    "calendarYear": "2019",
    "period": "Q2",
    "revenue": 1427000000,
    "costOfRevenue": 315000000,
    "grossProfit": 1112000000,
    "grossProfitRatio": 0.7792571829,
    "researchAndDevelopmentExpenses": 0,
    "generalAndAdministrativeExpenses": 436000000,
    "sellingAndMarketingExpenses": 11000000,
    "sellingGeneralAndAdministrativeExpenses": 447000000,
    "otherExpenses": 238000000,
    "operatingExpenses": 685000000,
    "costAndExpenses": 1000000000,
    "interestIncome": 1068000000,
    "interestExpense": 256000000,
    "depreciationAndAmortization": 73000000,
    "ebitda": 500000000,
    "ebitdaratio": 0.350385424,
    "operatingIncome": 427000000,
    "operatingIncomeRatio": 0.2992291521,
    "totalOtherIncomeExpensesNet": 0,
    "incomeBeforeTax": 427000000,
    "incomeBeforeTaxRatio": 0.2992291521,
    "incomeTaxExpense": 63000000,
    "netIncome": 364000000,
    "netIncomeRatio": 0.2550805886,
    "eps": 0.33,
    "epsdiluted": 0.33,
    "weightedAverageShsOut": 1044802000,
    "weightedAverageShsOutDil": 1060280000,
    "link": "https://www.sec.gov/Archives/edgar/data/49196/000004919619000054/0000049196-19-000054-index.htm",
    "finalLink": "https://www.sec.gov/Archives/edgar/data/49196/000004919619000054/hban2019063010q.htm"
  },
  {
    "date": "2019-03-31",
    "symbol": "HBAN",
    "reportedCurrency": "USD",
    "cik": "0000049196",
    "fillingDate": "2019-04-29",
    "acceptedDate": "2019-04-29 17:29:31",
    "calendarYear": "2019",
    "period": "Q1",
    "revenue": 1389000000,
    "costOfRevenue": 315000000,
    "grossProfit": 1074000000,
    "grossProfitRatio": 0.7732181425,
    "researchAndDevelopmentExpenses": 0,
    "generalAndAdministrativeExpenses": 402000000,
    "sellingAndMarketingExpenses": 7000000,
    "sellingGeneralAndAdministrativeExpenses": 409000000,
    "otherExpenses": 244000000,
    "operatingExpenses": 653000000,
    "costAndExpenses": 968000000,
    "interestIncome": 1070000000,
    "interestExpense": 248000000,
    "depreciationAndAmortization": 131000000,
    "ebitda": 552000000,
    "ebitdaratio": 0.3974082073,
    "operatingIncome": 421000000,
    "operatingIncomeRatio": 0.3030957523,
    "totalOtherIncomeExpensesNet": 0,
    "incomeBeforeTax": 421000000,
    "incomeBeforeTaxRatio": 0.3030957523,
    "incomeTaxExpense": 63000000,
    "netIncome": 358000000,
    "netIncomeRatio": 0.2577393808,
    "eps": 0.32,
    "epsdiluted": 0.32,
    "weightedAverageShsOut": 1046995000,
    "weightedAverageShsOutDil": 1065638000,
    "link": "https://www.sec.gov/Archives/edgar/data/49196/000004919619000028/0000049196-19-000028-index.htm",
    "finalLink": "https://www.sec.gov/Archives/edgar/data/49196/000004919619000028/hban20190331_10q.htm"
  },
  {
    "date": "2018-12-31",
    "symbol": "HBAN",
    "reportedCurrency": "USD",
    "cik": "0000049196",
    "fillingDate": "2019-02-15",
    "acceptedDate": "2019-02-15 16:06:44",
    "calendarYear": "2018",
    "period": "Q4",
    "revenue": 1385000000,
    "costOfRevenue": 283000000,
    "grossProfit": 1102000000,
    "grossProfitRatio": 0.79566787,
    "researchAndDevelopmentExpenses": 0,
    "generalAndAdministrativeExpenses": 408000000,
    "sellingAndMarketingExpenses": 15000000,
    "sellingGeneralAndAdministrativeExpenses": 423000000,
    "otherExpenses": 288000000,
    "operatingExpenses": 711000000,
    "costAndExpenses": 994000000,
    "interestIncome": 1056000000,
    "interestExpense": 223000000,
    "depreciationAndAmortization": 143000000,
    "ebitda": 534000000,
    "ebitdaratio": 0.3855595668,
    "operatingIncome": 391000000,
    "operatingIncomeRatio": 0.2823104693,
    "totalOtherIncomeExpensesNet": 0,
    "incomeBeforeTax": 391000000,
    "incomeBeforeTaxRatio": 0.2823104693,
    "incomeTaxExpense": 57000000,
    "netIncome": 334000000,
    "netIncomeRatio": 0.2411552347,
    "eps": 0.3,
    "epsdiluted": 0.29,
    "weightedAverageShsOut": 1054460000,
    "weightedAverageShsOutDil": 1073055000,
    "link": "https://www.sec.gov/Archives/edgar/data/49196/000004919619000018/0000049196-19-000018-index.htm",
    "finalLink": "https://www.sec.gov/Archives/edgar/data/49196/000004919619000018/hban2018-12x31x10k.htm"
  },
  {
    "date": "2018-09-30",
    "symbol": "HBAN",
    "reportedCurrency": "USD",
    "cik": "0000049196",
    "fillingDate": "2018-10-30",
    "acceptedDate": "2018-10-30 17:10:03",
    "calendarYear": "2018",
    "period": "Q3",
    "revenue": 1349000000,
    "costOfRevenue": 258000000,
    "grossProfit": 1091000000,
    "grossProfitRatio": 0.8087472202,
    "researchAndDevelopmentExpenses": 0,
    "generalAndAdministrativeExpenses": 406000000,
    "sellingAndMarketingExpenses": 12000000,
    "sellingGeneralAndAdministrativeExpenses": 418000000,
    "otherExpenses": 233000000,
    "operatingExpenses": 651000000,
    "costAndExpenses": 909000000,
    "interestIncome": 1007000000,
    "interestExpense": 205000000,
    "depreciationAndAmortization": 122000000,
    "ebitda": 562000000,
    "ebitdaratio": 0.4166048925,
    "operatingIncome": 440000000,
    "operatingIncomeRatio": 0.3261675315,
    "totalOtherIncomeExpensesNet": 0,
    "incomeBeforeTax": 440000000,
    "incomeBeforeTaxRatio": 0.3261675315,
    "incomeTaxExpense": 62000000,
    "netIncome": 378000000,
    "netIncomeRatio": 0.2802075612,
    "eps": 0.33,
    "epsdiluted": 0.33,
    "weightedAverageShsOut": 1084536000,
    "weightedAverageShsOutDil": 1103740000,
    "link": "https://www.sec.gov/Archives/edgar/data/49196/000004919618000063/0000049196-18-000063-index.htm",
    "finalLink": "https://www.sec.gov/Archives/edgar/data/49196/000004919618000063/hban20180930_10q.htm"
  },
  {
    "date": "2018-06-30",
    "symbol": "HBAN",
    "reportedCurrency": "USD",
    "cik": "0000049196",
    "fillingDate": "2018-07-30",
    "acceptedDate": "2018-07-30 17:13:46",
    "calendarYear": "2018",
    "period": "Q2",
    "revenue": 1308000000,
    "costOfRevenue": 244000000,
    "grossProfit": 1064000000,
    "grossProfitRatio": 0.8134556575,
    "researchAndDevelopmentExpenses": 0,
    "generalAndAdministrativeExpenses": 414000000,
    "sellingAndMarketingExpenses": 18000000,
    "sellingGeneralAndAdministrativeExpenses": 432000000,
    "otherExpenses": 220000000,
    "operatingExpenses": 652000000,
    "costAndExpenses": 896000000,
    "interestIncome": 972000000,
    "interestExpense": 188000000,
    "depreciationAndAmortization": 123000000,
    "ebitda": 535000000,
    "ebitdaratio": 0.4090214067,
    "operatingIncome": 412000000,
    "operatingIncomeRatio": 0.3149847095,
    "totalOtherIncomeExpensesNet": 0,
    "incomeBeforeTax": 412000000,
    "incomeBeforeTaxRatio": 0.3149847095,
    "incomeTaxExpense": 57000000,
    "netIncome": 355000000,
    "netIncomeRatio": 0.2714067278,
    "eps": 0.3,
    "epsdiluted": 0.3,
    "weightedAverageShsOut": 1103337000,
    "weightedAverageShsOutDil": 1122612000,
    "link": "https://www.sec.gov/Archives/edgar/data/49196/000004919618000052/0000049196-18-000052-index.htm",
    "finalLink": "https://www.sec.gov/Archives/edgar/data/49196/000004919618000052/hban20180630_10q.htm"
  },
  {
    "date": "2018-03-31",
    "symbol": "HBAN",
    "reportedCurrency": "USD",
    "cik": "0000049196",
    "fillingDate": "2018-04-30",
    "acceptedDate": "2018-04-30 07:48:20",
    "calendarYear": "2018",
    "period": "Q1",
    "revenue": 1228000000,
    "costOfRevenue": 210000000,
    "grossProfit": 1018000000,
    "grossProfitRatio": 0.828990228,
    "researchAndDevelopmentExpenses": 0,
    "generalAndAdministrativeExpenses": 394000000,
    "sellingAndMarketingExpenses": 8000000,
    "sellingGeneralAndAdministrativeExpenses": 402000000,
    "otherExpenses": 231000000,
    "operatingExpenses": 633000000,
    "costAndExpenses": 843000000,
    "interestIncome": 914000000,
    "interestExpense": 144000000,
    "depreciationAndAmortization": 105000000,
    "ebitda": 490000000,
    "ebitdaratio": 0.3990228013,
    "operatingIncome": 385000000,
    "operatingIncomeRatio": 0.3135179153,
    "totalOtherIncomeExpensesNet": 0,
    "incomeBeforeTax": 385000000,
    "incomeBeforeTaxRatio": 0.3135179153,
    "incomeTaxExpense": 59000000,
    "netIncome": 326000000,
    "netIncomeRatio": 0.2654723127,
    "eps": 0.29,
    "epsdiluted": 0.28,
    "weightedAverageShsOut": 1083836000,
    "weightedAverageShsOutDil": 1124778000,
    "link": "https://www.sec.gov/Archives/edgar/data/49196/000004919618000022/0000049196-18-000022-index.htm",
    "finalLink": "https://www.sec.gov/Archives/edgar/data/49196/000004919618000022/hban20180331_10q.htm"
  },
  {
    "date": "2017-12-31",
    "symbol": "HBAN",
    "reportedCurrency": "USD",
    "cik": "0000049196",
    "fillingDate": "2018-02-16",
    "acceptedDate": "2018-02-16 17:01:33",
    "calendarYear": "2017",
    "period": "Q4",
    "revenue": 1230451000,
    "costOfRevenue": 188943000,
    "grossProfit": 1041508000,
    "grossProfitRatio": 0.8464441087,
    "researchAndDevelopmentExpenses": 0,
    "generalAndAdministrativeExpenses": 391884000,
    "sellingAndMarketingExpenses": 10264000,
    "sellingGeneralAndAdministrativeExpenses": 402148000,
    "otherExpenses": 227638000,
    "operatingExpenses": 629786000,
    "costAndExpenses": 818729000,
    "interestIncome": 893229000,
    "interestExpense": 124149000,
    "depreciationAndAmortization": 105937000,
    "ebitda": 517659000,
    "ebitdaratio": 0.4207067165,
    "operatingIncome": 411722000,
    "operatingIncomeRatio": 0.3346106428,
    "totalOtherIncomeExpensesNet": 0,
    "incomeBeforeTax": 411722000,
    "incomeBeforeTaxRatio": 0.3346106428,
    "incomeTaxExpense": -19875000,
    "netIncome": 431597000,
    "netIncomeRatio": 0.3507632567,
    "eps": 0.38,
    "epsdiluted": 0.37,
    "weightedAverageShsOut": 1077397000,
    "weightedAverageShsOutDil": 1130117000,
    "link": "https://www.sec.gov/Archives/edgar/data/49196/000004919618000008/0000049196-18-000008-index.htm",
    "finalLink": "https://www.sec.gov/Archives/edgar/data/49196/000004919618000008/hban2017-12x31x10k.htm"
  },
  {
    "date": "2017-09-30",
    "symbol": "HBAN",
    "reportedCurrency": "USD",
    "cik": "0000049196",
    "fillingDate": "2017-10-30",
    "acceptedDate": "2017-10-30 17:19:17",
    "calendarYear": "2017",
    "period": "Q3",
    "revenue": 1203000000,
    "costOfRevenue": 158000000,
    "grossProfit": 1045000000,
    "grossProfitRatio": 0.8686616791,
    "researchAndDevelopmentExpenses": 0,
    "generalAndAdministrativeExpenses": 396000000,
    "sellingAndMarketingExpenses": 17000000,
    "sellingGeneralAndAdministrativeExpenses": 413000000,
    "otherExpenses": 267000000,
    "operatingExpenses": 680000000,
    "costAndExpenses": 838000000,
    "interestIncome": 873000000,
    "interestExpense": 115000000,
    "depreciationAndAmortization": 96000000,
    "ebitda": 461000000,
    "ebitdaratio": 0.3832086451,
    "operatingIncome": 365000000,
    "operatingIncomeRatio": 0.3034081463,
    "totalOtherIncomeExpensesNet": 0,
    "incomeBeforeTax": 365000000,
    "incomeBeforeTaxRatio": 0.3034081463,
    "incomeTaxExpense": 90000000,
    "netIncome": 274568000,
    "netIncomeRatio": 0.2282360765,
    "eps": 0.24,
    "epsdiluted": 0.23,
    "weightedAverageShsOut": 1086038000,
    "weightedAverageShsOutDil": 1106491000,
    "link": "https://www.sec.gov/Archives/edgar/data/49196/000004919617000059/0000049196-17-000059-index.htm",
    "finalLink": "https://www.sec.gov/Archives/edgar/data/49196/000004919617000059/hban20170930_10q.htm"
  },
  {
    "date": "2017-06-30",
    "symbol": "HBAN",
    "reportedCurrency": "USD",
    "cik": "0000049196",
    "fillingDate": "2017-07-31",
    "acceptedDate": "2017-07-31 07:17:38",
    "calendarYear": "2017",
    "period": "Q2",
    "revenue": 1171000000,
    "costOfRevenue": 126000000,
    "grossProfit": 1045000000,
    "grossProfitRatio": 0.8923996584,
    "researchAndDevelopmentExpenses": 0,
    "generalAndAdministrativeExpenses": 412000000,
    "sellingAndMarketingExpenses": 19000000,
    "sellingGeneralAndAdministrativeExpenses": 431000000,
    "otherExpenses": 263000000,
    "operatingExpenses": 694000000,
    "costAndExpenses": 820000000,
    "interestIncome": 846000000,
    "interestExpense": 101000000,
    "depreciationAndAmortization": 0,
    "ebitda": 351000000,
    "ebitdaratio": 0.2997438087,
    "operatingIncome": 351000000,
    "operatingIncomeRatio": 0.2997438087,
    "totalOtherIncomeExpensesNet": 0,
    "incomeBeforeTax": 351000000,
    "incomeBeforeTaxRatio": 0.2997438087,
    "incomeTaxExpense": 79000000,
    "netIncome": 271741000,
    "netIncomeRatio": 0.232058924,
    "eps": 0.23,
    "epsdiluted": 0.23,
    "weightedAverageShsOut": 1088934000,
    "weightedAverageShsOutDil": 1108527000,
    "link": "https://www.sec.gov/Archives/edgar/data/49196/000004919617000045/0000049196-17-000045-index.htm",
    "finalLink": "https://www.sec.gov/Archives/edgar/data/49196/000004919617000045/hban20170630_10q.htm"
  },
  {
    "date": "2017-03-31",
    "symbol": "HBAN",
    "reportedCurrency": "USD",
    "cik": "0000049196",
    "fillingDate": "2017-04-28",
    "acceptedDate": "2017-04-28 15:57:54",
    "calendarYear": "2017",
    "period": "Q1",
    "revenue": 1130000000,
    "costOfRevenue": 158000000,
    "grossProfit": 972000000,
    "grossProfitRatio": 0.8601769912,
    "researchAndDevelopmentExpenses": 0,
    "generalAndAdministrativeExpenses": 402000000,
    "sellingAndMarketingExpenses": 14000000,
    "sellingGeneralAndAdministrativeExpenses": 416000000,
    "otherExpenses": 289000000,
    "operatingExpenses": 705000000,
    "costAndExpenses": 863000000,
    "interestIncome": 820000000,
    "interestExpense": 90000000,
    "depreciationAndAmortization": 211000000,
    "ebitda": 478000000,
    "ebitdaratio": 0.4230088496,
    "operatingIncome": 267000000,
    "operatingIncomeRatio": 0.2362831858,
    "totalOtherIncomeExpensesNet": 0,
    "incomeBeforeTax": 267000000,
    "incomeBeforeTaxRatio": 0.2362831858,
    "incomeTaxExpense": 59000000,
    "netIncome": 208094000,
    "netIncomeRatio": 0.1841539823,
    "eps": 0.17,
    "epsdiluted": 0.17,
    "weightedAverageShsOut": 1086374000,
    "weightedAverageShsOutDil": 1108617000,
    "link": "https://www.sec.gov/Archives/edgar/data/49196/000004919617000019/0000049196-17-000019-index.htm",
    "finalLink": "https://www.sec.gov/Archives/edgar/data/49196/000004919617000019/hban20170331_10q.htm"
  },
  {
    "date": "2016-12-31",
    "symbol": "HBAN",
    "reportedCurrency": "USD",
    "cik": "0000049196",
    "fillingDate": "2017-02-22",
    "acceptedDate": "2017-02-22 06:37:21",
    "calendarYear": "2016",
    "period": "Q4",
    "revenue": 1149195000,
    "costOfRevenue": 154783000,
    "grossProfit": 994412000,
    "grossProfitRatio": 0.8653118052,
    "researchAndDevelopmentExpenses": 0,
    "generalAndAdministrativeExpenses": 375527000,
    "sellingAndMarketingExpenses": 21478000,
    "sellingGeneralAndAdministrativeExpenses": 397005000,
    "otherExpenses": 284492000,
    "operatingExpenses": 681497000,
    "costAndExpenses": 836280000,
    "interestIncome": 814858000,
    "interestExpense": 79877000,
    "depreciationAndAmortization": 80328000,
    "ebitda": 393243000,
    "ebitdaratio": 0.3421899678,
    "operatingIncome": 312915000,
    "operatingIncomeRatio": 0.2722906034,
    "totalOtherIncomeExpensesNet": 0,
    "incomeBeforeTax": 312915000,
    "incomeBeforeTaxRatio": 0.2722906034,
    "incomeTaxExpense": 73952000,
    "netIncome": 238963000,
    "netIncomeRatio": 0.2079394707,
    "eps": 0.18,
    "epsdiluted": 0.18,
    "weightedAverageShsOut": 1085253000,
    "weightedAverageShsOutDil": 1104358000,
    "link": "https://www.sec.gov/Archives/edgar/data/49196/000004919617000009/0000049196-17-000009-index.htm",
    "finalLink": "https://www.sec.gov/Archives/edgar/data/49196/000004919617000009/hban20161231_10k.htm"
  },
  {
    "date": "2016-09-30",
    "symbol": "HBAN",
    "reportedCurrency": "USD",
    "cik": "0000049196",
    "fillingDate": "2016-11-08",
    "acceptedDate": "2016-11-08 16:05:23",
    "calendarYear": "2016",
    "period": "Q3",
    "revenue": 996761000,
    "costOfRevenue": 132761000,
    "grossProfit": 864000000,
    "grossProfitRatio": 0.8668075898,
    "researchAndDevelopmentExpenses": 0,
    "generalAndAdministrativeExpenses": 419964000,
    "sellingAndMarketingExpenses": 14438000,
    "sellingGeneralAndAdministrativeExpenses": 434402000,
    "otherExpenses": 277845000,
    "operatingExpenses": 712247000,
    "costAndExpenses": 845008000,
    "interestIncome": 694346000,
    "interestExpense": 68956000,
    "depreciationAndAmortization": 91195000,
    "ebitda": 242948000,
    "ebitdaratio": 0.2437374657,
    "operatingIncome": 151753000,
    "operatingIncomeRatio": 0.1522461252,
    "totalOtherIncomeExpensesNet": 0,
    "incomeBeforeTax": 151753000,
    "incomeBeforeTaxRatio": 0.1522461252,
    "incomeTaxExpense": 24749000,
    "netIncome": 127004000,
    "netIncomeRatio": 0.1274167027,
    "eps": 0.12,
    "epsdiluted": 0.11,
    "weightedAverageShsOut": 938578000,
    "weightedAverageShsOutDil": 952081000,
    "link": "https://www.sec.gov/Archives/edgar/data/49196/000004919616000085/0000049196-16-000085-index.htm",
    "finalLink": "https://www.sec.gov/Archives/edgar/data/49196/000004919616000085/hban20160930_10q.htm"
  },
  {
    "date": "2016-06-30",
    "symbol": "HBAN",
    "reportedCurrency": "USD",
    "cik": "0000049196",
    "fillingDate": "2016-07-29",
    "acceptedDate": "2016-07-29 13:41:36",
    "calendarYear": "2016",
    "period": "Q2",
    "revenue": 836770000,
    "costOfRevenue": 84286000,
    "grossProfit": 752484000,
    "grossProfitRatio": 0.8992722014,
    "researchAndDevelopmentExpenses": 0,
    "generalAndAdministrativeExpenses": 311136000,
    "sellingAndMarketingExpenses": 14773000,
    "sellingGeneralAndAdministrativeExpenses": 325909000,
    "otherExpenses": 197752000,
    "operatingExpenses": 523661000,
    "costAndExpenses": 607947000,
    "interestIncome": 565658000,
    "interestExpense": 59777000,
    "depreciationAndAmortization": 103146000,
    "ebitda": 331969000,
    "ebitdaratio": 0.3967266991,
    "operatingIncome": 228823000,
    "operatingIncomeRatio": 0.2734598516,
    "totalOtherIncomeExpensesNet": 0,
    "incomeBeforeTax": 228823000,
    "incomeBeforeTaxRatio": 0.2734598516,
    "incomeTaxExpense": 54283000,
    "netIncome": 174540000,
    "netIncomeRatio": 0.208587784,
    "eps": 0.19,
    "epsdiluted": 0.19,
    "weightedAverageShsOut": 798167000,
    "weightedAverageShsOutDil": 810371000,
    "link": "https://www.sec.gov/Archives/edgar/data/49196/000004919616000071/0000049196-16-000071-index.htm",
    "finalLink": "https://www.sec.gov/Archives/edgar/data/49196/000004919616000071/hban20160630_10q.htm"
  },
  {
    "date": "2016-03-31",
    "symbol": "HBAN",
    "reportedCurrency": "USD",
    "cik": "0000049196",
    "fillingDate": "2016-04-29",
    "acceptedDate": "2016-04-29 12:32:02",
    "calendarYear": "2016",
    "period": "Q1",
    "revenue": 799118000,
    "costOfRevenue": 81767000,
    "grossProfit": 717351000,
    "grossProfitRatio": 0.8976784405,
    "researchAndDevelopmentExpenses": 0,
    "generalAndAdministrativeExpenses": 296605000,
    "sellingAndMarketingExpenses": 12268000,
    "sellingGeneralAndAdministrativeExpenses": 308873000,
    "otherExpenses": 182207000,
    "operatingExpenses": 491080000,
    "costAndExpenses": 572847000,
    "interestIncome": 557251000,
    "interestExpense": 54185000,
    "depreciationAndAmortization": 105103000,
    "ebitda": 331374000,
    "ebitdaratio": 0.4146746788,
    "operatingIncome": 226271000,
    "operatingIncomeRatio": 0.2831509239,
    "totalOtherIncomeExpensesNet": 0,
    "incomeBeforeTax": 226271000,
    "incomeBeforeTaxRatio": 0.2831509239,
    "incomeTaxExpense": 54957000,
    "netIncome": 171314000,
    "netIncomeRatio": 0.2143788527,
    "eps": 0.21,
    "epsdiluted": 0.2,
    "weightedAverageShsOut": 795755000,
    "weightedAverageShsOutDil": 808349000,
    "link": "https://www.sec.gov/Archives/edgar/data/49196/000004919616000041/0000049196-16-000041-index.htm",
    "finalLink": "https://www.sec.gov/Archives/edgar/data/49196/000004919616000041/hban-2016033110q.htm"
  },
  {
    "date": "2015-12-31",
    "symbol": "HBAN",
    "reportedCurrency": "USD",
    "cik": "0000049196",
    "fillingDate": "2016-02-17",
    "acceptedDate": "2016-02-17 15:49:58",
    "calendarYear": "2015",
    "period": "Q4",
    "revenue": 816368000,
    "costOfRevenue": 83710000,
    "grossProfit": 732658000,
    "grossProfitRatio": 0.897460459,
    "researchAndDevelopmentExpenses": 0,
    "generalAndAdministrativeExpenses": 299966000,
    "sellingAndMarketingExpenses": 12035000,
    "sellingGeneralAndAdministrativeExpenses": 312001000,
    "otherExpenses": 186765000,
    "operatingExpenses": 498766000,
    "costAndExpenses": 582476000,
    "interestIncome": 544153000,
    "interestExpense": 47242000,
    "depreciationAndAmortization": 78493000,
    "ebitda": 312385000,
    "ebitdaratio": 0.3826521863,
    "operatingIncome": 233892000,
    "operatingIncomeRatio": 0.2865031456,
    "totalOtherIncomeExpensesNet": 0,
    "incomeBeforeTax": 233892000,
    "incomeBeforeTaxRatio": 0.2865031456,
    "incomeTaxExpense": 55583000,
    "netIncome": 178309000,
    "netIncomeRatio": 0.2184174294,
    "eps": 0.21,
    "epsdiluted": 0.21,
    "weightedAverageShsOut": 803412000,
    "weightedAverageShsOutDil": 810143000,
    "link": "https://www.sec.gov/Archives/edgar/data/49196/000004919616000032/0000049196-16-000032-index.htm",
    "finalLink": "https://www.sec.gov/Archives/edgar/data/49196/000004919616000032/hban-2015x1231x10k.htm"
  },
  {
    "date": "2015-09-30",
    "symbol": "HBAN",
    "reportedCurrency": "USD",
    "cik": "0000049196",
    "fillingDate": "2015-10-30",
    "acceptedDate": "2015-10-30 15:57:49",
    "calendarYear": "2015",
    "period": "Q3",
    "revenue": 791596000,
    "costOfRevenue": 65498000,
    "grossProfit": 726098000,
    "grossProfitRatio": 0.9172582984,
    "researchAndDevelopmentExpenses": 0,
    "generalAndAdministrativeExpenses": 297820000,
    "sellingAndMarketingExpenses": 12179000,
    "sellingGeneralAndAdministrativeExpenses": 309999000,
    "otherExpenses": 216509000,
    "operatingExpenses": 526508000,
    "costAndExpenses": 592006000,
    "interestIncome": 538477000,
    "interestExpense": 43022000,
    "depreciationAndAmortization": 94831000,
    "ebitda": 294421000,
    "ebitdaratio": 0.3719334105,
    "operatingIncome": 199590000,
    "operatingIncomeRatio": 0.2521361907,
    "totalOtherIncomeExpensesNet": 0,
    "incomeBeforeTax": 199590000,
    "incomeBeforeTaxRatio": 0.2521361907,
    "incomeTaxExpense": 47002000,
    "netIncome": 152588000,
    "netIncomeRatio": 0.1927599432,
    "eps": 0.18,
    "epsdiluted": 0.18,
    "weightedAverageShsOut": 800883000,
    "weightedAverageShsOutDil": 814326000,
    "link": "https://www.sec.gov/Archives/edgar/data/49196/000004919615000017/0000049196-15-000017-index.htm",
    "finalLink": "https://www.sec.gov/Archives/edgar/data/49196/000004919615000017/hban-2015093010q.htm"
  },
  {
    "date": "2015-06-30",
    "symbol": "HBAN",
    "reportedCurrency": "USD",
    "cik": "0000049196",
    "fillingDate": "2015-08-04",
    "acceptedDate": "2015-08-04 10:31:41",
    "calendarYear": "2015",
    "period": "Q2",
    "revenue": 811568000,
    "costOfRevenue": 59528000,
    "grossProfit": 752040000,
    "grossProfitRatio": 0.9266506319,
    "researchAndDevelopmentExpenses": 0,
    "generalAndAdministrativeExpenses": 293922000,
    "sellingAndMarketingExpenses": 15024000,
    "sellingGeneralAndAdministrativeExpenses": 308946000,
    "otherExpenses": 182831000,
    "operatingExpenses": 491777000,
    "costAndExpenses": 551305000,
    "interestIncome": 529795000,
    "interestExpense": 39109000,
    "depreciationAndAmortization": 72293000,
    "ebitda": 332556000,
    "ebitdaratio": 0.4097697297,
    "operatingIncome": 260263000,
    "operatingIncomeRatio": 0.3206915502,
    "totalOtherIncomeExpensesNet": 0,
    "incomeBeforeTax": 260263000,
    "incomeBeforeTaxRatio": 0.3206915502,
    "incomeTaxExpense": 64057000,
    "netIncome": 196206000,
    "netIncomeRatio": 0.2417616269,
    "eps": 0.23,
    "epsdiluted": 0.23,
    "weightedAverageShsOut": 806891000,
    "weightedAverageShsOutDil": 820238000,
    "link": "https://www.sec.gov/Archives/edgar/data/49196/000119312515275952/0001193125-15-275952-index.htm",
    "finalLink": "https://www.sec.gov/Archives/edgar/data/49196/000119312515275952/d945134d10q.htm"
  },
  {
    "date": "2015-03-31",
    "symbol": "HBAN",
    "reportedCurrency": "USD",
    "cik": "0000049196",
    "fillingDate": "2015-05-05",
    "acceptedDate": "2015-05-05 13:32:05",
    "calendarYear": "2015",
    "period": "Q1",
    "revenue": 733719000,
    "costOfRevenue": 55002000,
    "grossProfit": 678717000,
    "grossProfitRatio": 0.9250366966,
    "researchAndDevelopmentExpenses": 0,
    "generalAndAdministrativeExpenses": 275083000,
    "sellingAndMarketingExpenses": 12975000,
    "sellingGeneralAndAdministrativeExpenses": 288058000,
    "otherExpenses": 170799000,
    "operatingExpenses": 458857000,
    "costAndExpenses": 513859000,
    "interestIncome": 502096000,
    "interestExpense": 34411000,
    "depreciationAndAmortization": 95664000,
    "ebitda": 315524000,
    "ebitdaratio": 0.4300338413,
    "operatingIncome": 219860000,
    "operatingIncomeRatio": 0.2996515015,
    "totalOtherIncomeExpensesNet": 0,
    "incomeBeforeTax": 219860000,
    "incomeBeforeTaxRatio": 0.2996515015,
    "incomeTaxExpense": 54006000,
    "netIncome": 165854000,
    "netIncomeRatio": 0.226045666,
    "eps": 0.19,
    "epsdiluted": 0.19,
    "weightedAverageShsOut": 809778000,
    "weightedAverageShsOutDil": 823809000,
    "link": "https://www.sec.gov/Archives/edgar/data/49196/000119312515171460/0001193125-15-171460-index.htm",
    "finalLink": "https://www.sec.gov/Archives/edgar/data/49196/000119312515171460/d915016d10q.htm"
  },
  {
    "date": "2014-12-31",
    "symbol": "HBAN",
    "reportedCurrency": "USD",
    "cik": "0000049196",
    "fillingDate": "2015-02-13",
    "acceptedDate": "2015-02-13 14:04:15",
    "calendarYear": "2014",
    "period": "Q4",
    "revenue": 740903000,
    "costOfRevenue": 36867000,
    "grossProfit": 704036000,
    "grossProfitRatio": 0.9502404498,
    "researchAndDevelopmentExpenses": 0,
    "generalAndAdministrativeExpenses": 276388000,
    "sellingAndMarketingExpenses": 12466000,
    "sellingGeneralAndAdministrativeExpenses": 288854000,
    "otherExpenses": 194417000,
    "operatingExpenses": 483271000,
    "costAndExpenses": 520138000,
    "interestIncome": 507625000,
    "interestExpense": 34373000,
    "depreciationAndAmortization": 93858000,
    "ebitda": 314623000,
    "ebitdaratio": 0.4246480308,
    "operatingIncome": 220765000,
    "operatingIncomeRatio": 0.2979674802,
    "totalOtherIncomeExpensesNet": 0,
    "incomeBeforeTax": 220765000,
    "incomeBeforeTaxRatio": 0.2979674802,
    "incomeTaxExpense": 57151000,
    "netIncome": 163614000,
    "netIncomeRatio": 0.2208305271,
    "eps": 0.19,
    "epsdiluted": 0.19,
    "weightedAverageShsOut": 819917000,
    "weightedAverageShsOutDil": 825338000,
    "link": "https://www.sec.gov/Archives/edgar/data/49196/000119312515049355/0001193125-15-049355-index.htm",
    "finalLink": "https://www.sec.gov/Archives/edgar/data/49196/000119312515049355/d859562d10k.htm"
  },
  {
    "date": "2014-09-30",
    "symbol": "HBAN",
    "reportedCurrency": "USD",
    "cik": "0000049196",
    "fillingDate": "2014-10-28",
    "acceptedDate": "2014-10-28 14:30:40",
    "calendarYear": "2014",
    "period": "Q3",
    "revenue": 748409000,
    "costOfRevenue": 59205000,
    "grossProfit": 689204000,
    "grossProfitRatio": 0.920892186,
    "researchAndDevelopmentExpenses": 0,
    "generalAndAdministrativeExpenses": 287037000,
    "sellingAndMarketingExpenses": 12576000,
    "sellingGeneralAndAdministrativeExpenses": 299613000,
    "otherExpenses": 180705000,
    "operatingExpenses": 480318000,
    "costAndExpenses": 539523000,
    "interestIncome": 501060000,
    "interestExpense": 34725000,
    "depreciationAndAmortization": 86107000,
    "ebitda": 294993000,
    "ebitdaratio": 0.3941601451,
    "operatingIncome": 208886000,
    "operatingIncomeRatio": 0.2791067451,
    "totalOtherIncomeExpensesNet": 0,
    "incomeBeforeTax": 208886000,
    "incomeBeforeTaxRatio": 0.2791067451,
    "incomeTaxExpense": 53870000,
    "netIncome": 155016000,
    "netIncomeRatio": 0.2071273862,
    "eps": 0.18,
    "epsdiluted": 0.18,
    "weightedAverageShsOut": 816497000,
    "weightedAverageShsOutDil": 829623000,
    "link": "https://www.sec.gov/Archives/edgar/data/49196/000119312514384817/0001193125-14-384817-index.htm",
    "finalLink": "https://www.sec.gov/Archives/edgar/data/49196/000119312514384817/d798015d10q.htm"
  },
  {
    "date": "2014-06-30",
    "symbol": "HBAN",
    "reportedCurrency": "USD",
    "cik": "0000049196",
    "fillingDate": "2014-07-30",
    "acceptedDate": "2014-07-30 16:08:02",
    "calendarYear": "2014",
    "period": "Q2",
    "revenue": 745389000,
    "costOfRevenue": 64659000,
    "grossProfit": 680730000,
    "grossProfitRatio": 0.9132546898,
    "researchAndDevelopmentExpenses": 0,
    "generalAndAdministrativeExpenses": 271199000,
    "sellingAndMarketingExpenses": 14832000,
    "sellingGeneralAndAdministrativeExpenses": 286031000,
    "otherExpenses": 172605000,
    "operatingExpenses": 458636000,
    "costAndExpenses": 523295000,
    "interestIncome": 495322000,
    "interestExpense": 35274000,
    "depreciationAndAmortization": 70852000,
    "ebitda": 292946000,
    "ebitdaratio": 0.3930108977,
    "operatingIncome": 222094000,
    "operatingIncomeRatio": 0.297957174,
    "totalOtherIncomeExpensesNet": 0,
    "incomeBeforeTax": 222094000,
    "incomeBeforeTaxRatio": 0.297957174,
    "incomeTaxExpense": 57475000,
    "netIncome": 164619000,
    "netIncomeRatio": 0.2208497845,
    "eps": 0.19,
    "epsdiluted": 0.19,
    "weightedAverageShsOut": 821546000,
    "weightedAverageShsOutDil": 834687000,
    "link": "https://www.sec.gov/Archives/edgar/data/49196/000119312514286900/0001193125-14-286900-index.htm",
    "finalLink": "https://www.sec.gov/Archives/edgar/data/49196/000119312514286900/d762649d10q.htm"
  },
  {
    "date": "2014-03-31",
    "symbol": "HBAN",
    "reportedCurrency": "USD",
    "cik": "0000049196",
    "fillingDate": "2014-04-28",
    "acceptedDate": "2014-04-28 15:48:26",
    "calendarYear": "2014",
    "period": "Q1",
    "revenue": 720940000,
    "costOfRevenue": 59579000,
    "grossProfit": 661361000,
    "grossProfitRatio": 0.9173592809,
    "researchAndDevelopmentExpenses": 0,
    "generalAndAdministrativeExpenses": 263195000,
    "sellingAndMarketingExpenses": 10686000,
    "sellingGeneralAndAdministrativeExpenses": 273881000,
    "otherExpenses": 186240000,
    "operatingExpenses": 460121000,
    "costAndExpenses": 519700000,
    "interestIncome": 472455000,
    "interestExpense": 34949000,
    "depreciationAndAmortization": 82015000,
    "ebitda": 283255000,
    "ebitdaratio": 0.3928967737,
    "operatingIncome": 201240000,
    "operatingIncomeRatio": 0.279135573,
    "totalOtherIncomeExpensesNet": 0,
    "incomeBeforeTax": 201240000,
    "incomeBeforeTaxRatio": 0.279135573,
    "incomeTaxExpense": 52097000,
    "netIncome": 149143000,
    "netIncomeRatio": 0.2068729714,
    "eps": 0.17,
    "epsdiluted": 0.17,
    "weightedAverageShsOut": 829659000,
    "weightedAverageShsOutDil": 842677000,
    "link": "https://www.sec.gov/Archives/edgar/data/49196/000119312514162757/0001193125-14-162757-index.htm",
    "finalLink": "https://www.sec.gov/Archives/edgar/data/49196/000119312514162757/d714459d10q.htm"
  },
  {
    "date": "2013-12-31",
    "symbol": "HBAN",
    "reportedCurrency": "USD",
    "cik": "0000049196",
    "fillingDate": "2014-02-14",
    "acceptedDate": "2014-02-14 15:57:28",
    "calendarYear": "2013",
    "period": "Q4",
    "revenue": 716452000,
    "costOfRevenue": 63506000,
    "grossProfit": 652946000,
    "grossProfitRatio": 0.9113604261,
    "researchAndDevelopmentExpenses": 0,
    "generalAndAdministrativeExpenses": 293536000,
    "sellingAndMarketingExpenses": 13704000,
    "sellingGeneralAndAdministrativeExpenses": 307240000,
    "otherExpenses": 138769000,
    "operatingExpenses": 446009000,
    "costAndExpenses": 509515000,
    "interestIncome": 469824000,
    "interestExpense": 39175000,
    "depreciationAndAmortization": 71234000,
    "ebitda": 278171000,
    "ebitdaratio": 0.3882618794,
    "operatingIncome": 206937000,
    "operatingIncomeRatio": 0.2888358187,
    "totalOtherIncomeExpensesNet": 0,
    "incomeBeforeTax": 206937000,
    "incomeBeforeTaxRatio": 0.2888358187,
    "incomeTaxExpense": 49114000,
    "netIncome": 157823000,
    "netIncomeRatio": 0.2202841223,
    "eps": 0.18,
    "epsdiluted": 0.18,
    "weightedAverageShsOut": 834205000,
    "weightedAverageShsOutDil": 842324000,
    "link": "https://www.sec.gov/Archives/edgar/data/49196/000119312514054675/0001193125-14-054675-index.htm",
    "finalLink": "https://www.sec.gov/Archives/edgar/data/49196/000119312514054675/d670111d10k.htm"
  },
  {
    "date": "2013-09-30",
    "symbol": "HBAN",
    "reportedCurrency": "USD",
    "cik": "0000049196",
    "fillingDate": "2013-11-07",
    "acceptedDate": "2013-11-07 11:57:35",
    "calendarYear": "2013",
    "period": "Q3",
    "revenue": 716679000,
    "costOfRevenue": 49460000,
    "grossProfit": 667219000,
    "grossProfitRatio": 0.9309872342,
    "researchAndDevelopmentExpenses": 0,
    "generalAndAdministrativeExpenses": 240481000,
    "sellingAndMarketingExpenses": 12271000,
    "sellingGeneralAndAdministrativeExpenses": 252752000,
    "otherExpenses": 170584000,
    "operatingExpenses": 423336000,
    "costAndExpenses": 472796000,
    "interestIncome": 462912000,
    "interestExpense": 38060000,
    "depreciationAndAmortization": 74947000,
    "ebitda": 318830000,
    "ebitdaratio": 0.4448714138,
    "operatingIncome": 243883000,
    "operatingIncomeRatio": 0.3402960042,
    "totalOtherIncomeExpensesNet": 0,
    "incomeBeforeTax": 243883000,
    "incomeBeforeTaxRatio": 0.3402960042,
    "incomeTaxExpense": 65047000,
    "netIncome": 178836000,
    "netIncomeRatio": 0.2495343103,
    "eps": 0.21,
    "epsdiluted": 0.2,
    "weightedAverageShsOut": 830398000,
    "weightedAverageShsOutDil": 841025000,
    "link": "https://www.sec.gov/Archives/edgar/data/49196/000119312513432152/0001193125-13-432152-index.htm",
    "finalLink": "https://www.sec.gov/Archives/edgar/data/49196/000119312513432152/d605793d10q.htm"
  },
  {
    "date": "2013-06-30",
    "symbol": "HBAN",
    "reportedCurrency": "USD",
    "cik": "0000049196",
    "fillingDate": "2013-07-29",
    "acceptedDate": "2013-07-29 15:47:36",
    "calendarYear": "2013",
    "period": "Q2",
    "revenue": 714501000,
    "costOfRevenue": 62367000,
    "grossProfit": 652134000,
    "grossProfitRatio": 0.9127125084,
    "researchAndDevelopmentExpenses": 0,
    "generalAndAdministrativeExpenses": 277322000,
    "sellingAndMarketingExpenses": 14239000,
    "sellingGeneralAndAdministrativeExpenses": 291561000,
    "otherExpenses": 154304000,
    "operatingExpenses": 445865000,
    "costAndExpenses": 508232000,
    "interestIncome": 462582000,
    "interestExpense": 37645000,
    "depreciationAndAmortization": 68187000,
    "ebitda": 274456000,
    "ebitdaratio": 0.3841226254,
    "operatingIncome": 206269000,
    "operatingIncomeRatio": 0.288689589,
    "totalOtherIncomeExpensesNet": 0,
    "incomeBeforeTax": 206269000,
    "incomeBeforeTaxRatio": 0.288689589,
    "incomeTaxExpense": 55269000,
    "netIncome": 151000000,
    "netIncomeRatio": 0.2113363032,
    "eps": 0.17,
    "epsdiluted": 0.17,
    "weightedAverageShsOut": 834730000,
    "weightedAverageShsOutDil": 843840000,
    "link": "https://www.sec.gov/Archives/edgar/data/49196/000119312513307251/0001193125-13-307251-index.htm",
    "finalLink": "https://www.sec.gov/Archives/edgar/data/49196/000119312513307251/d573781d10q.htm"
  },
  {
    "date": "2013-03-31",
    "symbol": "HBAN",
    "reportedCurrency": "USD",
    "cik": "0000049196",
    "fillingDate": "2013-04-29",
    "acceptedDate": "2013-04-29 16:09:29",
    "calendarYear": "2013",
    "period": "Q1",
    "revenue": 721937000,
    "costOfRevenue": 70741000,
    "grossProfit": 651196000,
    "grossProfitRatio": 0.9020122254,
    "researchAndDevelopmentExpenses": 0,
    "generalAndAdministrativeExpenses": 274385000,
    "sellingAndMarketingExpenses": 10971000,
    "sellingGeneralAndAdministrativeExpenses": 285356000,
    "otherExpenses": 157437000,
    "operatingExpenses": 442793000,
    "costAndExpenses": 513534000,
    "interestIncome": 465319000,
    "interestExpense": 41149000,
    "depreciationAndAmortization": 67177000,
    "ebitda": 275580000,
    "ebitdaratio": 0.3817230589,
    "operatingIncome": 208403000,
    "operatingIncomeRatio": 0.2886720032,
    "totalOtherIncomeExpensesNet": 0,
    "incomeBeforeTax": 208403000,
    "incomeBeforeTaxRatio": 0.2886720032,
    "incomeTaxExpense": 55129000,
    "netIncome": 153274000,
    "netIncomeRatio": 0.2123093843,
    "eps": 0.17,
    "epsdiluted": 0.17,
    "weightedAverageShsOut": 841103000,
    "weightedAverageShsOutDil": 848708000,
    "link": "https://www.sec.gov/Archives/edgar/data/49196/000119312513182027/0001193125-13-182027-index.htm",
    "finalLink": "https://www.sec.gov/Archives/edgar/data/49196/000119312513182027/d527183d10q.htm"
  },
  {
    "date": "2012-12-31",
    "symbol": "HBAN",
    "reportedCurrency": "USD",
    "cik": "0000049196",
    "fillingDate": "2013-02-15",
    "acceptedDate": "2013-02-15 15:15:19",
    "calendarYear": "2012",
    "period": "Q4",
    "revenue": 763823000,
    "costOfRevenue": 84398000,
    "grossProfit": 679425000,
    "grossProfitRatio": 0.8895058148,
    "researchAndDevelopmentExpenses": 0,
    "generalAndAdministrativeExpenses": 270279000,
    "sellingAndMarketingExpenses": 5944000,
    "sellingGeneralAndAdministrativeExpenses": 276223000,
    "otherExpenses": 181582000,
    "operatingExpenses": 457805000,
    "costAndExpenses": 542203000,
    "interestIncome": 478995000,
    "interestExpense": 44940000,
    "depreciationAndAmortization": 66531000,
    "ebitda": 288151000,
    "ebitdaratio": 0.3772483939,
    "operatingIncome": 221620000,
    "operatingIncomeRatio": 0.2901457537,
    "totalOtherIncomeExpensesNet": 0,
    "incomeBeforeTax": 221620000,
    "incomeBeforeTaxRatio": 0.2901457537,
    "incomeTaxExpense": 54341000,
    "netIncome": 167279000,
    "netIncomeRatio": 0.2190023081,
    "eps": 0.19,
    "epsdiluted": 0.19,
    "weightedAverageShsOut": 847220000,
    "weightedAverageShsOutDil": 853306000,
    "link": "https://www.sec.gov/Archives/edgar/data/49196/000119312513062480/0001193125-13-062480-index.htm",
    "finalLink": "https://www.sec.gov/Archives/edgar/data/49196/000119312513062480/d487106d10k.htm"
  },
  {
    "date": "2012-09-30",
    "symbol": "HBAN",
    "reportedCurrency": "USD",
    "cik": "0000049196",
    "fillingDate": "2012-10-31",
    "acceptedDate": "2012-10-31 15:09:45",
    "calendarYear": "2012",
    "period": "Q3",
    "revenue": 744854000,
    "costOfRevenue": 90493000,
    "grossProfit": 654361000,
    "grossProfitRatio": 0.8785090769,
    "researchAndDevelopmentExpenses": 0,
    "generalAndAdministrativeExpenses": 263243000,
    "sellingAndMarketingExpenses": 20178000,
    "sellingGeneralAndAdministrativeExpenses": 283421000,
    "otherExpenses": 174882000,
    "operatingExpenses": 458303000,
    "costAndExpenses": 548796000,
    "interestIncome": 483787000,
    "interestExpense": 53489000,
    "depreciationAndAmortization": 69165000,
    "ebitda": 265223000,
    "ebitdaratio": 0.3560738078,
    "operatingIncome": 196058000,
    "operatingIncomeRatio": 0.2632166841,
    "totalOtherIncomeExpensesNet": 0,
    "incomeBeforeTax": 196058000,
    "incomeBeforeTaxRatio": 0.2632166841,
    "incomeTaxExpense": 28291000,
    "netIncome": 167767000,
    "netIncomeRatio": 0.225234744,
    "eps": 0.19,
    "epsdiluted": 0.19,
    "weightedAverageShsOut": 857871000,
    "weightedAverageShsOutDil": 863588000,
    "link": "https://www.sec.gov/Archives/edgar/data/49196/000119312512443543/0001193125-12-443543-index.htm",
    "finalLink": "https://www.sec.gov/Archives/edgar/data/49196/000119312512443543/d428420d10q.htm"
  },
  {
    "date": "2012-06-30",
    "symbol": "HBAN",
    "reportedCurrency": "USD",
    "cik": "0000049196",
    "fillingDate": "2012-07-30",
    "acceptedDate": "2012-07-30 16:37:42",
    "calendarYear": "2012",
    "period": "Q2",
    "revenue": 741363000,
    "costOfRevenue": 95102000,
    "grossProfit": 646261000,
    "grossProfitRatio": 0.8717200616,
    "researchAndDevelopmentExpenses": 0,
    "generalAndAdministrativeExpenses": 258765000,
    "sellingAndMarketingExpenses": 17396000,
    "sellingGeneralAndAdministrativeExpenses": 276161000,
    "otherExpenses": 168108000,
    "operatingExpenses": 444269000,
    "costAndExpenses": 539371000,
    "interestIncome": 487544000,
    "interestExpense": 58582000,
    "depreciationAndAmortization": 68153000,
    "ebitda": 270145000,
    "ebitdaratio": 0.3643896445,
    "operatingIncome": 201992000,
    "operatingIncomeRatio": 0.2724603197,
    "totalOtherIncomeExpensesNet": 0,
    "incomeBeforeTax": 201992000,
    "incomeBeforeTaxRatio": 0.2724603197,
    "incomeTaxExpense": 49286000,
    "netIncome": 152706000,
    "netIncomeRatio": 0.2059800664,
    "eps": 0.17,
    "epsdiluted": 0.17,
    "weightedAverageShsOut": 862261000,
    "weightedAverageShsOutDil": 867551000,
    "link": "https://www.sec.gov/Archives/edgar/data/49196/000119312512322579/0001193125-12-322579-index.htm",
    "finalLink": "https://www.sec.gov/Archives/edgar/data/49196/000119312512322579/d386651d10q.htm"
  },
  {
    "date": "2012-03-31",
    "symbol": "HBAN",
    "reportedCurrency": "USD",
    "cik": "0000049196",
    "fillingDate": "2012-04-30",
    "acceptedDate": "2012-04-30 17:07:37",
    "calendarYear": "2012",
    "period": "Q1",
    "revenue": 765257000,
    "costOfRevenue": 97134000,
    "grossProfit": 668123000,
    "grossProfitRatio": 0.8730700928,
    "researchAndDevelopmentExpenses": 0,
    "generalAndAdministrativeExpenses": 264236000,
    "sellingAndMarketingExpenses": 13569000,
    "sellingGeneralAndAdministrativeExpenses": 277805000,
    "otherExpenses": 184871000,
    "operatingExpenses": 462676000,
    "costAndExpenses": 559810000,
    "interestIncome": 479937000,
    "interestExpense": 62728000,
    "depreciationAndAmortization": 70723000,
    "ebitda": 276170000,
    "ebitdaratio": 0.3608852974,
    "operatingIncome": 205447000,
    "operatingIncomeRatio": 0.2684679787,
    "totalOtherIncomeExpensesNet": 0,
    "incomeBeforeTax": 205447000,
    "incomeBeforeTaxRatio": 0.2684679787,
    "incomeTaxExpense": 52177000,
    "netIncome": 153270000,
    "netIncomeRatio": 0.2002856557,
    "eps": 0.17,
    "epsdiluted": 0.17,
    "weightedAverageShsOut": 864499000,
    "weightedAverageShsOutDil": 869164000,
    "link": "https://www.sec.gov/Archives/edgar/data/49196/000119312512196518/0001193125-12-196518-index.htm",
    "finalLink": "https://www.sec.gov/Archives/edgar/data/49196/000119312512196518/d341995d10q.htm"
  },
  {
    "date": "2011-12-31",
    "symbol": "HBAN",
    "reportedCurrency": "USD",
    "cik": "0000049196",
    "fillingDate": "2012-02-17",
    "acceptedDate": "2012-02-17 16:43:58",
    "calendarYear": "2011",
    "period": "Q4",
    "revenue": 715242000,
    "costOfRevenue": 115482000,
    "grossProfit": 599760000,
    "grossProfitRatio": 0.8385413608,
    "researchAndDevelopmentExpenses": 0,
    "generalAndAdministrativeExpenses": 266600000,
    "sellingAndMarketingExpenses": 16379000,
    "sellingGeneralAndAdministrativeExpenses": 282979000,
    "otherExpenses": 147969000,
    "operatingExpenses": 430948000,
    "costAndExpenses": 546430000,
    "interestIncome": 485216000,
    "interestExpense": 70191000,
    "depreciationAndAmortization": 69021000,
    "ebitda": 237833000,
    "ebitdaratio": 0.3325210209,
    "operatingIncome": 168812000,
    "operatingIncomeRatio": 0.2360208153,
    "totalOtherIncomeExpensesNet": 0,
    "incomeBeforeTax": 168812000,
    "incomeBeforeTaxRatio": 0.2360208153,
    "incomeTaxExpense": 41954000,
    "netIncome": 126858000,
    "netIncomeRatio": 0.1773637454,
    "eps": 0.14,
    "epsdiluted": 0.14,
    "weightedAverageShsOut": 863691000,
    "weightedAverageShsOutDil": 867624000,
    "link": "https://www.sec.gov/Archives/edgar/data/49196/000119312512067565/0001193125-12-067565-index.htm",
    "finalLink": "https://www.sec.gov/Archives/edgar/data/49196/000119312512067565/d257237d10k.htm"
  },
  {
    "date": "2011-09-30",
    "symbol": "HBAN",
    "reportedCurrency": "USD",
    "cik": "0000049196",
    "fillingDate": "2011-10-31",
    "acceptedDate": "2011-10-31 13:53:16",
    "calendarYear": "2011",
    "period": "Q3",
    "revenue": 750919000,
    "costOfRevenue": 128104000,
    "grossProfit": 622815000,
    "grossProfitRatio": 0.829403704,
    "researchAndDevelopmentExpenses": 0,
    "generalAndAdministrativeExpenses": 244327000,
    "sellingAndMarketingExpenses": 22251000,
    "sellingGeneralAndAdministrativeExpenses": 266578000,
    "otherExpenses": 173904000,
    "operatingExpenses": 440482000,
    "costAndExpenses": 568586000,
    "interestIncome": 490996000,
    "interestExpense": 84518000,
    "depreciationAndAmortization": 70284000,
    "ebitda": 252617000,
    "ebitdaratio": 0.3364104517,
    "operatingIncome": 182333000,
    "operatingIncomeRatio": 0.2428131396,
    "totalOtherIncomeExpensesNet": 0,
    "incomeBeforeTax": 182333000,
    "incomeBeforeTaxRatio": 0.2428131396,
    "incomeTaxExpense": 38942000,
    "netIncome": 143391000,
    "netIncomeRatio": 0.1909540177,
    "eps": 0.16,
    "epsdiluted": 0.16,
    "weightedAverageShsOut": 863911000,
    "weightedAverageShsOutDil": 867633000,
    "link": "https://www.sec.gov/Archives/edgar/data/49196/000095012311093405/0000950123-11-093405-index.htm",
    "finalLink": "https://www.sec.gov/Archives/edgar/data/49196/000095012311093405/c22808e10vq.htm"
  },
  {
    "date": "2011-06-30",
    "symbol": "HBAN",
    "reportedCurrency": "USD",
    "cik": "0000049196",
    "fillingDate": "2011-08-08",
    "acceptedDate": "2011-08-08 14:42:38",
    "calendarYear": "2011",
    "period": "Q2",
    "revenue": 748086000,
    "costOfRevenue": 124597000,
    "grossProfit": 623489000,
    "grossProfitRatio": 0.8334456199,
    "researchAndDevelopmentExpenses": 0,
    "generalAndAdministrativeExpenses": 242393000,
    "sellingAndMarketingExpenses": 20102000,
    "sellingGeneralAndAdministrativeExpenses": 262495000,
    "otherExpenses": 166096000,
    "operatingExpenses": 428591000,
    "costAndExpenses": 553188000,
    "interestIncome": 492137000,
    "interestExpense": 88800000,
    "depreciationAndAmortization": 69566000,
    "ebitda": 264464000,
    "ebitdaratio": 0.3535208519,
    "operatingIncome": 194898000,
    "operatingIncomeRatio": 0.2605288697,
    "totalOtherIncomeExpensesNet": 0,
    "incomeBeforeTax": 194898000,
    "incomeBeforeTaxRatio": 0.2605288697,
    "incomeTaxExpense": 48980000,
    "netIncome": 145918000,
    "netIncomeRatio": 0.195055114,
    "eps": 0.16,
    "epsdiluted": 0.16,
    "weightedAverageShsOut": 863358000,
    "weightedAverageShsOutDil": 867469000,
    "link": "https://www.sec.gov/Archives/edgar/data/49196/000095012311074333/0000950123-11-074333-index.htm",
    "finalLink": "https://www.sec.gov/Archives/edgar/data/49196/000095012311074333/c17840e10vq.htm"
  },
  {
    "date": "2011-03-31",
    "symbol": "HBAN",
    "reportedCurrency": "USD",
    "cik": "0000049196",
    "fillingDate": "2011-04-29",
    "acceptedDate": "2011-04-29 15:19:23",
    "calendarYear": "2011",
    "period": "Q1",
    "revenue": 742987000,
    "costOfRevenue": 146932000,
    "grossProfit": 596055000,
    "grossProfitRatio": 0.8022414928,
    "researchAndDevelopmentExpenses": 0,
    "generalAndAdministrativeExpenses": 236924000,
    "sellingAndMarketingExpenses": 16895000,
    "sellingGeneralAndAdministrativeExpenses": 253819000,
    "otherExpenses": 181045000,
    "operatingExpenses": 434864000,
    "costAndExpenses": 581796000,
    "interestIncome": 501877000,
    "interestExpense": 97547000,
    "depreciationAndAmortization": 73234000,
    "ebitda": 234425000,
    "ebitdaratio": 0.3155169606,
    "operatingIncome": 161191000,
    "operatingIncomeRatio": 0.2169499601,
    "totalOtherIncomeExpensesNet": 0,
    "incomeBeforeTax": 161191000,
    "incomeBeforeTaxRatio": 0.2169499601,
    "incomeTaxExpense": 34745000,
    "netIncome": 126446000,
    "netIncomeRatio": 0.1701860194,
    "eps": 0.14,
    "epsdiluted": 0.14,
    "weightedAverageShsOut": 863359000,
    "weightedAverageShsOutDil": 867237000,
    "link": "https://www.sec.gov/Archives/edgar/data/49196/000095012311041911/0000950123-11-041911-index.htm",
    "finalLink": "https://www.sec.gov/Archives/edgar/data/49196/000095012311041911/c16141e10vq.htm"
  },
  {
    "date": "2010-12-31",
    "symbol": "HBAN",
    "reportedCurrency": "USD",
    "cik": "0000049196",
    "fillingDate": "2011-02-18",
    "acceptedDate": "2011-02-18 17:09:05",
    "calendarYear": "2010",
    "period": "Q4",
    "revenue": 780509000,
    "costOfRevenue": 199970000,
    "grossProfit": 580539000,
    "grossProfitRatio": 0.7437953951,
    "researchAndDevelopmentExpenses": 0,
    "generalAndAdministrativeExpenses": 242839000,
    "sellingAndMarketingExpenses": 16168000,
    "sellingGeneralAndAdministrativeExpenses": 259007000,
    "otherExpenses": 163583000,
    "operatingExpenses": 422590000,
    "costAndExpenses": 622560000,
    "interestIncome": 528291000,
    "interestExpense": 112997000,
    "depreciationAndAmortization": 77116000,
    "ebitda": 235065000,
    "ebitdaratio": 0.3011688526,
    "operatingIncome": 157949000,
    "operatingIncomeRatio": 0.2023666607,
    "totalOtherIncomeExpensesNet": 0,
    "incomeBeforeTax": 157949000,
    "incomeBeforeTaxRatio": 0.2023666607,
    "incomeTaxExpense": 35049000,
    "netIncome": 122900000,
    "netIncomeRatio": 0.1574613489,
    "eps": 0.05,
    "epsdiluted": 0.05,
    "weightedAverageShsOut": 757924000,
    "weightedAverageShsOutDil": 760582000,
    "link": "https://www.sec.gov/Archives/edgar/data/49196/000095012311015766/0000950123-11-015766-index.htm",
    "finalLink": "https://www.sec.gov/Archives/edgar/data/49196/000095012311015766/l41237e10vk.htm"
  },
  {
    "date": "2010-09-30",
    "symbol": "HBAN",
    "reportedCurrency": "USD",
    "cik": "0000049196",
    "fillingDate": "2010-10-29",
    "acceptedDate": "2010-10-29 16:10:55",
    "calendarYear": "2010",
    "period": "Q3",
    "revenue": 804529000,
    "costOfRevenue": 243867000,
    "grossProfit": 560662000,
    "grossProfitRatio": 0.6968822752,
    "researchAndDevelopmentExpenses": 0,
    "generalAndAdministrativeExpenses": 231678000,
    "sellingAndMarketingExpenses": 20921000,
    "sellingGeneralAndAdministrativeExpenses": 252599000,
    "otherExpenses": 177427000,
    "operatingExpenses": 430026000,
    "costAndExpenses": 673893000,
    "interestIncome": 534669000,
    "interestExpense": 124707000,
    "depreciationAndAmortization": 73113000,
    "ebitda": 203749000,
    "ebitdaratio": 0.2532525241,
    "operatingIncome": 130636000,
    "operatingIncomeRatio": 0.1623757503,
    "totalOtherIncomeExpensesNet": 0,
    "incomeBeforeTax": 130636000,
    "incomeBeforeTaxRatio": 0.1623757503,
    "incomeTaxExpense": 29690000,
    "netIncome": 100946000,
    "netIncomeRatio": 0.1254721707,
    "eps": 0.1,
    "epsdiluted": 0.1,
    "weightedAverageShsOut": 716911000,
    "weightedAverageShsOutDil": 719567000,
    "link": "https://www.sec.gov/Archives/edgar/data/49196/000095012310098157/0000950123-10-098157-index.htm",
    "finalLink": "https://www.sec.gov/Archives/edgar/data/49196/000095012310098157/c07399e10vq.htm"
  },
  {
    "date": "2010-06-30",
    "symbol": "HBAN",
    "reportedCurrency": "USD",
    "cik": "0000049196",
    "fillingDate": "2010-08-09",
    "acceptedDate": "2010-08-09 15:50:57",
    "calendarYear": "2010",
    "period": "Q2",
    "revenue": 808120000,
    "costOfRevenue": 329403000,
    "grossProfit": 478717000,
    "grossProfitRatio": 0.5923835569,
    "researchAndDevelopmentExpenses": 0,
    "generalAndAdministrativeExpenses": 220942000,
    "sellingAndMarketingExpenses": 17682000,
    "sellingGeneralAndAdministrativeExpenses": 238624000,
    "otherExpenses": 178010000,
    "operatingExpenses": 416634000,
    "costAndExpenses": 746037000,
    "interestIncome": 535653000,
    "interestExpense": 135997000,
    "depreciationAndAmortization": 66227000,
    "ebitda": 128310000,
    "ebitdaratio": 0.1587759244,
    "operatingIncome": 62083000,
    "operatingIncomeRatio": 0.0768239865,
    "totalOtherIncomeExpensesNet": 0,
    "incomeBeforeTax": 62083000,
    "incomeBeforeTaxRatio": 0.0768239865,
    "incomeTaxExpense": 13319000,
    "netIncome": 48764000,
    "netIncomeRatio": 0.0603425234,
    "eps": 0.03,
    "epsdiluted": 0.03,
    "weightedAverageShsOut": 716580000,
    "weightedAverageShsOutDil": 719387000,
    "link": "https://www.sec.gov/Archives/edgar/data/49196/000095012310074986/0000950123-10-074986-index.htm",
    "finalLink": "https://www.sec.gov/Archives/edgar/data/49196/000095012310074986/c04589e10vq.htm"
  },
  {
    "date": "2010-03-31",
    "symbol": "HBAN",
    "reportedCurrency": "USD",
    "cik": "0000049196",
    "fillingDate": "2010-05-07",
    "acceptedDate": "2010-05-07 16:50:49",
    "calendarYear": "2010",
    "period": "Q1",
    "revenue": 794092000,
    "costOfRevenue": 387894000,
    "grossProfit": 406198000,
    "grossProfitRatio": 0.511525113,
    "researchAndDevelopmentExpenses": 0,
    "generalAndAdministrativeExpenses": 212728000,
    "sellingAndMarketingExpenses": 22697000,
    "sellingGeneralAndAdministrativeExpenses": 235425000,
    "otherExpenses": 169129000,
    "operatingExpenses": 404554000,
    "costAndExpenses": 792448000,
    "interestIncome": 546779000,
    "interestExpense": 152886000,
    "depreciationAndAmortization": 69730000,
    "ebitda": 71374000,
    "ebitdaratio": 0.0898812732,
    "operatingIncome": 1644000,
    "operatingIncomeRatio": 0.0020702891,
    "totalOtherIncomeExpensesNet": 0,
    "incomeBeforeTax": 1644000,
    "incomeBeforeTaxRatio": 0.0020702891,
    "incomeTaxExpense": -38093000,
    "netIncome": 39737000,
    "netIncomeRatio": 0.0500408013,
    "eps": 0.01,
    "epsdiluted": 0.01,
    "weightedAverageShsOut": 716320000,
    "weightedAverageShsOutDil": 718593000,
    "link": "https://www.sec.gov/Archives/edgar/data/49196/000095012310046488/0000950123-10-046488-index.htm",
    "finalLink": "https://www.sec.gov/Archives/edgar/data/49196/000095012310046488/c00444e10vq.htm"
  },
  {
    "date": "2009-12-31",
    "symbol": "HBAN",
    "reportedCurrency": "USD",
    "cik": "0000049196",
    "fillingDate": "2010-02-18",
    "acceptedDate": "2010-02-18 17:27:25",
    "calendarYear": "2009",
    "period": "Q4",
    "revenue": 764518000,
    "costOfRevenue": 1071262000,
    "grossProfit": -306744000,
    "grossProfitRatio": -0.4012253472,
    "researchAndDevelopmentExpenses": 0,
    "generalAndAdministrativeExpenses": 347759000,
    "sellingAndMarketingExpenses": 9074000,
    "sellingGeneralAndAdministrativeExpenses": 356833000,
    "otherExpenses": -65600000,
    "operatingExpenses": 291233000,
    "costAndExpenses": 1362495000,
    "interestIncome": 551335000,
    "interestExpense": 177271000,
    "depreciationAndAmortization": 67568000,
    "ebitda": -530409000,
    "ebitdaratio": -0.6937822262,
    "operatingIncome": -597977000,
    "operatingIncomeRatio": -0.7821620943,
    "totalOtherIncomeExpensesNet": 0,
    "incomeBeforeTax": -597977000,
    "incomeBeforeTaxRatio": -0.7821620943,
    "incomeTaxExpense": -228290000,
    "netIncome": -369687000,
    "netIncomeRatio": -0.4835556521,
    "eps": -0.56,
    "epsdiluted": -0.56,
    "weightedAverageShsOut": 715336000,
    "weightedAverageShsOutDil": 715336000,
    "link": "https://www.sec.gov/Archives/edgar/data/49196/000095012310014194/0000950123-10-014194-index.htm",
    "finalLink": "https://www.sec.gov/Archives/edgar/data/49196/000095012310014194/l38219e10vk.htm"
  },
  {
    "date": "2009-09-30",
    "symbol": "HBAN",
    "reportedCurrency": "USD",
    "cik": "0000049196",
    "fillingDate": "2009-11-09",
    "acceptedDate": "2009-11-09 17:31:41",
    "calendarYear": "2009",
    "period": "Q3",
    "revenue": 828480000,
    "costOfRevenue": 666163000,
    "grossProfit": 162317000,
    "grossProfitRatio": 0.1959214465,
    "researchAndDevelopmentExpenses": 0,
    "generalAndAdministrativeExpenses": 205855000,
    "sellingAndMarketingExpenses": 8259000,
    "sellingGeneralAndAdministrativeExpenses": 214114000,
    "otherExpenses": 205565000,
    "operatingExpenses": 419679000,
    "costAndExpenses": 1085842000,
    "interestIncome": 553846000,
    "interestExpense": 191027000,
    "depreciationAndAmortization": 54865000,
    "ebitda": -202497000,
    "ebitdaratio": -0.2444199015,
    "operatingIncome": -257362000,
    "operatingIncomeRatio": -0.3106435883,
    "totalOtherIncomeExpensesNet": 0,
    "incomeBeforeTax": -257362000,
    "incomeBeforeTaxRatio": -0.3106435883,
    "incomeTaxExpense": -91172000,
    "netIncome": -166190000,
    "netIncomeRatio": -0.2005962727,
    "eps": -0.33,
    "epsdiluted": -0.33,
    "weightedAverageShsOut": 589708000,
    "weightedAverageShsOutDil": 589708000,
    "link": "https://www.sec.gov/Archives/edgar/data/49196/000095012309060355/0000950123-09-060355-index.htm",
    "finalLink": "https://www.sec.gov/Archives/edgar/data/49196/000095012309060355/c92079e10vq.htm"
  },
  {
    "date": "2009-06-30",
    "symbol": "HBAN",
    "reportedCurrency": "USD",
    "cik": "0000049196",
    "fillingDate": "2009-08-10",
    "acceptedDate": "2009-08-10 17:26:22",
    "calendarYear": "2009",
    "period": "Q2",
    "revenue": 848535000,
    "costOfRevenue": 626812000,
    "grossProfit": 221723000,
    "grossProfitRatio": 0.2613009481,
    "researchAndDevelopmentExpenses": 0,
    "generalAndAdministrativeExpenses": 230112000,
    "sellingAndMarketingExpenses": 7491000,
    "sellingGeneralAndAdministrativeExpenses": 237603000,
    "otherExpenses": 121965000,
    "operatingExpenses": 359568000,
    "costAndExpenses": 986380000,
    "interestIncome": 563004000,
    "interestExpense": 213105000,
    "depreciationAndAmortization": 51852000,
    "ebitda": -85993000,
    "ebitdaratio": -0.1013429028,
    "operatingIncome": -137845000,
    "operatingIncomeRatio": -0.1624505766,
    "totalOtherIncomeExpensesNet": 0,
    "incomeBeforeTax": -137845000,
    "incomeBeforeTaxRatio": -0.1624505766,
    "incomeTaxExpense": -12750000,
    "netIncome": -125095000,
    "netIncomeRatio": -0.147424679,
    "eps": -0.4,
    "epsdiluted": -0.4,
    "weightedAverageShsOut": 459246000,
    "weightedAverageShsOutDil": 459246000,
    "link": "https://www.sec.gov/Archives/edgar/data/49196/000095012309033084/0000950123-09-033084-index.htm",
    "finalLink": "https://www.sec.gov/Archives/edgar/data/49196/000095012309033084/c89079e10vq.htm"
  },
  {
    "date": "2009-03-31",
    "symbol": "HBAN",
    "reportedCurrency": "USD",
    "cik": "0000049196",
    "fillingDate": "2009-05-11",
    "acceptedDate": "2009-05-11 17:07:26",
    "calendarYear": "2009",
    "period": "Q1",
    "revenue": 812981000,
    "costOfRevenue": 524289000,
    "grossProfit": 288692000,
    "grossProfitRatio": 0.3551030098,
    "researchAndDevelopmentExpenses": 0,
    "generalAndAdministrativeExpenses": 202815000,
    "sellingAndMarketingExpenses": 8225000,
    "sellingGeneralAndAdministrativeExpenses": 211040000,
    "otherExpenses": 2762651000,
    "operatingExpenses": 2973691000,
    "costAndExpenses": 3497980000,
    "interestIncome": 569957000,
    "interestExpense": 232452000,
    "depreciationAndAmortization": 53756000,
    "ebitda": -2631243000,
    "ebitdaratio": -3.2365368932,
    "operatingIncome": -2684999000,
    "operatingIncomeRatio": -3.3026589797,
    "totalOtherIncomeExpensesNet": 0,
    "incomeBeforeTax": -2684999000,
    "incomeBeforeTaxRatio": -3.3026589797,
    "incomeTaxExpense": -251792000,
    "netIncome": -2433207000,
    "netIncomeRatio": -2.9929444846,
    "eps": -6.79,
    "epsdiluted": -6.79,
    "weightedAverageShsOut": 366919000,
    "weightedAverageShsOutDil": 366919000,
    "link": "https://www.sec.gov/Archives/edgar/data/49196/000136231009007089/0001362310-09-007089-index.htm",
    "finalLink": "https://www.sec.gov/Archives/edgar/data/49196/000136231009007089/c85145e10vq.htm"
  },
  {
    "date": "2008-12-31",
    "symbol": "HBAN",
    "reportedCurrency": "USD",
    "cik": "0000049196",
    "fillingDate": "2009-02-24",
    "acceptedDate": "2009-02-23 18:38:40",
    "calendarYear": "2008",
    "period": "Q4",
    "revenue": 710420000,
    "costOfRevenue": 1008751000,
    "grossProfit": -298331000,
    "grossProfitRatio": -0.4199360941,
    "researchAndDevelopmentExpenses": 0,
    "generalAndAdministrativeExpenses": 271945000,
    "sellingAndMarketingExpenses": 9357000,
    "sellingGeneralAndAdministrativeExpenses": 281302000,
    "otherExpenses": 89605000,
    "operatingExpenses": 370907000,
    "costAndExpenses": 1379658000,
    "interestIncome": 662508000,
    "interestExpense": 286143000,
    "depreciationAndAmortization": 63607000,
    "ebitda": -605631000,
    "ebitdaratio": -0.8524971144,
    "operatingIncome": -669238000,
    "operatingIncomeRatio": -0.9420314743,
    "totalOtherIncomeExpensesNet": 0,
    "incomeBeforeTax": -669238000,
    "incomeBeforeTaxRatio": -0.9420314743,
    "incomeTaxExpense": -251949000,
    "netIncome": -417289000,
    "netIncomeRatio": -0.5873835196,
    "eps": -1.2,
    "epsdiluted": -1.2,
    "weightedAverageShsOut": 366054000,
    "weightedAverageShsOutDil": 366054000,
    "link": "https://www.sec.gov/Archives/edgar/data/49196/000095015209001672/0000950152-09-001672-index.htm",
    "finalLink": "https://www.sec.gov/Archives/edgar/data/49196/000095015209001672/l35282ae10vk.htm"
  },
  {
    "date": "2008-09-30",
    "symbol": "HBAN",
    "reportedCurrency": "USD",
    "cik": "0000049196",
    "fillingDate": "2008-11-10",
    "acceptedDate": "2008-11-10 16:24:13",
    "calendarYear": "2008",
    "period": "Q3",
    "revenue": 853585000,
    "costOfRevenue": 422484000,
    "grossProfit": 431101000,
    "grossProfitRatio": 0.5050475348,
    "researchAndDevelopmentExpenses": 0,
    "generalAndAdministrativeExpenses": 184827000,
    "sellingAndMarketingExpenses": 7049000,
    "sellingGeneralAndAdministrativeExpenses": 191876000,
    "otherExpenses": 147120000,
    "operatingExpenses": 338996000,
    "costAndExpenses": 761480000,
    "interestIncome": 685728000,
    "interestExpense": 297092000,
    "depreciationAndAmortization": 62010000,
    "ebitda": 154115000,
    "ebitdaratio": 0.1805502674,
    "operatingIncome": 92105000,
    "operatingIncomeRatio": 0.1079037237,
    "totalOtherIncomeExpensesNet": 0,
    "incomeBeforeTax": 92105000,
    "incomeBeforeTaxRatio": 0.1079037237,
    "incomeTaxExpense": 17042000,
    "netIncome": 75063000,
    "netIncomeRatio": 0.0879385181,
    "eps": 0.17,
    "epsdiluted": 0.17,
    "weightedAverageShsOut": 366124000,
    "weightedAverageShsOutDil": 367361000,
    "link": "https://www.sec.gov/Archives/edgar/data/49196/000095015208009070/0000950152-08-009070-index.htm",
    "finalLink": "https://www.sec.gov/Archives/edgar/data/49196/000095015208009070/l34480ae10vq.htm"
  },
  {
    "date": "2008-06-30",
    "symbol": "HBAN",
    "reportedCurrency": "USD",
    "cik": "0000049196",
    "fillingDate": "2008-08-11",
    "acceptedDate": "2008-08-11 12:37:08",
    "calendarYear": "2008",
    "period": "Q2",
    "revenue": 933105000,
    "costOfRevenue": 427622000,
    "grossProfit": 505483000,
    "grossProfitRatio": 0.5417214569,
    "researchAndDevelopmentExpenses": 0,
    "generalAndAdministrativeExpenses": 199991000,
    "sellingAndMarketingExpenses": 7339000,
    "sellingGeneralAndAdministrativeExpenses": 207330000,
    "otherExpenses": 170473000,
    "operatingExpenses": 377803000,
    "costAndExpenses": 805425000,
    "interestIncome": 696675000,
    "interestExpense": 306809000,
    "depreciationAndAmortization": 60118000,
    "ebitda": 187798000,
    "ebitdaratio": 0.20126138,
    "operatingIncome": 127680000,
    "operatingIncomeRatio": 0.1368334753,
    "totalOtherIncomeExpensesNet": 0,
    "incomeBeforeTax": 127680000,
    "incomeBeforeTaxRatio": 0.1368334753,
    "incomeTaxExpense": 26328000,
    "netIncome": 101352000,
    "netIncomeRatio": 0.1086180012,
    "eps": 0.25,
    "epsdiluted": 0.25,
    "weightedAverageShsOut": 366206000,
    "weightedAverageShsOutDil": 367234000,
    "link": "https://www.sec.gov/Archives/edgar/data/49196/000095015208006315/0000950152-08-006315-index.htm",
    "finalLink": "https://www.sec.gov/Archives/edgar/data/49196/000095015208006315/l32801ae10vq.htm"
  },
  {
    "date": "2008-03-31",
    "symbol": "HBAN",
    "reportedCurrency": "USD",
    "cik": "0000049196",
    "fillingDate": "2008-05-09",
    "acceptedDate": "2008-05-09 17:07:46",
    "calendarYear": "2008",
    "period": "Q1",
    "revenue": 989163000,
    "costOfRevenue": 465237000,
    "grossProfit": 523926000,
    "grossProfitRatio": 0.5296659903,
    "researchAndDevelopmentExpenses": 0,
    "generalAndAdministrativeExpenses": 201943000,
    "sellingAndMarketingExpenses": 8919000,
    "sellingGeneralAndAdministrativeExpenses": 210862000,
    "otherExpenses": 159619000,
    "operatingExpenses": 370481000,
    "costAndExpenses": 835718000,
    "interestIncome": 753411000,
    "interestExpense": 376587000,
    "depreciationAndAmortization": 59125000,
    "ebitda": 212570000,
    "ebitdaratio": 0.2148988589,
    "operatingIncome": 153445000,
    "operatingIncomeRatio": 0.1551261016,
    "totalOtherIncomeExpensesNet": 0,
    "incomeBeforeTax": 153445000,
    "incomeBeforeTaxRatio": 0.1551261016,
    "incomeTaxExpense": 26377000,
    "netIncome": 127068000,
    "netIncomeRatio": 0.1284601223,
    "eps": 0.35,
    "epsdiluted": 0.35,
    "weightedAverageShsOut": 366235000,
    "weightedAverageShsOutDil": 367208000,
    "link": "https://www.sec.gov/Archives/edgar/data/49196/000095015208003758/0000950152-08-003758-index.htm",
    "finalLink": "https://www.sec.gov/Archives/edgar/data/49196/000095015208003758/l31506ae10vq.htm"
  },
  {
    "date": "2007-12-31",
    "symbol": "HBAN",
    "reportedCurrency": "USD",
    "cik": "0000049196",
    "fillingDate": "2008-02-26",
    "acceptedDate": "2008-02-26 13:08:33",
    "calendarYear": "2007",
    "period": "Q4",
    "revenue": 984957000,
    "costOfRevenue": 943547000,
    "grossProfit": 41410000,
    "grossProfitRatio": 0.0420424445,
    "researchAndDevelopmentExpenses": 0,
    "generalAndAdministrativeExpenses": 257603000,
    "sellingAndMarketingExpenses": 16175000,
    "sellingGeneralAndAdministrativeExpenses": 273778000,
    "otherExpenses": 165776000,
    "operatingExpenses": 439554000,
    "costAndExpenses": 1383101000,
    "interestIncome": 814398000,
    "interestExpense": 431465000,
    "depreciationAndAmortization": 46922000,
    "ebitda": -351222000,
    "ebitdaratio": -0.3565861251,
    "operatingIncome": -398144000,
    "operatingIncomeRatio": -0.404224753,
    "totalOtherIncomeExpensesNet": 0,
    "incomeBeforeTax": -398144000,
    "incomeBeforeTaxRatio": -0.404224753,
    "incomeTaxExpense": -158864000,
    "netIncome": -239280000,
    "netIncomeRatio": -0.2429344631,
    "eps": -0.65,
    "epsdiluted": -0.65,
    "weightedAverageShsOut": 366119000,
    "weightedAverageShsOutDil": 366235000,
    "link": "https://www.sec.gov/Archives/edgar/data/49196/000095015208001408/0000950152-08-001408-index.htm",
    "finalLink": "https://www.sec.gov/Archives/edgar/data/49196/000095015208001408/l29571ae10vk.htm"
  },
  {
    "date": "2007-09-30",
    "symbol": "HBAN",
    "reportedCurrency": "USD",
    "cik": "0000049196",
    "fillingDate": "2007-10-26",
    "acceptedDate": "2007-10-26 17:03:47",
    "calendarYear": "2007",
    "period": "Q3",
    "revenue": 1055829000,
    "costOfRevenue": 483529000,
    "grossProfit": 572300000,
    "grossProfitRatio": 0.5420385309,
    "researchAndDevelopmentExpenses": 0,
    "generalAndAdministrativeExpenses": 202148000,
    "sellingAndMarketingExpenses": 13186000,
    "sellingGeneralAndAdministrativeExpenses": 215334000,
    "otherExpenses": 170229000,
    "operatingExpenses": 385563000,
    "costAndExpenses": 869092000,
    "interestIncome": 851155000,
    "interestExpense": 441522000,
    "depreciationAndAmortization": 39059000,
    "ebitda": 225796000,
    "ebitdaratio": 0.2138565999,
    "operatingIncome": 186737000,
    "operatingIncomeRatio": 0.17686292,
    "totalOtherIncomeExpensesNet": 0,
    "incomeBeforeTax": 186737000,
    "incomeBeforeTaxRatio": 0.17686292,
    "incomeTaxExpense": 48535000,
    "netIncome": 138202000,
    "netIncomeRatio": 0.130894302,
    "eps": 0.38,
    "epsdiluted": 0.38,
    "weightedAverageShsOut": 365895000,
    "weightedAverageShsOutDil": 368280000,
    "link": "https://www.sec.gov/Archives/edgar/data/49196/000095015207008288/0000950152-07-008288-index.htm",
    "finalLink": "https://www.sec.gov/Archives/edgar/data/49196/000095015207008288/l28461ae10vq.htm"
  },
  {
    "date": "2007-06-30",
    "symbol": "HBAN",
    "reportedCurrency": "USD",
    "cik": "0000049196",
    "fillingDate": "2007-08-09",
    "acceptedDate": "2007-08-09 14:22:30",
    "calendarYear": "2007",
    "period": "Q2",
    "revenue": 698654000,
    "costOfRevenue": 349203000,
    "grossProfit": 349451000,
    "grossProfitRatio": 0.5001774841,
    "researchAndDevelopmentExpenses": 0,
    "generalAndAdministrativeExpenses": 135191000,
    "sellingAndMarketingExpenses": 8986000,
    "sellingGeneralAndAdministrativeExpenses": 144177000,
    "otherExpenses": 100478000,
    "operatingExpenses": 244655000,
    "costAndExpenses": 593858000,
    "interestIncome": 542461000,
    "interestExpense": 289070000,
    "depreciationAndAmortization": 20054000,
    "ebitda": 124850000,
    "ebitdaratio": 0.1787007589,
    "operatingIncome": 104796000,
    "operatingIncomeRatio": 0.1499969942,
    "totalOtherIncomeExpensesNet": 0,
    "incomeBeforeTax": 104796000,
    "incomeBeforeTaxRatio": 0.1499969942,
    "incomeTaxExpense": 24275000,
    "netIncome": 80521000,
    "netIncomeRatio": 0.1152516124,
    "eps": 0.34,
    "epsdiluted": 0.34,
    "weightedAverageShsOut": 236032000,
    "weightedAverageShsOutDil": 239008000,
    "link": "https://www.sec.gov/Archives/edgar/data/49196/000095015207006645/0000950152-07-006645-index.htm",
    "finalLink": "https://www.sec.gov/Archives/edgar/data/49196/000095015207006645/l27297ae10vq.htm"
  },
  {
    "date": "2007-03-31",
    "symbol": "HBAN",
    "reportedCurrency": "USD",
    "cik": "0000049196",
    "fillingDate": "2007-05-04",
    "acceptedDate": "2007-05-04 16:33:50",
    "calendarYear": "2007",
    "period": "Q1",
    "revenue": 680126000,
    "costOfRevenue": 308800000,
    "grossProfit": 371326000,
    "grossProfitRatio": 0.5459664827,
    "researchAndDevelopmentExpenses": 0,
    "generalAndAdministrativeExpenses": 134639000,
    "sellingAndMarketingExpenses": 7696000,
    "sellingGeneralAndAdministrativeExpenses": 142335000,
    "otherExpenses": 99737000,
    "operatingExpenses": 242072000,
    "costAndExpenses": 550872000,
    "interestIncome": 534949000,
    "interestExpense": 279394000,
    "depreciationAndAmortization": 21226000,
    "ebitda": 150480000,
    "ebitdaratio": 0.2212531207,
    "operatingIncome": 129254000,
    "operatingIncomeRatio": 0.1900441977,
    "totalOtherIncomeExpensesNet": 0,
    "incomeBeforeTax": 129254000,
    "incomeBeforeTaxRatio": 0.1900441977,
    "incomeTaxExpense": 33528000,
    "netIncome": 95726000,
    "netIncomeRatio": 0.1407474497,
    "eps": 0.41,
    "epsdiluted": 0.4,
    "weightedAverageShsOut": 235586000,
    "weightedAverageShsOutDil": 238754000,
    "link": "https://www.sec.gov/Archives/edgar/data/49196/000095015207003934/0000950152-07-003934-index.htm",
    "finalLink": "https://www.sec.gov/Archives/edgar/data/49196/000095015207003934/l25994ae10vq.htm"
  },
  {
    "date": "2006-12-31",
    "symbol": "HBAN",
    "reportedCurrency": "USD",
    "cik": "0000049196",
    "fillingDate": "2007-02-22",
    "acceptedDate": "2007-02-22 17:20:19",
    "calendarYear": "2006",
    "period": "Q4",
    "revenue": 674670000,
    "costOfRevenue": 302596000,
    "grossProfit": 372074000,
    "grossProfitRatio": 0.5514903582,
    "researchAndDevelopmentExpenses": 0,
    "generalAndAdministrativeExpenses": 202346000,
    "sellingAndMarketingExpenses": 6207000,
    "sellingGeneralAndAdministrativeExpenses": 208553000,
    "otherExpenses": 48460000,
    "operatingExpenses": 257013000,
    "costAndExpenses": 559609000,
    "interestIncome": 544841000,
    "interestExpense": 286852000,
    "depreciationAndAmortization": 23247000,
    "ebitda": 138308000,
    "ebitdaratio": 0.2050009634,
    "operatingIncome": 115061000,
    "operatingIncomeRatio": 0.1705441179,
    "totalOtherIncomeExpensesNet": 0,
    "incomeBeforeTax": 115061000,
    "incomeBeforeTaxRatio": 0.1705441179,
    "incomeTaxExpense": 27346000,
    "netIncome": 87715000,
    "netIncomeRatio": 0.1300117094,
    "eps": 0.37,
    "epsdiluted": 0.37,
    "weightedAverageShsOut": 235586000,
    "weightedAverageShsOutDil": 235586000,
    "link": "https://www.sec.gov/Archives/edgar/data/49196/000095015207001395/0000950152-07-001395-index.htm",
    "finalLink": "https://www.sec.gov/Archives/edgar/data/49196/000095015207001395/l24508ae10vk.htm"
  },
  {
    "date": "2006-09-30",
    "symbol": "HBAN",
    "reportedCurrency": "USD",
    "cik": "0000049196",
    "fillingDate": "2006-11-09",
    "acceptedDate": "2006-11-09 16:25:40",
    "calendarYear": "2006",
    "period": "Q3",
    "revenue": 636898000,
    "costOfRevenue": 297837000,
    "grossProfit": 339061000,
    "grossProfitRatio": 0.5323631099,
    "researchAndDevelopmentExpenses": 0,
    "generalAndAdministrativeExpenses": 133823000,
    "sellingAndMarketingExpenses": 7846000,
    "sellingGeneralAndAdministrativeExpenses": 141669000,
    "otherExpenses": 100761000,
    "operatingExpenses": 242430000,
    "costAndExpenses": 540267000,
    "interestIncome": 538988000,
    "interestExpense": 283675000,
    "depreciationAndAmortization": 27057000,
    "ebitda": 123688000,
    "ebitdaratio": 0.1942037815,
    "operatingIncome": 96631000,
    "operatingIncomeRatio": 0.1517213117,
    "totalOtherIncomeExpensesNet": 0,
    "incomeBeforeTax": 96631000,
    "incomeBeforeTaxRatio": 0.1517213117,
    "incomeTaxExpense": -60815000,
    "netIncome": 157446000,
    "netIncomeRatio": 0.2472075591,
    "eps": 0.66,
    "epsdiluted": 0.65,
    "weightedAverageShsOut": 237672000,
    "weightedAverageShsOutDil": 240896000,
    "link": "https://www.sec.gov/Archives/edgar/data/49196/000095015206009142/0000950152-06-009142-index.htm",
    "finalLink": "https://www.sec.gov/Archives/edgar/data/49196/000095015206009142/l23057ae10vq.htm"
  },
  {
    "date": "2006-06-30",
    "symbol": "HBAN",
    "reportedCurrency": "USD",
    "cik": "0000049196",
    "fillingDate": "2006-08-04",
    "acceptedDate": "2006-08-04 13:06:16",
    "calendarYear": "2006",
    "period": "Q2",
    "revenue": 684922000,
    "costOfRevenue": 275453000,
    "grossProfit": 409469000,
    "grossProfitRatio": 0.5978330379,
    "researchAndDevelopmentExpenses": 0,
    "generalAndAdministrativeExpenses": 137904000,
    "sellingAndMarketingExpenses": 10374000,
    "sellingGeneralAndAdministrativeExpenses": 148278000,
    "otherExpenses": 104081000,
    "operatingExpenses": 252359000,
    "costAndExpenses": 527812000,
    "interestIncome": 521903000,
    "interestExpense": 259708000,
    "depreciationAndAmortization": 29731000,
    "ebitda": 186841000,
    "ebitdaratio": 0.2727916463,
    "operatingIncome": 157110000,
    "operatingIncomeRatio": 0.2293837838,
    "totalOtherIncomeExpensesNet": 0,
    "incomeBeforeTax": 157110000,
    "incomeBeforeTaxRatio": 0.2293837838,
    "incomeTaxExpense": 45506000,
    "netIncome": 111604000,
    "netIncomeRatio": 0.1629441017,
    "eps": 0.46,
    "epsdiluted": 0.46,
    "weightedAverageShsOut": 241729000,
    "weightedAverageShsOutDil": 244538000,
    "link": "https://www.sec.gov/Archives/edgar/data/49196/000095015206006528/0000950152-06-006528-index.htm",
    "finalLink": "https://www.sec.gov/Archives/edgar/data/49196/000095015206006528/l21668ae10vq.htm"
  },
  {
    "date": "2006-03-31",
    "symbol": "HBAN",
    "reportedCurrency": "USD",
    "cik": "0000049196",
    "fillingDate": "2006-05-10",
    "acceptedDate": "2006-05-10 11:38:03",
    "calendarYear": "2006",
    "period": "Q1",
    "revenue": 624321000,
    "costOfRevenue": 240647000,
    "grossProfit": 383674000,
    "grossProfitRatio": 0.6145460428,
    "researchAndDevelopmentExpenses": 0,
    "generalAndAdministrativeExpenses": 131557000,
    "sellingAndMarketingExpenses": 7301000,
    "sellingGeneralAndAdministrativeExpenses": 138858000,
    "otherExpenses": 99557000,
    "operatingExpenses": 238415000,
    "costAndExpenses": 479062000,
    "interestIncome": 464787000,
    "interestExpense": 221107000,
    "depreciationAndAmortization": 31614000,
    "ebitda": 176873000,
    "ebitdaratio": 0.2833045821,
    "operatingIncome": 145259000,
    "operatingIncomeRatio": 0.2326671696,
    "totalOtherIncomeExpensesNet": 0,
    "incomeBeforeTax": 145259000,
    "incomeBeforeTaxRatio": 0.2326671696,
    "incomeTaxExpense": 40803000,
    "netIncome": 104456000,
    "netIncomeRatio": 0.1673113671,
    "eps": 0.45,
    "epsdiluted": 0.45,
    "weightedAverageShsOut": 230976000,
    "weightedAverageShsOutDil": 234363000,
    "link": "https://www.sec.gov/Archives/edgar/data/49196/000095015206004212/0000950152-06-004212-index.htm",
    "finalLink": "https://www.sec.gov/Archives/edgar/data/49196/000095015206004212/l19902ae10vq.htm"
  },
  {
    "date": "2005-12-31",
    "symbol": "HBAN",
    "reportedCurrency": "USD",
    "cik": "0000049196",
    "fillingDate": "2006-02-23",
    "acceptedDate": "2006-02-23 16:33:03",
    "calendarYear": "2005",
    "period": "Q4",
    "revenue": 589798000,
    "costOfRevenue": 229631000,
    "grossProfit": 360167000,
    "grossProfitRatio": 0.6106616164,
    "researchAndDevelopmentExpenses": 0,
    "generalAndAdministrativeExpenses": 116111000,
    "sellingAndMarketingExpenses": 7403000,
    "sellingGeneralAndAdministrativeExpenses": 123514000,
    "otherExpenses": 106841000,
    "operatingExpenses": 230355000,
    "costAndExpenses": 459986000,
    "interestIncome": 442476000,
    "interestExpense": 198800000,
    "depreciationAndAmortization": 37863000,
    "ebitda": 167675000,
    "ebitdaratio": 0.2842922492,
    "operatingIncome": 129812000,
    "operatingIncomeRatio": 0.2200956938,
    "totalOtherIncomeExpensesNet": 0,
    "incomeBeforeTax": 129812000,
    "incomeBeforeTaxRatio": 0.2200956938,
    "incomeTaxExpense": 29239000,
    "netIncome": 100573000,
    "netIncomeRatio": 0.1705210937,
    "eps": 0.44,
    "epsdiluted": 0.44,
    "weightedAverageShsOut": 226698000,
    "weightedAverageShsOutDil": 230976000,
    "link": "https://www.sec.gov/Archives/edgar/data/49196/000095015206001400/0000950152-06-001400-index.htm",
    "finalLink": "https://www.sec.gov/Archives/edgar/data/49196/000095015206001400/l18143ae10vk.htm"
  },
  {
    "date": "2005-09-30",
    "symbol": "HBAN",
    "reportedCurrency": "USD",
    "cik": "0000049196",
    "fillingDate": "2005-11-04",
    "acceptedDate": "2005-11-04 15:04:14",
    "calendarYear": "2005",
    "period": "Q3",
    "revenue": 581598000,
    "costOfRevenue": 196920000,
    "grossProfit": 384678000,
    "grossProfitRatio": 0.661415617,
    "researchAndDevelopmentExpenses": 0,
    "generalAndAdministrativeExpenses": 117476000,
    "sellingAndMarketingExpenses": 6364000,
    "sellingGeneralAndAdministrativeExpenses": 123840000,
    "otherExpenses": 109212000,
    "operatingExpenses": 233052000,
    "costAndExpenses": 429972000,
    "interestIncome": 420858000,
    "interestExpense": 179221000,
    "depreciationAndAmortization": 28535000,
    "ebitda": 180161000,
    "ebitdaratio": 0.3097689469,
    "operatingIncome": 151626000,
    "operatingIncomeRatio": 0.2607058484,
    "totalOtherIncomeExpensesNet": 0,
    "incomeBeforeTax": 151626000,
    "incomeBeforeTaxRatio": 0.2607058484,
    "incomeTaxExpense": 43052000,
    "netIncome": 108574000,
    "netIncomeRatio": 0.18668221,
    "eps": 0.47,
    "epsdiluted": 0.47,
    "weightedAverageShsOut": 229830000,
    "weightedAverageShsOutDil": 233456000,
    "link": "https://www.sec.gov/Archives/edgar/data/49196/000095015205008773/0000950152-05-008773-index.htm",
    "finalLink": "https://www.sec.gov/Archives/edgar/data/49196/000095015205008773/l16372ae10vq.htm"
  },
  {
    "date": "2005-06-30",
    "symbol": "HBAN",
    "reportedCurrency": "USD",
    "cik": "0000049196",
    "fillingDate": "2005-08-09",
    "acceptedDate": "2005-08-09 17:08:02",
    "calendarYear": "2005",
    "period": "Q2",
    "revenue": 558496000,
    "costOfRevenue": 173321000,
    "grossProfit": 385175000,
    "grossProfitRatio": 0.6896647425,
    "researchAndDevelopmentExpenses": 0,
    "generalAndAdministrativeExpenses": 124090000,
    "sellingAndMarketingExpenses": 6934000,
    "sellingGeneralAndAdministrativeExpenses": 131024000,
    "otherExpenses": 117112000,
    "operatingExpenses": 248136000,
    "costAndExpenses": 421457000,
    "interestIncome": 402326000,
    "interestExpense": 160426000,
    "depreciationAndAmortization": 55406000,
    "ebitda": 192445000,
    "ebitdaratio": 0.3445772217,
    "operatingIncome": 137039000,
    "operatingIncomeRatio": 0.2453714977,
    "totalOtherIncomeExpensesNet": 0,
    "incomeBeforeTax": 137039000,
    "incomeBeforeTaxRatio": 0.2453714977,
    "incomeTaxExpense": 30614000,
    "netIncome": 106425000,
    "netIncomeRatio": 0.190556423,
    "eps": 0.46,
    "epsdiluted": 0.45,
    "weightedAverageShsOut": 232217000,
    "weightedAverageShsOutDil": 235671000,
    "link": "https://www.sec.gov/Archives/edgar/data/49196/000095015205006786/0000950152-05-006786-index.htm",
    "finalLink": "https://www.sec.gov/Archives/edgar/data/49196/000095015205006786/l15412ae10vq.htm"
  },
  {
    "date": "2005-03-31",
    "symbol": "HBAN",
    "reportedCurrency": "USD",
    "cik": "0000049196",
    "fillingDate": "2005-05-05",
    "acceptedDate": "2005-05-05 15:07:12",
    "calendarYear": "2005",
    "period": "Q1",
    "revenue": 544155000,
    "costOfRevenue": 160781000,
    "grossProfit": 383374000,
    "grossProfitRatio": 0.7045308782,
    "researchAndDevelopmentExpenses": 0,
    "generalAndAdministrativeExpenses": 123981000,
    "sellingAndMarketingExpenses": 6454000,
    "sellingGeneralAndAdministrativeExpenses": 130435000,
    "otherExpenses": 127842000,
    "operatingExpenses": 258277000,
    "costAndExpenses": 419058000,
    "interestIncome": 376105000,
    "interestExpense": 140907000,
    "depreciationAndAmortization": 54958000,
    "ebitda": 180055000,
    "ebitdaratio": 0.3308891768,
    "operatingIncome": 125097000,
    "operatingIncomeRatio": 0.2298922182,
    "totalOtherIncomeExpensesNet": 0,
    "incomeBeforeTax": 125097000,
    "incomeBeforeTaxRatio": 0.2298922182,
    "incomeTaxExpense": 28578000,
    "netIncome": 96519000,
    "netIncomeRatio": 0.1773740938,
    "eps": 0.42,
    "epsdiluted": 0.41,
    "weightedAverageShsOut": 231824000,
    "weightedAverageShsOutDil": 235053000,
    "link": "https://www.sec.gov/Archives/edgar/data/49196/000095015205004004/0000950152-05-004004-index.htm",
    "finalLink": "https://www.sec.gov/Archives/edgar/data/49196/000095015205004004/l13764ae10vq.htm"
  },
  {
    "date": "2004-12-31",
    "symbol": "HBAN",
    "reportedCurrency": "USD",
    "cik": "0000049196",
    "fillingDate": "2005-03-03",
    "acceptedDate": "2005-03-02 19:17:47",
    "calendarYear": "2004",
    "period": "Q4",
    "revenue": 542155000,
    "costOfRevenue": 132801000,
    "grossProfit": 409354000,
    "grossProfitRatio": 0.7550497551,
    "researchAndDevelopmentExpenses": 0,
    "generalAndAdministrativeExpenses": 122738000,
    "sellingAndMarketingExpenses": 5581000,
    "sellingGeneralAndAdministrativeExpenses": 128319000,
    "otherExpenses": 152695000,
    "operatingExpenses": 281014000,
    "costAndExpenses": 413815000,
    "interestIncome": 359215000,
    "interestExpense": 120147000,
    "depreciationAndAmortization": 72831000,
    "ebitda": 201171000,
    "ebitdaratio": 0.3710580922,
    "operatingIncome": 128340000,
    "operatingIncomeRatio": 0.2367219707,
    "totalOtherIncomeExpensesNet": 0,
    "incomeBeforeTax": 128340000,
    "incomeBeforeTaxRatio": 0.2367219707,
    "incomeTaxExpense": 37201000,
    "netIncome": 91139000,
    "netIncomeRatio": 0.1681050622,
    "eps": 0.39,
    "epsdiluted": 0.39,
    "weightedAverageShsOut": 231149000,
    "weightedAverageShsOutDil": 231824000,
    "link": "https://www.sec.gov/Archives/edgar/data/49196/000095015205001700/0000950152-05-001700-index.htm",
    "finalLink": "https://www.sec.gov/Archives/edgar/data/49196/000095015205001700/l11717ae10vk.htm"
  },
  {
    "date": "2004-09-30",
    "symbol": "HBAN",
    "reportedCurrency": "USD",
    "cik": "0000049196",
    "fillingDate": "2004-11-05",
    "acceptedDate": "2004-11-04 18:32:35",
    "calendarYear": "2004",
    "period": "Q3",
    "revenue": 527893000,
    "costOfRevenue": 122729000,
    "grossProfit": 405164000,
    "grossProfitRatio": 0.767511598,
    "researchAndDevelopmentExpenses": 0,
    "generalAndAdministrativeExpenses": 121729000,
    "sellingAndMarketingExpenses": 5000000,
    "sellingGeneralAndAdministrativeExpenses": 126729000,
    "otherExpenses": 146694000,
    "operatingExpenses": 273423000,
    "costAndExpenses": 396152000,
    "interestIncome": 338002000,
    "interestExpense": 110944000,
    "depreciationAndAmortization": 80918000,
    "ebitda": 212659000,
    "ebitdaratio": 0.4028448947,
    "operatingIncome": 131741000,
    "operatingIncomeRatio": 0.2495600434,
    "totalOtherIncomeExpensesNet": 0,
    "incomeBeforeTax": 131741000,
    "incomeBeforeTaxRatio": 0.2495600434,
    "incomeTaxExpense": 38255000,
    "netIncome": 93486000,
    "netIncomeRatio": 0.1770927063,
    "eps": 0.41,
    "epsdiluted": 0.4,
    "weightedAverageShsOut": 229848000,
    "weightedAverageShsOutDil": 234348000,
    "link": "https://www.sec.gov/Archives/edgar/data/49196/000095015204007920/0000950152-04-007920-index.htm",
    "finalLink": "https://www.sec.gov/Archives/edgar/data/49196/000095015204007920/l10361ae10vq.htm"
  },
  {
    "date": "2004-06-30",
    "symbol": "HBAN",
    "reportedCurrency": "USD",
    "cik": "0000049196",
    "fillingDate": "2004-08-09",
    "acceptedDate": "2004-08-09 16:05:42",
    "calendarYear": "2004",
    "period": "Q2",
    "revenue": 542295000,
    "costOfRevenue": 106631000,
    "grossProfit": 435664000,
    "grossProfitRatio": 0.803370859,
    "researchAndDevelopmentExpenses": 0,
    "generalAndAdministrativeExpenses": 119715000,
    "sellingAndMarketingExpenses": 8069000,
    "sellingGeneralAndAdministrativeExpenses": 127784000,
    "otherExpenses": 154369000,
    "operatingExpenses": 282153000,
    "costAndExpenses": 388784000,
    "interestIncome": 324167000,
    "interestExpense": 101604000,
    "depreciationAndAmortization": 71980000,
    "ebitda": 225491000,
    "ebitdaratio": 0.4158087388,
    "operatingIncome": 153511000,
    "operatingIncomeRatio": 0.2830765543,
    "totalOtherIncomeExpensesNet": 0,
    "incomeBeforeTax": 153511000,
    "incomeBeforeTaxRatio": 0.2830765543,
    "incomeTaxExpense": 43384000,
    "netIncome": 110127000,
    "netIncomeRatio": 0.2030758167,
    "eps": 0.48,
    "epsdiluted": 0.47,
    "weightedAverageShsOut": 229429000,
    "weightedAverageShsOutDil": 232659000,
    "link": "https://www.sec.gov/Archives/edgar/data/49196/000119312504135877/0001193125-04-135877-index.htm",
    "finalLink": "https://www.sec.gov/Archives/edgar/data/49196/000119312504135877/d10q.htm"
  },
  {
    "date": "2004-03-31",
    "symbol": "HBAN",
    "reportedCurrency": "USD",
    "cik": "0000049196",
    "fillingDate": "2004-05-10",
    "acceptedDate": "2004-05-10 16:39:43",
    "calendarYear": "2004",
    "period": "Q1",
    "revenue": 553570000,
    "costOfRevenue": 128842000,
    "grossProfit": 424728000,
    "grossProfitRatio": 0.7672525607,
    "researchAndDevelopmentExpenses": 0,
    "generalAndAdministrativeExpenses": 121624000,
    "sellingAndMarketingExpenses": 7839000,
    "sellingGeneralAndAdministrativeExpenses": 129463000,
    "otherExpenses": 156191000,
    "operatingExpenses": 285654000,
    "costAndExpenses": 414496000,
    "interestIncome": 325931000,
    "interestExpense": 103246000,
    "depreciationAndAmortization": 99403000,
    "ebitda": 238477000,
    "ebitdaratio": 0.430798273,
    "operatingIncome": 139074000,
    "operatingIncomeRatio": 0.2512311,
    "totalOtherIncomeExpensesNet": 0,
    "incomeBeforeTax": 139074000,
    "incomeBeforeTaxRatio": 0.2512311,
    "incomeTaxExpense": 34901000,
    "netIncome": 104173000,
    "netIncomeRatio": 0.1881839695,
    "eps": 0.45,
    "epsdiluted": 0.45,
    "weightedAverageShsOut": 229227000,
    "weightedAverageShsOutDil": 232915000,
    "link": "https://www.sec.gov/Archives/edgar/data/49196/000119312504083720/0001193125-04-083720-index.htm",
    "finalLink": "https://www.sec.gov/Archives/edgar/data/49196/000119312504083720/d10q.htm"
  },
  {
    "date": "2003-12-31",
    "symbol": "HBAN",
    "reportedCurrency": "USD",
    "cik": "0000049196",
    "fillingDate": "2004-03-05",
    "acceptedDate": "2004-03-05 16:53:39",
    "calendarYear": "2003",
    "period": "Q4",
    "revenue": 581607000,
    "costOfRevenue": 137123000,
    "grossProfit": 444484000,
    "grossProfitRatio": 0.7642342682,
    "researchAndDevelopmentExpenses": 0,
    "generalAndAdministrativeExpenses": 115762000,
    "sellingAndMarketingExpenses": 6895000,
    "sellingGeneralAndAdministrativeExpenses": 122657000,
    "otherExpenses": 194808000,
    "operatingExpenses": 317465000,
    "costAndExpenses": 454588000,
    "interestIncome": 335097000,
    "interestExpense": 110782000,
    "depreciationAndAmortization": 123760000,
    "ebitda": 250779000,
    "ebitdaratio": 0.4311829122,
    "operatingIncome": 127019000,
    "operatingIncomeRatio": 0.2183931761,
    "totalOtherIncomeExpensesNet": 0,
    "incomeBeforeTax": 127019000,
    "incomeBeforeTaxRatio": 0.2183931761,
    "incomeTaxExpense": 33758000,
    "netIncome": 93261000,
    "netIncomeRatio": 0.160350546,
    "eps": 0.41,
    "epsdiluted": 0.41,
    "weightedAverageShsOut": 228930000,
    "weightedAverageShsOutDil": 229227000,
    "link": "https://www.sec.gov/Archives/edgar/data/49196/000119312504035604/0001193125-04-035604-index.htm",
    "finalLink": "https://www.sec.gov/Archives/edgar/data/49196/000119312504035604/d10k.htm"
  },
  {
    "date": "2003-09-30",
    "symbol": "HBAN",
    "reportedCurrency": "USD",
    "cik": "0000049196",
    "fillingDate": "2003-11-14",
    "acceptedDate": "2003-11-14 15:59:41",
    "calendarYear": "2003",
    "period": "Q3",
    "revenue": 606088000,
    "costOfRevenue": 164464000,
    "grossProfit": 441624000,
    "grossProfitRatio": 0.7286466652,
    "researchAndDevelopmentExpenses": 0,
    "generalAndAdministrativeExpenses": 113170000,
    "sellingAndMarketingExpenses": 5515000,
    "sellingGeneralAndAdministrativeExpenses": 118685000,
    "otherExpenses": 181497000,
    "operatingExpenses": 300182000,
    "costAndExpenses": 464646000,
    "interestIncome": 333320000,
    "interestExpense": 112849000,
    "depreciationAndAmortization": 134206000,
    "ebitda": 275648000,
    "ebitdaratio": 0.4547986431,
    "operatingIncome": 141442000,
    "operatingIncomeRatio": 0.2333687517,
    "totalOtherIncomeExpensesNet": 0,
    "incomeBeforeTax": 141442000,
    "incomeBeforeTaxRatio": 0.2333687517,
    "incomeTaxExpense": 37230000,
    "netIncome": 90882000,
    "netIncomeRatio": 0.1499485223,
    "eps": 0.4,
    "epsdiluted": 0.39,
    "weightedAverageShsOut": 228715000,
    "weightedAverageShsOutDil": 230966000,
    "link": "https://www.sec.gov/Archives/edgar/data/49196/000095015203009790/0000950152-03-009790-index.htm",
    "finalLink": "https://www.sec.gov/Archives/edgar/data/49196/000095015203009790/l03813ae10vq.txt"
  },
  {
    "date": "2003-06-30",
    "symbol": "HBAN",
    "reportedCurrency": "USD",
    "cik": "0000049196",
    "fillingDate": "2003-08-14",
    "acceptedDate": "2003-08-14 17:29:31",
    "calendarYear": "2003",
    "period": "Q2",
    "revenue": 594276000,
    "costOfRevenue": 164077000,
    "grossProfit": 430199000,
    "grossProfitRatio": 0.7239043811,
    "researchAndDevelopmentExpenses": 0,
    "generalAndAdministrativeExpenses": 105242000,
    "sellingAndMarketingExpenses": 8454000,
    "sellingGeneralAndAdministrativeExpenses": 113696000,
    "otherExpenses": 183337000,
    "operatingExpenses": 297033000,
    "costAndExpenses": 461110000,
    "interestIncome": 317325000,
    "interestExpense": 114884000,
    "depreciationAndAmortization": 110351000,
    "ebitda": 243517000,
    "ebitdaratio": 0.4097708809,
    "operatingIncome": 133166000,
    "operatingIncomeRatio": 0.2240810667,
    "totalOtherIncomeExpensesNet": 0,
    "incomeBeforeTax": 133166000,
    "incomeBeforeTaxRatio": 0.2240810667,
    "incomeTaxExpense": 36676000,
    "netIncome": 96490000,
    "netIncomeRatio": 0.1623656348,
    "eps": 0.42,
    "epsdiluted": 0.42,
    "weightedAverageShsOut": 228633000,
    "weightedAverageShsOutDil": 230572000,
    "link": "https://www.sec.gov/Archives/edgar/data/49196/000095012803000953/0000950128-03-000953-index.htm",
    "finalLink": "https://www.sec.gov/Archives/edgar/data/49196/000095012803000953/l02342ae10vq.txt"
  },
  {
    "date": "2003-03-31",
    "symbol": "HBAN",
    "reportedCurrency": "USD",
    "cik": "0000049196",
    "fillingDate": "2003-05-20",
    "acceptedDate": "2003-05-20 16:27:43",
    "calendarYear": "2003",
    "period": "Q1",
    "revenue": 592938000,
    "costOfRevenue": 155099000,
    "grossProfit": 437839000,
    "grossProfitRatio": 0.7384229042,
    "researchAndDevelopmentExpenses": 0,
    "generalAndAdministrativeExpenses": 113089000,
    "sellingAndMarketingExpenses": 6626000,
    "sellingGeneralAndAdministrativeExpenses": 119715000,
    "otherExpenses": 195764000,
    "operatingExpenses": 315479000,
    "costAndExpenses": 470578000,
    "interestIncome": 320014000,
    "interestExpense": 118255000,
    "depreciationAndAmortization": 119772000,
    "ebitda": 242132000,
    "ebitdaratio": 0.4083597273,
    "operatingIncome": 122360000,
    "operatingIncomeRatio": 0.2063622166,
    "totalOtherIncomeExpensesNet": 0,
    "incomeBeforeTax": 122360000,
    "incomeBeforeTaxRatio": 0.2063622166,
    "incomeTaxExpense": 30630000,
    "netIncome": 91730000,
    "netIncomeRatio": 0.1547042018,
    "eps": 0.39,
    "epsdiluted": 0.39,
    "weightedAverageShsOut": 231355000,
    "weightedAverageShsOutDil": 232805000,
    "link": "https://www.sec.gov/Archives/edgar/data/49196/000095015203005718/0000950152-03-005718-index.htm",
    "finalLink": "https://www.sec.gov/Archives/edgar/data/49196/000095015203005718/l01102ae10vq.txt"
  },
  {
    "date": "2002-12-31",
    "symbol": "HBAN",
    "reportedCurrency": "USD",
    "cik": "0000049196",
    "fillingDate": "2003-03-20",
    "acceptedDate": "2003-03-20 17:01:57",
    "calendarYear": "2002",
    "period": "Q4",
    "revenue": 706808000,
    "costOfRevenue": 188609000,
    "grossProfit": 518199000,
    "grossProfitRatio": 0.7331538409,
    "researchAndDevelopmentExpenses": 0,
    "generalAndAdministrativeExpenses": 109042000,
    "sellingAndMarketingExpenses": 6186000,
    "sellingGeneralAndAdministrativeExpenses": 115228000,
    "otherExpenses": 287361000,
    "operatingExpenses": 402589000,
    "costAndExpenses": 591198000,
    "interestIncome": 380893000,
    "interestExpense": 131191000,
    "depreciationAndAmortization": 16405000,
    "ebitda": 132015000,
    "ebitdaratio": 0.186776324,
    "operatingIncome": 115610000,
    "operatingIncomeRatio": 0.1635663433,
    "totalOtherIncomeExpensesNet": 0,
    "incomeBeforeTax": 115610000,
    "incomeBeforeTaxRatio": 0.1635663433,
    "incomeTaxExpense": 30475000,
    "netIncome": 85135000,
    "netIncomeRatio": 0.1204499666,
    "eps": 0.37,
    "epsdiluted": 0.37,
    "weightedAverageShsOut": 231355000,
    "weightedAverageShsOutDil": 231355000,
    "link": "https://www.sec.gov/Archives/edgar/data/49196/000095015203003155/0000950152-03-003155-index.htm",
    "finalLink": "https://www.sec.gov/Archives/edgar/data/49196/000095015203003155/l99245ae10vk.txt"
  },
  {
    "date": "2002-09-30",
    "symbol": "HBAN",
    "reportedCurrency": "USD",
    "cik": "0000049196",
    "fillingDate": "2002-11-14",
    "acceptedDate": "2002-11-14 19:40:21",
    "calendarYear": "2002",
    "period": "Q3",
    "revenue": 622779000,
    "costOfRevenue": 187216000,
    "grossProfit": 435563000,
    "grossProfitRatio": 0.6993861386,
    "researchAndDevelopmentExpenses": 0,
    "generalAndAdministrativeExpenses": 100662000,
    "sellingAndMarketingExpenses": 7491000,
    "sellingGeneralAndAdministrativeExpenses": 108153000,
    "otherExpenses": 211343000,
    "operatingExpenses": 319496000,
    "costAndExpenses": 506712000,
    "interestIncome": 324177000,
    "interestExpense": 132912000,
    "depreciationAndAmortization": 123859000,
    "ebitda": 239926000,
    "ebitdaratio": 0.3852506266,
    "operatingIncome": 116067000,
    "operatingIncomeRatio": 0.1863694826,
    "totalOtherIncomeExpensesNet": 0,
    "incomeBeforeTax": 116067000,
    "incomeBeforeTaxRatio": 0.1863694826,
    "incomeTaxExpense": 28052000,
    "netIncome": 88015000,
    "netIncomeRatio": 0.1413262168,
    "eps": 0.36,
    "epsdiluted": 0.35,
    "weightedAverageShsOut": 239925000,
    "weightedAverageShsOutDil": 241357000,
    "link": "https://www.sec.gov/Archives/edgar/data/49196/000095015202008552/0000950152-02-008552-index.htm",
    "finalLink": "https://www.sec.gov/Archives/edgar/data/49196/000095015202008552/l96904ae10vq.txt"
  },
  {
    "date": "2002-06-30",
    "symbol": "HBAN",
    "reportedCurrency": "USD",
    "cik": "0000049196",
    "fillingDate": "2002-08-14",
    "acceptedDate": "2002-08-14 15:01:00",
    "calendarYear": "2002",
    "period": "Q2",
    "revenue": 610481000,
    "costOfRevenue": 180698000,
    "grossProfit": 429783000,
    "grossProfitRatio": 0.7040071681,
    "researchAndDevelopmentExpenses": 0,
    "generalAndAdministrativeExpenses": 106808000,
    "sellingAndMarketingExpenses": 7231000,
    "sellingGeneralAndAdministrativeExpenses": 114039000,
    "otherExpenses": 217652000,
    "operatingExpenses": 331691000,
    "costAndExpenses": 512389000,
    "interestIncome": 322816000,
    "interestExpense": 130822000,
    "depreciationAndAmortization": 132399000,
    "ebitda": 230491000,
    "ebitdaratio": 0.3775563859,
    "operatingIncome": 98092000,
    "operatingIncomeRatio": 0.1606798574,
    "totalOtherIncomeExpensesNet": 0,
    "incomeBeforeTax": 98092000,
    "incomeBeforeTaxRatio": 0.1606798574,
    "incomeTaxExpense": 25081000,
    "netIncome": 73011000,
    "netIncomeRatio": 0.1195958597,
    "eps": 0.3,
    "epsdiluted": 0.29,
    "weightedAverageShsOut": 246106000,
    "weightedAverageShsOutDil": 247867000,
    "link": "https://www.sec.gov/Archives/edgar/data/49196/000095015202006402/0000950152-02-006402-index.htm",
    "finalLink": "https://www.sec.gov/Archives/edgar/data/49196/000095015202006402/l95561ae10vq.txt"
  },
  {
    "date": "2002-03-31",
    "symbol": "HBAN",
    "reportedCurrency": "USD",
    "cik": "0000049196",
    "fillingDate": "2002-05-15",
    "acceptedDate": "2002-05-15 14:48:36",
    "calendarYear": "2002",
    "period": "Q1",
    "revenue": 814301000,
    "costOfRevenue": 189780000,
    "grossProfit": 624521000,
    "grossProfitRatio": 0.7669412171,
    "researchAndDevelopmentExpenses": 0,
    "generalAndAdministrativeExpenses": 114285000,
    "sellingAndMarketingExpenses": 7003000,
    "sellingGeneralAndAdministrativeExpenses": 121288000,
    "otherExpenses": 285386000,
    "operatingExpenses": 406674000,
    "costAndExpenses": 596454000,
    "interestIncome": 335201000,
    "interestExpense": 150770000,
    "depreciationAndAmortization": 141597000,
    "ebitda": 359444000,
    "ebitdaratio": 0.4414141699,
    "operatingIncome": 217847000,
    "operatingIncomeRatio": 0.2675263815,
    "totalOtherIncomeExpensesNet": 0,
    "incomeBeforeTax": 217847000,
    "incomeBeforeTaxRatio": 0.2675263815,
    "incomeTaxExpense": 124706000,
    "netIncome": 93141000,
    "netIncomeRatio": 0.114381537,
    "eps": 0.37,
    "epsdiluted": 0.37,
    "weightedAverageShsOut": 250749000,
    "weightedAverageShsOutDil": 251953000,
    "link": "https://www.sec.gov/Archives/edgar/data/49196/000095015202004310/0000950152-02-004310-index.htm",
    "finalLink": "https://www.sec.gov/Archives/edgar/data/49196/000095015202004310/l94357ae10-q.txt"
  },
  {
    "date": "2001-12-31",
    "symbol": "HBAN",
    "reportedCurrency": "USD",
    "cik": "0000049196",
    "fillingDate": "2002-03-07",
    "acceptedDate": "2002-03-07 00:00:00",
    "calendarYear": "2001",
    "period": "Q4",
    "revenue": 576848000,
    "costOfRevenue": 296788000,
    "grossProfit": 280060000,
    "grossProfitRatio": 0.4855005131,
    "researchAndDevelopmentExpenses": 0,
    "generalAndAdministrativeExpenses": 118143000,
    "sellingAndMarketingExpenses": 6345000,
    "sellingGeneralAndAdministrativeExpenses": 124488000,
    "otherExpenses": 118009000,
    "operatingExpenses": 242497000,
    "costAndExpenses": 539285000,
    "interestIncome": 443751000,
    "interestExpense": 188513000,
    "depreciationAndAmortization": 24897000,
    "ebitda": 62460000,
    "ebitdaratio": 0.1082780906,
    "operatingIncome": 37563000,
    "operatingIncomeRatio": 0.065117674,
    "totalOtherIncomeExpensesNet": 0,
    "incomeBeforeTax": 37563000,
    "incomeBeforeTaxRatio": 0.065117674,
    "incomeTaxExpense": -28086000,
    "netIncome": 65649000,
    "netIncomeRatio": 0.11380641,
    "eps": 0.26,
    "epsdiluted": 0.26,
    "weightedAverageShsOut": 245371000,
    "weightedAverageShsOutDil": 250749000,
    "link": "https://www.sec.gov/Archives/edgar/data/49196/000095015202001558/0000950152-02-001558-index.htm",
    "finalLink": "https://www.sec.gov/Archives/edgar/data/49196/000095015202001558/l93031ae10-k.txt"
  },
  {
    "date": "2001-09-30",
    "symbol": "HBAN",
    "reportedCurrency": "USD",
    "cik": "0000049196",
    "fillingDate": "2001-11-14",
    "acceptedDate": "2001-11-14 00:00:00",
    "calendarYear": "2001",
    "period": "Q3",
    "revenue": 609290000,
    "costOfRevenue": 278606000,
    "grossProfit": 330684000,
    "grossProfitRatio": 0.5427366279,
    "researchAndDevelopmentExpenses": 0,
    "generalAndAdministrativeExpenses": 120767000,
    "sellingAndMarketingExpenses": 6921000,
    "sellingGeneralAndAdministrativeExpenses": 127688000,
    "otherExpenses": 152019000,
    "operatingExpenses": 279707000,
    "costAndExpenses": 558313000,
    "interestIncome": 478834000,
    "interestExpense": 229047000,
    "depreciationAndAmortization": 25099000,
    "ebitda": 76076000,
    "ebitdaratio": 0.124860083,
    "operatingIncome": 50977000,
    "operatingIncomeRatio": 0.0836662345,
    "totalOtherIncomeExpensesNet": 0,
    "incomeBeforeTax": 50977000,
    "incomeBeforeTaxRatio": 0.0836662345,
    "incomeTaxExpense": 8348000,
    "netIncome": 42629000,
    "netIncomeRatio": 0.0699650413,
    "eps": 0.17,
    "epsdiluted": 0.17,
    "weightedAverageShsOut": 251148000,
    "weightedAverageShsOutDil": 252203000,
    "link": "https://www.sec.gov/Archives/edgar/data/49196/000095015201505896/0000950152-01-505896-index.htm",
    "finalLink": "https://www.sec.gov/Archives/edgar/data/49196/000095015201505896/l90803ae10-q.txt"
  },
  {
    "date": "2001-06-30",
    "symbol": "HBAN",
    "reportedCurrency": "USD",
    "cik": "0000049196",
    "fillingDate": "2001-08-14",
    "acceptedDate": "2001-08-14 00:00:00",
    "calendarYear": "2001",
    "period": "Q2",
    "revenue": 627162000,
    "costOfRevenue": 368421000,
    "grossProfit": 258741000,
    "grossProfitRatio": 0.4125584777,
    "researchAndDevelopmentExpenses": 0,
    "generalAndAdministrativeExpenses": 122068000,
    "sellingAndMarketingExpenses": 7852000,
    "sellingGeneralAndAdministrativeExpenses": 129920000,
    "otherExpenses": 137373000,
    "operatingExpenses": 267293000,
    "costAndExpenses": 635714000,
    "interestIncome": 498959000,
    "interestExpense": 250926000,
    "depreciationAndAmortization": 19101000,
    "ebitda": 10549000,
    "ebitdaratio": 0.0168202155,
    "operatingIncome": -8552000,
    "operatingIncomeRatio": -0.0136360302,
    "totalOtherIncomeExpensesNet": 0,
    "incomeBeforeTax": -8552000,
    "incomeBeforeTaxRatio": -0.0136360302,
    "incomeTaxExpense": -10929000,
    "netIncome": 2377000,
    "netIncomeRatio": 0.0037900893,
    "eps": 0.01,
    "epsdiluted": 0.01,
    "weightedAverageShsOut": 251024000,
    "weightedAverageShsOutDil": 251448000,
    "link": "https://www.sec.gov/Archives/edgar/data/49196/000095015201503960/0000950152-01-503960-index.htm",
    "finalLink": "https://www.sec.gov/Archives/edgar/data/49196/000095015201503960/l89439ae10-q.txt"
  },
  {
    "date": "2001-03-31",
    "symbol": "HBAN",
    "reportedCurrency": "USD",
    "cik": "0000049196",
    "fillingDate": "2001-05-15",
    "acceptedDate": "2001-05-15 00:00:00",
    "calendarYear": "2001",
    "period": "Q1",
    "revenue": 635699000,
    "costOfRevenue": 308315000,
    "grossProfit": 327384000,
    "grossProfitRatio": 0.5149984505,
    "researchAndDevelopmentExpenses": 0,
    "generalAndAdministrativeExpenses": 117662000,
    "sellingAndMarketingExpenses": 9939000,
    "sellingGeneralAndAdministrativeExpenses": 127601000,
    "otherExpenses": 106489000,
    "operatingExpenses": 234090000,
    "costAndExpenses": 542405000,
    "interestIncome": 517975000,
    "interestExpense": 274851000,
    "depreciationAndAmortization": 32136000,
    "ebitda": 125430000,
    "ebitdaratio": 0.1973103623,
    "operatingIncome": 93294000,
    "operatingIncomeRatio": 0.1467581355,
    "totalOtherIncomeExpensesNet": 0,
    "incomeBeforeTax": 93294000,
    "incomeBeforeTaxRatio": 0.1467581355,
    "incomeTaxExpense": 25428000,
    "netIncome": 67866000,
    "netIncomeRatio": 0.1067580726,
    "eps": 0.27,
    "epsdiluted": 0.27,
    "weightedAverageShsOut": 250998000,
    "weightedAverageShsOutDil": 251510000,
    "link": "https://www.sec.gov/Archives/edgar/data/49196/000095015201502048/0000950152-01-502048-index.htm",
    "finalLink": "https://www.sec.gov/Archives/edgar/data/49196/000095015201502048/l88203ae10-q.txt"
  },
  {
    "date": "2000-12-31",
    "symbol": "HBAN",
    "reportedCurrency": "USD",
    "cik": "0000049196",
    "fillingDate": "2001-03-08",
    "acceptedDate": "2001-03-08 00:00:00",
    "calendarYear": "2000",
    "period": "Q4",
    "revenue": 668210000,
    "costOfRevenue": 337143000,
    "grossProfit": 331067000,
    "grossProfitRatio": 0.4954535251,
    "researchAndDevelopmentExpenses": 0,
    "generalAndAdministrativeExpenses": 105810000,
    "sellingAndMarketingExpenses": 10592000,
    "sellingGeneralAndAdministrativeExpenses": 116402000,
    "otherExpenses": 107448000,
    "operatingExpenses": 223850000,
    "costAndExpenses": 560993000,
    "interestIncome": 537661000,
    "interestExpense": 304595000,
    "depreciationAndAmortization": 25855000,
    "ebitda": 133072000,
    "ebitdaratio": 0.1991469748,
    "operatingIncome": 107217000,
    "operatingIncomeRatio": 0.1604540489,
    "totalOtherIncomeExpensesNet": 0,
    "incomeBeforeTax": 107217000,
    "incomeBeforeTaxRatio": 0.1604540489,
    "incomeTaxExpense": 30995000,
    "netIncome": 76222000,
    "netIncomeRatio": 0.1140689304,
    "eps": 0.3,
    "epsdiluted": 0.3,
    "weightedAverageShsOut": 250998000,
    "weightedAverageShsOutDil": 250998000,
    "link": "https://www.sec.gov/Archives/edgar/data/49196/000095015201500197/0000950152-01-500197-index.htm",
    "finalLink": "https://www.sec.gov/Archives/edgar/data/49196/000095015201500197/l86772ae10-k.txt"
  },
  {
    "date": "2000-09-30",
    "symbol": "HBAN",
    "reportedCurrency": "USD",
    "cik": "0000049196",
    "fillingDate": "2000-11-14",
    "acceptedDate": "2000-11-14 00:00:00",
    "calendarYear": "2000",
    "period": "Q3",
    "revenue": 657443000,
    "costOfRevenue": 326318000,
    "grossProfit": 331125000,
    "grossProfitRatio": 0.5036558302,
    "researchAndDevelopmentExpenses": 0,
    "generalAndAdministrativeExpenses": 109463000,
    "sellingAndMarketingExpenses": 8557000,
    "sellingGeneralAndAdministrativeExpenses": 118020000,
    "otherExpenses": 145565000,
    "operatingExpenses": 263585000,
    "costAndExpenses": 589903000,
    "interestIncome": 535791000,
    "interestExpense": 299922000,
    "depreciationAndAmortization": 28849000,
    "ebitda": 96389000,
    "ebitdaratio": 0.1466119496,
    "operatingIncome": 67540000,
    "operatingIncomeRatio": 0.1027313394,
    "totalOtherIncomeExpensesNet": 0,
    "incomeBeforeTax": 67540000,
    "incomeBeforeTaxRatio": 0.1027313394,
    "incomeTaxExpense": 17010000,
    "netIncome": 50530000,
    "netIncomeRatio": 0.076858374,
    "eps": 0.2,
    "epsdiluted": 0.2,
    "weightedAverageShsOut": 251114000,
    "weightedAverageShsOutDil": 252033000,
    "link": "https://www.sec.gov/Archives/edgar/data/49196/000095015200008030/0000950152-00-008030-index.htm",
    "finalLink": "https://www.sec.gov/Archives/edgar/data/49196/000095015200008030/l84666ae10-q.txt"
  },
  {
    "date": "2000-06-30",
    "symbol": "HBAN",
    "reportedCurrency": "USD",
    "cik": "0000049196",
    "fillingDate": "2000-08-11",
    "acceptedDate": "2000-08-11 00:00:00",
    "calendarYear": "2000",
    "period": "Q2",
    "revenue": 635160000,
    "costOfRevenue": 302524000,
    "grossProfit": 332636000,
    "grossProfitRatio": 0.5237042635,
    "researchAndDevelopmentExpenses": 0,
    "generalAndAdministrativeExpenses": 104133000,
    "sellingAndMarketingExpenses": 6472000,
    "sellingGeneralAndAdministrativeExpenses": 110605000,
    "otherExpenses": 87471000,
    "operatingExpenses": 198076000,
    "costAndExpenses": 500600000,
    "interestIncome": 519496000,
    "interestExpense": 286690000,
    "depreciationAndAmortization": 28738000,
    "ebitda": 163298000,
    "ebitdaratio": 0.2570974243,
    "operatingIncome": 134560000,
    "operatingIncomeRatio": 0.2118521317,
    "totalOtherIncomeExpensesNet": 0,
    "incomeBeforeTax": 134560000,
    "incomeBeforeTaxRatio": 0.2118521317,
    "incomeTaxExpense": 37039000,
    "netIncome": 97521000,
    "netIncomeRatio": 0.1535376913,
    "eps": 0.4,
    "epsdiluted": 0.4,
    "weightedAverageShsOut": 244835000,
    "weightedAverageShsOutDil": 245652000,
    "link": "https://www.sec.gov/Archives/edgar/data/49196/000095015200005946/0000950152-00-005946-index.htm",
    "finalLink": "https://www.sec.gov/Archives/edgar/data/49196/000095015200005946/e10-q.txt"
  },
  {
    "date": "2000-03-31",
    "symbol": "HBAN",
    "reportedCurrency": "USD",
    "cik": "0000049196",
    "fillingDate": "2000-05-12",
    "acceptedDate": "2000-05-12 00:00:00",
    "calendarYear": "2000",
    "period": "Q1",
    "revenue": 641251000,
    "costOfRevenue": 290567000,
    "grossProfit": 350684000,
    "grossProfitRatio": 0.5468747807,
    "researchAndDevelopmentExpenses": 0,
    "generalAndAdministrativeExpenses": 102344000,
    "sellingAndMarketingExpenses": 7993000,
    "sellingGeneralAndAdministrativeExpenses": 110337000,
    "otherExpenses": 89769000,
    "operatingExpenses": 200106000,
    "costAndExpenses": 490673000,
    "interestIncome": 515557000,
    "interestExpense": 274866000,
    "depreciationAndAmortization": 27466000,
    "ebitda": 178044000,
    "ebitdaratio": 0.277651029,
    "operatingIncome": 150578000,
    "operatingIncomeRatio": 0.234819127,
    "totalOtherIncomeExpensesNet": 0,
    "incomeBeforeTax": 150578000,
    "incomeBeforeTaxRatio": 0.234819127,
    "incomeTaxExpense": 46405000,
    "netIncome": 104173000,
    "netIncomeRatio": 0.1624527681,
    "eps": 0.46,
    "epsdiluted": 0.46,
    "weightedAverageShsOut": 225431000,
    "weightedAverageShsOutDil": 226490000,
    "link": "https://www.sec.gov/Archives/edgar/data/49196/000095015200004014/0000950152-00-004014-index.html",
    "finalLink": "https://www.sec.gov/Archives/edgar/data/49196/000095015200004014/0000950152-00-004014.txt"
  },
  {
    "date": "1999-12-31",
    "symbol": "HBAN",
    "reportedCurrency": "USD",
    "cik": "0000049196",
    "fillingDate": "2000-02-22",
    "acceptedDate": "2000-02-22 00:00:00",
    "calendarYear": "1999",
    "period": "Q4",
    "revenue": 746300000,
    "costOfRevenue": 282800000,
    "grossProfit": 463500000,
    "grossProfitRatio": 0.6210639153,
    "researchAndDevelopmentExpenses": 0,
    "generalAndAdministrativeExpenses": 100700000,
    "sellingAndMarketingExpenses": 9200000,
    "sellingGeneralAndAdministrativeExpenses": 109900000,
    "otherExpenses": 191800000,
    "operatingExpenses": 301700000,
    "costAndExpenses": 584500000,
    "interestIncome": 515500000,
    "interestExpense": 262800000,
    "depreciationAndAmortization": 26800000,
    "ebitda": 188600000,
    "ebitdaratio": 0.252713386,
    "operatingIncome": 161800000,
    "operatingIncomeRatio": 0.2168028943,
    "totalOtherIncomeExpensesNet": 0,
    "incomeBeforeTax": 161800000,
    "incomeBeforeTaxRatio": 0.2168028943,
    "incomeTaxExpense": 46800000,
    "netIncome": 115000000,
    "netIncomeRatio": 0.1540935281,
    "eps": 0.46,
    "epsdiluted": 0.46,
    "weightedAverageShsOut": 247974000,
    "weightedAverageShsOutDil": 247974000,
    "link": "https://www.sec.gov/Archives/edgar/data/49196/000095015200001250/0000950152-00-001250-index.html",
    "finalLink": "https://www.sec.gov/Archives/edgar/data/49196/000095015200001250/0000950152-00-001250.txt"
  },
  {
    "date": "1999-09-30",
    "symbol": "HBAN",
    "reportedCurrency": "USD",
    "cik": "0000049196",
    "fillingDate": "1999-11-15",
    "acceptedDate": "1999-11-15 00:00:00",
    "calendarYear": "1999",
    "period": "Q3",
    "revenue": 631900000,
    "costOfRevenue": 270000000,
    "grossProfit": 361900000,
    "grossProfitRatio": 0.5727172021,
    "researchAndDevelopmentExpenses": 0,
    "generalAndAdministrativeExpenses": 104700000,
    "sellingAndMarketingExpenses": 8700000,
    "sellingGeneralAndAdministrativeExpenses": 113400000,
    "otherExpenses": 92700000,
    "operatingExpenses": 206100000,
    "costAndExpenses": 476100000,
    "interestIncome": 516300000,
    "interestExpense": 247900000,
    "depreciationAndAmortization": 26400000,
    "ebitda": 182200000,
    "ebitdaratio": 0.2883367621,
    "operatingIncome": 155800000,
    "operatingIncomeRatio": 0.2465579997,
    "totalOtherIncomeExpensesNet": 0,
    "incomeBeforeTax": 155800000,
    "incomeBeforeTaxRatio": 0.2465579997,
    "incomeTaxExpense": 50200000,
    "netIncome": 105600000,
    "netIncomeRatio": 0.1671150498,
    "eps": 0.46,
    "epsdiluted": 0.46,
    "weightedAverageShsOut": 229565000,
    "weightedAverageShsOutDil": 229565000,
    "link": "https://www.sec.gov/Archives/edgar/data/49196/000095015299009118/0000950152-99-009118-index.html",
    "finalLink": "https://www.sec.gov/Archives/edgar/data/49196/000095015299009118/0000950152-99-009118.txt"
  },
  {
    "date": "1999-06-30",
    "symbol": "HBAN",
    "reportedCurrency": "USD",
    "cik": "0000049196",
    "fillingDate": "1999-08-16",
    "acceptedDate": "1999-08-16 00:00:00",
    "calendarYear": "1999",
    "period": "Q2",
    "revenue": 615800000,
    "costOfRevenue": 258400000,
    "grossProfit": 357400000,
    "grossProfitRatio": 0.5803832413,
    "researchAndDevelopmentExpenses": 0,
    "generalAndAdministrativeExpenses": 107300000,
    "sellingAndMarketingExpenses": 6900000,
    "sellingGeneralAndAdministrativeExpenses": 114200000,
    "otherExpenses": 87900000,
    "operatingExpenses": 202100000,
    "costAndExpenses": 460500000,
    "interestIncome": 498500000,
    "interestExpense": 237400000,
    "depreciationAndAmortization": 29700000,
    "ebitda": 185000000,
    "ebitdaratio": 0.300422215,
    "operatingIncome": 155300000,
    "operatingIncomeRatio": 0.2521922702,
    "totalOtherIncomeExpensesNet": 0,
    "incomeBeforeTax": 155300000,
    "incomeBeforeTaxRatio": 0.2521922702,
    "incomeTaxExpense": 50300000,
    "netIncome": 105000000,
    "netIncomeRatio": 0.1705099058,
    "eps": 0.41,
    "epsdiluted": 0.41,
    "weightedAverageShsOut": 254073000,
    "weightedAverageShsOutDil": 254073000,
    "link": "https://www.sec.gov/Archives/edgar/data/49196/000095015299006871/0000950152-99-006871-index.html",
    "finalLink": "https://www.sec.gov/Archives/edgar/data/49196/000095015299006871/0000950152-99-006871.txt"
  },
  {
    "date": "1999-03-31",
    "symbol": "HBAN",
    "reportedCurrency": "USD",
    "cik": "0000049196",
    "fillingDate": "1999-05-14",
    "acceptedDate": "1999-05-14 00:00:00",
    "calendarYear": "1999",
    "period": "Q1",
    "revenue": 605572000,
    "costOfRevenue": 261500000,
    "grossProfit": 344072000,
    "grossProfitRatio": 0.5681768642,
    "researchAndDevelopmentExpenses": 0,
    "generalAndAdministrativeExpenses": 107300000,
    "sellingAndMarketingExpenses": 6300000,
    "sellingGeneralAndAdministrativeExpenses": 113600000,
    "otherExpenses": 88472000,
    "operatingExpenses": 202072000,
    "costAndExpenses": 463572000,
    "interestIncome": 495700000,
    "interestExpense": 236200000,
    "depreciationAndAmortization": 29600000,
    "ebitda": 171600000,
    "ebitdaratio": 0.2833684516,
    "operatingIncome": 142000000,
    "operatingIncomeRatio": 0.2344890451,
    "totalOtherIncomeExpensesNet": 0,
    "incomeBeforeTax": 142000000,
    "incomeBeforeTaxRatio": 0.2344890451,
    "incomeTaxExpense": 45400000,
    "netIncome": 96600000,
    "netIncomeRatio": 0.1595186039,
    "eps": 0.42,
    "epsdiluted": 0.42,
    "weightedAverageShsOut": 230000000,
    "weightedAverageShsOutDil": 230000000,
    "link": "https://www.sec.gov/Archives/edgar/data/49196/000095015299004438/0000950152-99-004438-index.html",
    "finalLink": "https://www.sec.gov/Archives/edgar/data/49196/0000950152-99-004438.txt"
  },
  {
    "date": "1998-12-31",
    "symbol": "HBAN",
    "reportedCurrency": "USD",
    "cik": "0000049196",
    "fillingDate": "1999-02-19",
    "acceptedDate": "1999-02-19 00:00:00",
    "calendarYear": "1998",
    "period": "Q4",
    "revenue": 608900000,
    "costOfRevenue": 267400000,
    "grossProfit": 341500000,
    "grossProfitRatio": 0.5608474298,
    "researchAndDevelopmentExpenses": 0,
    "generalAndAdministrativeExpenses": 103700000,
    "sellingAndMarketingExpenses": 8300000,
    "sellingGeneralAndAdministrativeExpenses": 112000000,
    "otherExpenses": 186900000,
    "operatingExpenses": 298900000,
    "costAndExpenses": 566300000,
    "interestIncome": 500400000,
    "interestExpense": 233100000,
    "depreciationAndAmortization": 23100000,
    "ebitda": 65700000,
    "ebitdaratio": 0.1078994909,
    "operatingIncome": 42600000,
    "operatingIncomeRatio": 0.069962227,
    "totalOtherIncomeExpensesNet": 0,
    "incomeBeforeTax": 42600000,
    "incomeBeforeTaxRatio": 0.069962227,
    "incomeTaxExpense": 11400000,
    "netIncome": 31200000,
    "netIncomeRatio": 0.0512399409,
    "eps": 0.12,
    "epsdiluted": 0.12,
    "weightedAverageShsOut": 253025000,
    "weightedAverageShsOutDil": 253025000,
    "link": "https://www.sec.gov/Archives/edgar/data/49196/000095015299001257/0000950152-99-001257-index.htm",
    "finalLink": "https://www.sec.gov/Archives/edgar/data/49196/000095015299001257/"
  },
  {
    "date": "1998-09-30",
    "symbol": "HBAN",
    "reportedCurrency": "USD",
    "cik": "0000049196",
    "fillingDate": "1998-11-16",
    "acceptedDate": "1998-11-16 00:00:00",
    "calendarYear": "1998",
    "period": "Q3",
    "revenue": 619800000,
    "costOfRevenue": 277900000,
    "grossProfit": 341900000,
    "grossProfitRatio": 0.5516295579,
    "researchAndDevelopmentExpenses": 0,
    "generalAndAdministrativeExpenses": 111700000,
    "sellingAndMarketingExpenses": 8800000,
    "sellingGeneralAndAdministrativeExpenses": 120500000,
    "otherExpenses": 91200000,
    "operatingExpenses": 211700000,
    "costAndExpenses": 489600000,
    "interestIncome": 505200000,
    "interestExpense": 253700000,
    "depreciationAndAmortization": 23000000,
    "ebitda": 153200000,
    "ebitdaratio": 0.2471765086,
    "operatingIncome": 130200000,
    "operatingIncomeRatio": 0.2100677638,
    "totalOtherIncomeExpensesNet": 0,
    "incomeBeforeTax": 130200000,
    "incomeBeforeTaxRatio": 0.2100677638,
    "incomeTaxExpense": 41400000,
    "netIncome": 88800000,
    "netIncomeRatio": 0.1432720232,
    "eps": 0.35,
    "epsdiluted": 0.35,
    "weightedAverageShsOut": 257078000,
    "weightedAverageShsOutDil": 257078000,
    "link": "https://www.sec.gov/Archives/edgar/data/49196/000095015298009006/0000950152-98-009006-index.htm",
    "finalLink": "https://www.sec.gov/Archives/edgar/data/49196/0000950152-98-009006.txt"
  },
  {
    "date": "1998-06-30",
    "symbol": "HBAN",
    "reportedCurrency": "USD",
    "cik": "0000049196",
    "fillingDate": "1998-08-14",
    "acceptedDate": "1998-08-14 00:00:00",
    "calendarYear": "1998",
    "period": "Q2",
    "revenue": 611000000,
    "costOfRevenue": 268500000,
    "grossProfit": 342500000,
    "grossProfitRatio": 0.5605564648,
    "researchAndDevelopmentExpenses": 0,
    "generalAndAdministrativeExpenses": 108500000,
    "sellingAndMarketingExpenses": 8300000,
    "sellingGeneralAndAdministrativeExpenses": 116800000,
    "otherExpenses": 89900000,
    "operatingExpenses": 206700000,
    "costAndExpenses": 475200000,
    "interestIncome": 491300000,
    "interestExpense": 243900000,
    "depreciationAndAmortization": 17100000,
    "ebitda": 152900000,
    "ebitdaratio": 0.2502454992,
    "operatingIncome": 135800000,
    "operatingIncomeRatio": 0.2222585925,
    "totalOtherIncomeExpensesNet": 0,
    "incomeBeforeTax": 135800000,
    "incomeBeforeTaxRatio": 0.2222585925,
    "incomeTaxExpense": 43500000,
    "netIncome": 92300000,
    "netIncomeRatio": 0.1510638298,
    "eps": 0.4,
    "epsdiluted": 0.39,
    "weightedAverageShsOut": 230750000,
    "weightedAverageShsOutDil": 236667000,
    "link": "https://www.sec.gov/Archives/edgar/data/49196/000095015298006848/0000950152-98-006848-index.html",
    "finalLink": "https://www.sec.gov/Archives/edgar/data/49196/0000950152-98-006848.txt"
  },
  {
    "date": "1998-03-31",
    "symbol": "HBAN",
    "reportedCurrency": "USD",
    "cik": "0000049196",
    "fillingDate": "1998-05-15",
    "acceptedDate": "1998-05-15 00:00:00",
    "calendarYear": "1998",
    "period": "Q1",
    "revenue": 597800000,
    "costOfRevenue": 269800000,
    "grossProfit": 328000000,
    "grossProfitRatio": 0.5486784878,
    "researchAndDevelopmentExpenses": 0,
    "generalAndAdministrativeExpenses": 104700000,
    "sellingAndMarketingExpenses": 6900000,
    "sellingGeneralAndAdministrativeExpenses": 111600000,
    "otherExpenses": 84700000,
    "operatingExpenses": 196300000,
    "costAndExpenses": 466100000,
    "interestIncome": 502400000,
    "interestExpense": 247600000,
    "depreciationAndAmortization": 17800000,
    "ebitda": 149500000,
    "ebitdaratio": 0.25008364,
    "operatingIncome": 131700000,
    "operatingIncomeRatio": 0.2203077952,
    "totalOtherIncomeExpensesNet": 0,
    "incomeBeforeTax": 131700000,
    "incomeBeforeTaxRatio": 0.2203077952,
    "incomeTaxExpense": 42200000,
    "netIncome": 89500000,
    "netIncomeRatio": 0.149715624,
    "eps": 0.38,
    "epsdiluted": 0.38,
    "weightedAverageShsOut": 235526000,
    "weightedAverageShsOutDil": 235526000,
    "link": "https://www.sec.gov/Archives/edgar/data/49196/000095015298004611/0000950152-98-004611-index.html",
    "finalLink": "https://www.sec.gov/Archives/edgar/data/49196/0000950152-98-004611.txt"
  },
  {
    "date": "1997-12-31",
    "symbol": "HBAN",
    "reportedCurrency": "USD",
    "cik": "0000049196",
    "fillingDate": "1998-02-20",
    "acceptedDate": "1998-02-20 00:00:00",
    "calendarYear": "1997",
    "period": "Q4",
    "revenue": 588300000,
    "costOfRevenue": 266500000,
    "grossProfit": 321800000,
    "grossProfitRatio": 0.54699983,
    "researchAndDevelopmentExpenses": 0,
    "generalAndAdministrativeExpenses": 95800000,
    "sellingAndMarketingExpenses": 5400000,
    "sellingGeneralAndAdministrativeExpenses": 101200000,
    "otherExpenses": 87200000,
    "operatingExpenses": 188400000,
    "costAndExpenses": 454900000,
    "interestIncome": 499800000,
    "interestExpense": 240300000,
    "depreciationAndAmortization": 16800000,
    "ebitda": 150200000,
    "ebitdaratio": 0.2553119157,
    "operatingIncome": 133400000,
    "operatingIncomeRatio": 0.2267550569,
    "totalOtherIncomeExpensesNet": 0,
    "incomeBeforeTax": 133400000,
    "incomeBeforeTaxRatio": 0.2267550569,
    "incomeTaxExpense": 42700000,
    "netIncome": 90700000,
    "netIncomeRatio": 0.154173041,
    "eps": 0.35,
    "epsdiluted": 0.35,
    "weightedAverageShsOut": 259105000,
    "weightedAverageShsOutDil": 259105000,
    "link": "https://www.sec.gov/Archives/edgar/data/49196/000095015298001354/0000950152-98-001354-index.htm",
    "finalLink": "https://www.sec.gov/Archives/edgar/data/49196/000095015298001354/"
  },
  {
    "date": "1997-09-30",
    "symbol": "HBAN",
    "reportedCurrency": "USD",
    "cik": "0000049196",
    "fillingDate": "1997-11-14",
    "acceptedDate": "1997-11-14 00:00:00",
    "calendarYear": "1997",
    "period": "Q3",
    "revenue": 599000000,
    "costOfRevenue": 274100000,
    "grossProfit": 324900000,
    "grossProfitRatio": 0.5424040067,
    "researchAndDevelopmentExpenses": 0,
    "generalAndAdministrativeExpenses": 100500000,
    "sellingAndMarketingExpenses": 6100000,
    "sellingGeneralAndAdministrativeExpenses": 106600000,
    "otherExpenses": 138300000,
    "operatingExpenses": 244900000,
    "costAndExpenses": 519000000,
    "interestIncome": 502900000,
    "interestExpense": 245700000,
    "depreciationAndAmortization": 19700000,
    "ebitda": 99700000,
    "ebitdaratio": 0.1664440735,
    "operatingIncome": 80000000,
    "operatingIncomeRatio": 0.1335559265,
    "totalOtherIncomeExpensesNet": 0,
    "incomeBeforeTax": 80000000,
    "incomeBeforeTaxRatio": 0.1335559265,
    "incomeTaxExpense": 38800000,
    "netIncome": 41200000,
    "netIncomeRatio": 0.0687813022,
    "eps": 0.16,
    "epsdiluted": 0.16,
    "weightedAverageShsOut": 251803000,
    "weightedAverageShsOutDil": 251803000,
    "link": "https://www.sec.gov/Archives/edgar/data/49196/000095015297008053/0000950152-97-008053-index.html",
    "finalLink": "https://www.sec.gov/Archives/edgar/data/49196/0000950152-97-008053.txt"
  },
  {
    "date": "1997-06-30",
    "symbol": "HBAN",
    "reportedCurrency": "USD",
    "cik": "0000049196",
    "fillingDate": "1997-08-14",
    "acceptedDate": "1997-08-14 00:00:00",
    "calendarYear": "1997",
    "period": "Q2",
    "revenue": 498800000,
    "costOfRevenue": 230400000,
    "grossProfit": 268400000,
    "grossProfitRatio": 0.5380914194,
    "researchAndDevelopmentExpenses": 0,
    "generalAndAdministrativeExpenses": 80300000,
    "sellingAndMarketingExpenses": 4800000,
    "sellingGeneralAndAdministrativeExpenses": 85100000,
    "otherExpenses": 71100000,
    "operatingExpenses": 156200000,
    "costAndExpenses": 386600000,
    "interestIncome": 429200000,
    "interestExpense": 204000000,
    "depreciationAndAmortization": 11600000,
    "ebitda": 123800000,
    "ebitdaratio": 0.2481956696,
    "operatingIncome": 112200000,
    "operatingIncomeRatio": 0.2249398557,
    "totalOtherIncomeExpensesNet": 0,
    "incomeBeforeTax": 112200000,
    "incomeBeforeTaxRatio": 0.2249398557,
    "incomeTaxExpense": 39700000,
    "netIncome": 72500000,
    "netIncomeRatio": 0.1453488372,
    "eps": 0.33,
    "epsdiluted": 0.32,
    "weightedAverageShsOut": 221550000,
    "weightedAverageShsOutDil": 227880000,
    "link": "https://www.sec.gov/Archives/edgar/data/49196/000095015297006062/0000950152-97-006062-index.html",
    "finalLink": "https://www.sec.gov/Archives/edgar/data/49196/0000950152-97-006062.txt"
  },
  {
    "date": "1997-03-31",
    "symbol": "HBAN",
    "reportedCurrency": "USD",
    "cik": "0000049196",
    "fillingDate": "1997-05-15",
    "acceptedDate": "1997-05-15 00:00:00",
    "calendarYear": "1997",
    "period": "Q1",
    "revenue": 552600000,
    "costOfRevenue": 250700000,
    "grossProfit": 301900000,
    "grossProfitRatio": 0.5463264567,
    "researchAndDevelopmentExpenses": 0,
    "generalAndAdministrativeExpenses": 97200000,
    "sellingAndMarketingExpenses": 9000000,
    "sellingGeneralAndAdministrativeExpenses": 106200000,
    "otherExpenses": 77600000,
    "operatingExpenses": 183800000,
    "costAndExpenses": 434500000,
    "interestIncome": 475900000,
    "interestExpense": 228300000,
    "depreciationAndAmortization": 15300000,
    "ebitda": 133400000,
    "ebitdaratio": 0.2414042707,
    "operatingIncome": 118100000,
    "operatingIncomeRatio": 0.2137169743,
    "totalOtherIncomeExpensesNet": 0,
    "incomeBeforeTax": 118100000,
    "incomeBeforeTaxRatio": 0.2137169743,
    "incomeTaxExpense": 40900000,
    "netIncome": 77200000,
    "netIncomeRatio": 0.1397032211,
    "eps": 0.34,
    "epsdiluted": 0.33,
    "weightedAverageShsOut": 227059000,
    "weightedAverageShsOutDil": 233939000,
    "link": "https://www.sec.gov/Archives/edgar/data/49196/000095015297003989/0000950152-97-003989-index.html",
    "finalLink": "https://www.sec.gov/Archives/edgar/data/49196/0000950152-97-003989.txt"
  },
  {
    "date": "1996-12-31",
    "symbol": "HBAN",
    "reportedCurrency": "USD",
    "cik": "0000049196",
    "fillingDate": "1997-02-20",
    "acceptedDate": "1997-02-20 00:00:00",
    "calendarYear": "1996",
    "period": "Q4",
    "revenue": 449300000,
    "costOfRevenue": 210800000,
    "grossProfit": 238500000,
    "grossProfitRatio": 0.5308257289,
    "researchAndDevelopmentExpenses": 0,
    "generalAndAdministrativeExpenses": 0,
    "sellingAndMarketingExpenses": 0,
    "sellingGeneralAndAdministrativeExpenses": 0,
    "otherExpenses": 137300000,
    "operatingExpenses": 137300000,
    "costAndExpenses": 348100000,
    "interestIncome": 382700000,
    "interestExpense": 189600000,
    "depreciationAndAmortization": 23300000,
    "ebitda": 124500000,
    "ebitdaratio": 0.2770977075,
    "operatingIncome": 101200000,
    "operatingIncomeRatio": 0.2252392611,
    "totalOtherIncomeExpensesNet": 0,
    "incomeBeforeTax": 101200000,
    "incomeBeforeTaxRatio": 0.2252392611,
    "incomeTaxExpense": 33500000,
    "netIncome": 67700000,
    "netIncomeRatio": 0.1506788337,
    "eps": 0.31,
    "epsdiluted": 0.31,
    "weightedAverageShsOut": 215169000,
    "weightedAverageShsOutDil": 215169000,
    "link": "https://www.sec.gov/Archives/edgar/data/49196/000095015297001211/0000950152-97-001211-index.htm",
    "finalLink": "https://www.sec.gov/Archives/edgar/data/49196/000095015297001211/"
  },
  {
    "date": "1996-09-30",
    "symbol": "HBAN",
    "reportedCurrency": "USD",
    "cik": "0000049196",
    "fillingDate": "1996-11-14",
    "acceptedDate": "1996-11-14 00:00:00",
    "calendarYear": "1996",
    "period": "Q3",
    "revenue": 449400000,
    "costOfRevenue": 207000000,
    "grossProfit": 242400000,
    "grossProfitRatio": 0.5393858478,
    "researchAndDevelopmentExpenses": 0,
    "generalAndAdministrativeExpenses": 75500000,
    "sellingAndMarketingExpenses": 2800000,
    "sellingGeneralAndAdministrativeExpenses": 78300000,
    "otherExpenses": 63300000,
    "operatingExpenses": 141600000,
    "costAndExpenses": 348600000,
    "interestIncome": 378400000,
    "interestExpense": 186700000,
    "depreciationAndAmortization": 18400000,
    "ebitda": 119200000,
    "ebitdaratio": 0.2652425456,
    "operatingIncome": 100800000,
    "operatingIncomeRatio": 0.2242990654,
    "totalOtherIncomeExpensesNet": 0,
    "incomeBeforeTax": 100800000,
    "incomeBeforeTaxRatio": 0.2242990654,
    "incomeTaxExpense": 34300000,
    "netIncome": 66500000,
    "netIncomeRatio": 0.1479750779,
    "eps": 0.3,
    "epsdiluted": 0.3,
    "weightedAverageShsOut": 221689000,
    "weightedAverageShsOutDil": 221689000,
    "link": "https://www.sec.gov/Archives/edgar/data/49196/000095015296006156/0000950152-96-006156-index.html",
    "finalLink": "https://www.sec.gov/Archives/edgar/data/49196/0000950152-96-006156.txt"
  },
  {
    "date": "1996-06-30",
    "symbol": "HBAN",
    "reportedCurrency": "USD",
    "cik": "0000049196",
    "fillingDate": "1996-08-14",
    "acceptedDate": "1996-08-14 00:00:00",
    "calendarYear": "1996",
    "period": "Q2",
    "revenue": 442300000,
    "costOfRevenue": 197600000,
    "grossProfit": 244700000,
    "grossProfitRatio": 0.5532444043,
    "researchAndDevelopmentExpenses": 0,
    "generalAndAdministrativeExpenses": 75100000,
    "sellingAndMarketingExpenses": 4100000,
    "sellingGeneralAndAdministrativeExpenses": 79200000,
    "otherExpenses": 66300000,
    "operatingExpenses": 145500000,
    "costAndExpenses": 343100000,
    "interestIncome": 375100000,
    "interestExpense": 185800000,
    "depreciationAndAmortization": 22200000,
    "ebitda": 121400000,
    "ebitdaratio": 0.2744743387,
    "operatingIncome": 99200000,
    "operatingIncomeRatio": 0.2242821614,
    "totalOtherIncomeExpensesNet": 0,
    "incomeBeforeTax": 99200000,
    "incomeBeforeTaxRatio": 0.2242821614,
    "incomeTaxExpense": 34100000,
    "netIncome": 65100000,
    "netIncomeRatio": 0.1471851684,
    "eps": 0.29,
    "epsdiluted": 0.29,
    "weightedAverageShsOut": 223804000,
    "weightedAverageShsOutDil": 223804000,
    "link": "https://www.sec.gov/Archives/edgar/data/49196/000095015296004181/0000950152-96-004181-index.html",
    "finalLink": "https://www.sec.gov/Archives/edgar/data/49196/0000950152-96-004181.txt"
  },
  {
    "date": "1996-03-31",
    "symbol": "HBAN",
    "reportedCurrency": "USD",
    "cik": "0000049196",
    "fillingDate": "1996-05-15",
    "acceptedDate": "1996-05-15 00:00:00",
    "calendarYear": "1996",
    "period": "Q1",
    "revenue": 442500000,
    "costOfRevenue": 201400000,
    "grossProfit": 241100000,
    "grossProfitRatio": 0.5448587571,
    "researchAndDevelopmentExpenses": 0,
    "generalAndAdministrativeExpenses": 76600000,
    "sellingAndMarketingExpenses": 2900000,
    "sellingGeneralAndAdministrativeExpenses": 79500000,
    "otherExpenses": 64100000,
    "operatingExpenses": 143600000,
    "costAndExpenses": 345000000,
    "interestIncome": 374300000,
    "interestExpense": 189600000,
    "depreciationAndAmortization": 21700000,
    "ebitda": 119200000,
    "ebitdaratio": 0.2693785311,
    "operatingIncome": 97500000,
    "operatingIncomeRatio": 0.2203389831,
    "totalOtherIncomeExpensesNet": 0,
    "incomeBeforeTax": 97500000,
    "incomeBeforeTaxRatio": 0.2203389831,
    "incomeTaxExpense": 34700000,
    "netIncome": 62800000,
    "netIncomeRatio": 0.141920904,
    "eps": 0.28,
    "epsdiluted": 0.28,
    "weightedAverageShsOut": 222861000,
    "weightedAverageShsOutDil": 222861000,
    "link": "https://www.sec.gov/Archives/edgar/data/49196/000095015296002524/0000950152-96-002524-index.html",
    "finalLink": "https://www.sec.gov/Archives/edgar/data/49196/0000950152-96-002524.txt"
  },
  {
    "date": "1995-12-31",
    "symbol": "HBAN",
    "reportedCurrency": "USD",
    "cik": "0000049196",
    "fillingDate": "1996-02-22",
    "acceptedDate": "1996-02-22 00:00:00",
    "calendarYear": "1995",
    "period": "Q4",
    "revenue": 449800000,
    "costOfRevenue": 211600000,
    "grossProfit": 238200000,
    "grossProfitRatio": 0.5295686972,
    "researchAndDevelopmentExpenses": 0,
    "generalAndAdministrativeExpenses": 0,
    "sellingAndMarketingExpenses": 0,
    "sellingGeneralAndAdministrativeExpenses": 0,
    "otherExpenses": 138900000,
    "operatingExpenses": 138900000,
    "costAndExpenses": 350500000,
    "interestIncome": 381400000,
    "interestExpense": 199500000,
    "depreciationAndAmortization": 21600000,
    "ebitda": 120900000,
    "ebitdaratio": 0.2687861272,
    "operatingIncome": 99300000,
    "operatingIncomeRatio": 0.2207647843,
    "totalOtherIncomeExpensesNet": 0,
    "incomeBeforeTax": 99300000,
    "incomeBeforeTaxRatio": 0.2207647843,
    "incomeTaxExpense": 33800000,
    "netIncome": 65500000,
    "netIncomeRatio": 0.1456202757,
    "eps": 0.29,
    "epsdiluted": 0.29,
    "weightedAverageShsOut": 222861000,
    "weightedAverageShsOutDil": 222861000,
    "link": "https://www.sec.gov/Archives/edgar/data/49196/000095015296000605/0000950152-96-000605-index.html",
    "finalLink": "https://www.sec.gov/Archives/edgar/data/49196/0000950152-96-000605.txt"
  },
  {
    "date": "1995-09-30",
    "symbol": "HBAN",
    "reportedCurrency": "USD",
    "cik": "0000049196",
    "fillingDate": "1995-11-14",
    "acceptedDate": "1995-11-14 00:00:00",
    "calendarYear": "1995",
    "period": "Q3",
    "revenue": 439100000,
    "costOfRevenue": 198500000,
    "grossProfit": 240600000,
    "grossProfitRatio": 0.5479389661,
    "researchAndDevelopmentExpenses": 0,
    "generalAndAdministrativeExpenses": 71400000,
    "sellingAndMarketingExpenses": 3100000,
    "sellingGeneralAndAdministrativeExpenses": 74500000,
    "otherExpenses": 64400000,
    "operatingExpenses": 138900000,
    "costAndExpenses": 337400000,
    "interestIncome": 377900000,
    "interestExpense": 191300000,
    "depreciationAndAmortization": 18000000,
    "ebitda": 119700000,
    "ebitdaratio": 0.2726030517,
    "operatingIncome": 101700000,
    "operatingIncomeRatio": 0.2316101116,
    "totalOtherIncomeExpensesNet": 0,
    "incomeBeforeTax": 101700000,
    "incomeBeforeTaxRatio": 0.2316101116,
    "incomeTaxExpense": 35800000,
    "netIncome": 65900000,
    "netIncomeRatio": 0.1500797085,
    "eps": 0.3,
    "epsdiluted": 0.3,
    "weightedAverageShsOut": 219689000,
    "weightedAverageShsOutDil": 219689000,
    "link": "https://www.sec.gov/Archives/edgar/data/49196/000095015295002658/0000950152-95-002658-index.html",
    "finalLink": "https://www.sec.gov/Archives/edgar/data/49196/0000950152-95-002658.txt"
  }
]