[
  {
    "date": "2024-12-31",
    "symbol": "HBAN",
    "reportedCurrency": "USD",
    "cik": "0000049196",
    "fillingDate": "2025-02-14",
    "acceptedDate": "2025-02-14 13:01:14",
    "calendarYear": "2024",
    "period": "FY",
    "revenue": 11961000000,
    "costOfRevenue": 4996000000,
    "grossProfit": 6965000000,
    "grossProfitRatio": 0.5823091715,
    "researchAndDevelopmentExpenses": 0,
    "generalAndAdministrativeExpenses": 2815000000,
    "sellingAndMarketingExpenses": 116000000,
    "sellingGeneralAndAdministrativeExpenses": 2931000000,
    "otherExpenses": 1631000000,
    "operatingExpenses": 4562000000,
    "costAndExpenses": 9558000000,
    "interestIncome": 9921000000,
    "interestExpense": 4576000000,
    "depreciationAndAmortization": 622000000,
    "ebitda": 3025000000,
    "ebitdaratio": 0.2529052755,
    "operatingIncome": 2403000000,
    "operatingIncomeRatio": 0.2009029345,
    "totalOtherIncomeExpensesNet": 0,
    "incomeBeforeTax": 2403000000,
    "incomeBeforeTaxRatio": 0.2009029345,
    "incomeTaxExpense": 443000000,
    "netIncome": 1940000000,
    "netIncomeRatio": 0.1621937965,
    "eps": 1.24,
    "epsdiluted": 1.22,
    "weightedAverageShsOut": 1451421000,
    "weightedAverageShsOutDil": 1476442000,
    "link": "https://www.sec.gov/Archives/edgar/data/49196/000004919625000020/0000049196-25-000020-index.htm",
    "finalLink": "https://www.sec.gov/Archives/edgar/data/49196/000004919625000020/hban-20241231.htm"
  },
  {
    "date": "2023-12-31",
    "symbol": "HBAN",
    "reportedCurrency": "USD",
    "cik": "0000049196",
    "fillingDate": "2024-02-16",
    "acceptedDate": "2024-02-16 14:05:33",
    "calendarYear": "2023",
    "period": "FY",
    "revenue": 10780000000,
    "costOfRevenue": 3879000000,
    "grossProfit": 6901000000,
    "grossProfitRatio": 0.6401669759,
    "researchAndDevelopmentExpenses": 0,
    "generalAndAdministrativeExpenses": 2831000000,
    "sellingAndMarketingExpenses": 115000000,
    "sellingGeneralAndAdministrativeExpenses": 2946000000,
    "otherExpenses": 1571000000,
    "operatingExpenses": 4517000000,
    "costAndExpenses": 8396000000,
    "interestIncome": 8916000000,
    "interestExpense": 3477000000,
    "depreciationAndAmortization": 798000000,
    "ebitda": 3182000000,
    "ebitdaratio": 0.2951762523,
    "operatingIncome": 2384000000,
    "operatingIncomeRatio": 0.2211502783,
    "totalOtherIncomeExpensesNet": 0,
    "incomeBeforeTax": 2384000000,
    "incomeBeforeTaxRatio": 0.2211502783,
    "incomeTaxExpense": 413000000,
    "netIncome": 1951000000,
    "netIncomeRatio": 0.1809833024,
    "eps": 1.26,
    "epsdiluted": 1.24,
    "weightedAverageShsOut": 1446449000,
    "weightedAverageShsOutDil": 1468016000,
    "link": "https://www.sec.gov/Archives/edgar/data/49196/000004919624000020/0000049196-24-000020-index.htm",
    "finalLink": "https://www.sec.gov/Archives/edgar/data/49196/000004919624000020/hban-20231231.htm"
  },
  {
    "date": "2022-12-31",
    "symbol": "HBAN",
    "reportedCurrency": "USD",
    "cik": "0000049196",
    "fillingDate": "2023-02-17",
    "acceptedDate": "2023-02-17 15:08:18",
    "calendarYear": "2022",
    "period": "FY",
    "revenue": 7950000000,
    "costOfRevenue": 985000000,
    "grossProfit": 6965000000,
    "grossProfitRatio": 0.8761006289,
    "researchAndDevelopmentExpenses": 0,
    "generalAndAdministrativeExpenses": 2468000000,
    "sellingAndMarketingExpenses": 91000000,
    "sellingGeneralAndAdministrativeExpenses": 2559000000,
    "otherExpenses": 1642000000,
    "operatingExpenses": 4201000000,
    "costAndExpenses": 5186000000,
    "interestIncome": 5969000000,
    "interestExpense": 696000000,
    "depreciationAndAmortization": 484000000,
    "ebitda": 3248000000,
    "ebitdaratio": 0.4085534591,
    "operatingIncome": 2764000000,
    "operatingIncomeRatio": 0.347672956,
    "totalOtherIncomeExpensesNet": 0,
    "incomeBeforeTax": 2764000000,
    "incomeBeforeTaxRatio": 0.347672956,
    "incomeTaxExpense": 515000000,
    "netIncome": 2238000000,
    "netIncomeRatio": 0.281509434,
    "eps": 1.47,
    "epsdiluted": 1.45,
    "weightedAverageShsOut": 1441279000,
    "weightedAverageShsOutDil": 1465220000,
    "link": "https://www.sec.gov/Archives/edgar/data/49196/000004919623000020/0000049196-23-000020-index.htm",
    "finalLink": "https://www.sec.gov/Archives/edgar/data/49196/000004919623000020/hban-20221231.htm"
  },
  {
    "date": "2021-12-31",
    "symbol": "HBAN",
    "reportedCurrency": "USD",
    "cik": "0000049196",
    "fillingDate": "2022-02-18",
    "acceptedDate": "2022-02-18 15:44:27",
    "calendarYear": "2021",
    "period": "FY",
    "revenue": 6080000000,
    "costOfRevenue": 114000000,
    "grossProfit": 5966000000,
    "grossProfitRatio": 0.98125,
    "researchAndDevelopmentExpenses": 0,
    "generalAndAdministrativeExpenses": 2386000000,
    "sellingAndMarketingExpenses": 89000000,
    "sellingGeneralAndAdministrativeExpenses": 2475000000,
    "otherExpenses": 1900000000,
    "operatingExpenses": 4375000000,
    "costAndExpenses": 4489000000,
    "interestIncome": 4191000000,
    "interestExpense": 89000000,
    "depreciationAndAmortization": 391000000,
    "ebitda": 1982000000,
    "ebitdaratio": 0.3259868421,
    "operatingIncome": 1591000000,
    "operatingIncomeRatio": 0.2616776316,
    "totalOtherIncomeExpensesNet": 0,
    "incomeBeforeTax": 1591000000,
    "incomeBeforeTaxRatio": 0.2616776316,
    "incomeTaxExpense": 294000000,
    "netIncome": 1295000000,
    "netIncomeRatio": 0.2129934211,
    "eps": 0.91,
    "epsdiluted": 0.9,
    "weightedAverageShsOut": 1262435000,
    "weightedAverageShsOutDil": 1286733000,
    "link": "https://www.sec.gov/Archives/edgar/data/49196/000004919622000023/0000049196-22-000023-index.htm",
    "finalLink": "https://www.sec.gov/Archives/edgar/data/49196/000004919622000023/hban-20211231.htm"
  },
  {
    "date": "2020-12-31",
    "symbol": "HBAN",
    "reportedCurrency": "USD",
    "cik": "0000049196",
    "fillingDate": "2021-02-26",
    "acceptedDate": "2021-02-26 17:19:33",
    "calendarYear": "2020",
    "period": "FY",
    "revenue": 5238000000,
    "costOfRevenue": 1471000000,
    "grossProfit": 3767000000,
    "grossProfitRatio": 0.7191676212,
    "researchAndDevelopmentExpenses": 0,
    "generalAndAdministrativeExpenses": 1724000000,
    "sellingAndMarketingExpenses": 38000000,
    "sellingGeneralAndAdministrativeExpenses": 1762000000,
    "otherExpenses": 1033000000,
    "operatingExpenses": 2795000000,
    "costAndExpenses": 4266000000,
    "interestIncome": 3647000000,
    "interestExpense": 423000000,
    "depreciationAndAmortization": 367000000,
    "ebitda": 1339000000,
    "ebitdaratio": 0.2556319206,
    "operatingIncome": 972000000,
    "operatingIncomeRatio": 0.1855670103,
    "totalOtherIncomeExpensesNet": 0,
    "incomeBeforeTax": 972000000,
    "incomeBeforeTaxRatio": 0.1855670103,
    "incomeTaxExpense": 155000000,
    "netIncome": 817000000,
    "netIncomeRatio": 0.1559755632,
    "eps": 0.7,
    "epsdiluted": 0.69,
    "weightedAverageShsOut": 1017000000,
    "weightedAverageShsOutDil": 1032683000,
    "link": "https://www.sec.gov/Archives/edgar/data/49196/000004919621000018/0000049196-21-000018-index.htm",
    "finalLink": "https://www.sec.gov/Archives/edgar/data/49196/000004919621000018/hban-20201231.htm"
  },
  {
    "date": "2019-12-31",
    "symbol": "HBAN",
    "reportedCurrency": "USD",
    "cik": "0000049196",
    "fillingDate": "2020-02-14",
    "acceptedDate": "2020-02-14 16:31:44",
    "calendarYear": "2019",
    "period": "FY",
    "revenue": 5655000000,
    "costOfRevenue": 1275000000,
    "grossProfit": 4380000000,
    "grossProfitRatio": 0.774535809,
    "researchAndDevelopmentExpenses": 0,
    "generalAndAdministrativeExpenses": 1688000000,
    "sellingAndMarketingExpenses": 37000000,
    "sellingGeneralAndAdministrativeExpenses": 1725000000,
    "otherExpenses": 996000000,
    "operatingExpenses": 2721000000,
    "costAndExpenses": 3996000000,
    "interestIncome": 4201000000,
    "interestExpense": 988000000,
    "depreciationAndAmortization": 386000000,
    "ebitda": 2045000000,
    "ebitdaratio": 0.3616268789,
    "operatingIncome": 1659000000,
    "operatingIncomeRatio": 0.2933687003,
    "totalOtherIncomeExpensesNet": 0,
    "incomeBeforeTax": 1659000000,
    "incomeBeforeTaxRatio": 0.2933687003,
    "incomeTaxExpense": 248000000,
    "netIncome": 1411000000,
    "netIncomeRatio": 0.2495137047,
    "eps": 1.29,
    "epsdiluted": 1.27,
    "weightedAverageShsOut": 1038840000,
    "weightedAverageShsOutDil": 1056079000,
    "link": "https://www.sec.gov/Archives/edgar/data/49196/000004919620000010/0000049196-20-000010-index.htm",
    "finalLink": "https://www.sec.gov/Archives/edgar/data/49196/000004919620000010/hban2019-12x31x10k.htm"
  },
  {
    "date": "2018-12-31",
    "symbol": "HBAN",
    "reportedCurrency": "USD",
    "cik": "0000049196",
    "fillingDate": "2019-02-15",
    "acceptedDate": "2019-02-15 16:06:44",
    "calendarYear": "2018",
    "period": "FY",
    "revenue": 5270000000,
    "costOfRevenue": 995000000,
    "grossProfit": 4275000000,
    "grossProfitRatio": 0.8111954459,
    "researchAndDevelopmentExpenses": 0,
    "generalAndAdministrativeExpenses": 1622000000,
    "sellingAndMarketingExpenses": 53000000,
    "sellingGeneralAndAdministrativeExpenses": 1675000000,
    "otherExpenses": 972000000,
    "operatingExpenses": 2647000000,
    "costAndExpenses": 3642000000,
    "interestIncome": 3949000000,
    "interestExpense": 760000000,
    "depreciationAndAmortization": 493000000,
    "ebitda": 2121000000,
    "ebitdaratio": 0.4024667932,
    "operatingIncome": 1628000000,
    "operatingIncomeRatio": 0.3089184061,
    "totalOtherIncomeExpensesNet": 0,
    "incomeBeforeTax": 1628000000,
    "incomeBeforeTaxRatio": 0.3089184061,
    "incomeTaxExpense": 235000000,
    "netIncome": 1393000000,
    "netIncomeRatio": 0.2643263757,
    "eps": 1.22,
    "epsdiluted": 1.2,
    "weightedAverageShsOut": 1046767000,
    "weightedAverageShsOutDil": 1046767000,
    "link": "https://www.sec.gov/Archives/edgar/data/49196/000004919619000018/0000049196-19-000018-index.htm",
    "finalLink": "https://www.sec.gov/Archives/edgar/data/49196/000004919619000018/hban2018-12x31x10k.htm"
  },
  {
    "date": "2017-12-31",
    "symbol": "HBAN",
    "reportedCurrency": "USD",
    "cik": "0000049196",
    "fillingDate": "2018-02-16",
    "acceptedDate": "2018-02-16 17:01:33",
    "calendarYear": "2017",
    "period": "FY",
    "revenue": 4738000000,
    "costOfRevenue": 632000000,
    "grossProfit": 4106000000,
    "grossProfitRatio": 0.8666103841,
    "researchAndDevelopmentExpenses": 0,
    "generalAndAdministrativeExpenses": 1602000000,
    "sellingAndMarketingExpenses": 60000000,
    "sellingGeneralAndAdministrativeExpenses": 1662000000,
    "otherExpenses": 1050000000,
    "operatingExpenses": 2712000000,
    "costAndExpenses": 3344000000,
    "interestIncome": 3433000000,
    "interestExpense": 431000000,
    "depreciationAndAmortization": 413000000,
    "ebitda": 1807000000,
    "ebitdaratio": 0.3813845504,
    "operatingIncome": 1394000000,
    "operatingIncomeRatio": 0.2942169692,
    "totalOtherIncomeExpensesNet": 0,
    "incomeBeforeTax": 1394000000,
    "incomeBeforeTaxRatio": 0.2942169692,
    "incomeTaxExpense": 208000000,
    "netIncome": 1186000000,
    "netIncomeRatio": 0.2503165893,
    "eps": 1.02,
    "epsdiluted": 1,
    "weightedAverageShsOut": 1084686000,
    "weightedAverageShsOutDil": 1136186000,
    "link": "https://www.sec.gov/Archives/edgar/data/49196/000004919618000008/0000049196-18-000008-index.htm",
    "finalLink": "https://www.sec.gov/Archives/edgar/data/49196/000004919618000008/hban2017-12x31x10k.htm"
  },
  {
    "date": "2016-12-31",
    "symbol": "HBAN",
    "reportedCurrency": "USD",
    "cik": "0000049196",
    "fillingDate": "2017-02-22",
    "acceptedDate": "2017-02-22 06:37:21",
    "calendarYear": "2016",
    "period": "FY",
    "revenue": 3781000000,
    "costOfRevenue": 454000000,
    "grossProfit": 3327000000,
    "grossProfitRatio": 0.8799259455,
    "researchAndDevelopmentExpenses": 0,
    "generalAndAdministrativeExpenses": 1403000000,
    "sellingAndMarketingExpenses": 63000000,
    "sellingGeneralAndAdministrativeExpenses": 1466000000,
    "otherExpenses": 941000000,
    "operatingExpenses": 2407000000,
    "costAndExpenses": 2861000000,
    "interestIncome": 2632000000,
    "interestExpense": 263000000,
    "depreciationAndAmortization": 380000000,
    "ebitda": 1300000000,
    "ebitdaratio": 0.3438243851,
    "operatingIncome": 920000000,
    "operatingIncomeRatio": 0.2433218725,
    "totalOtherIncomeExpensesNet": 0,
    "incomeBeforeTax": 920000000,
    "incomeBeforeTaxRatio": 0.2433218725,
    "incomeTaxExpense": 208000000,
    "netIncome": 712000000,
    "netIncomeRatio": 0.1883099709,
    "eps": 0.69,
    "epsdiluted": 0.67,
    "weightedAverageShsOut": 904438000,
    "weightedAverageShsOutDil": 918790000,
    "link": "https://www.sec.gov/Archives/edgar/data/49196/000004919617000009/0000049196-17-000009-index.htm",
    "finalLink": "https://www.sec.gov/Archives/edgar/data/49196/000004919617000009/hban20161231_10k.htm"
  },
  {
    "date": "2015-12-31",
    "symbol": "HBAN",
    "reportedCurrency": "USD",
    "cik": "0000049196",
    "fillingDate": "2016-02-17",
    "acceptedDate": "2016-02-17 15:49:58",
    "calendarYear": "2015",
    "period": "FY",
    "revenue": 3151000000,
    "costOfRevenue": 264000000,
    "grossProfit": 2887000000,
    "grossProfitRatio": 0.9162170739,
    "researchAndDevelopmentExpenses": 0,
    "generalAndAdministrativeExpenses": 1167000000,
    "sellingAndMarketingExpenses": 52000000,
    "sellingGeneralAndAdministrativeExpenses": 1219000000,
    "otherExpenses": 754000000,
    "operatingExpenses": 1973000000,
    "costAndExpenses": 2237000000,
    "interestIncome": 2115000000,
    "interestExpense": 164000000,
    "depreciationAndAmortization": 341000000,
    "ebitda": 1255000000,
    "ebitdaratio": 0.3982862583,
    "operatingIncome": 914000000,
    "operatingIncomeRatio": 0.2900666455,
    "totalOtherIncomeExpensesNet": 0,
    "incomeBeforeTax": 914000000,
    "incomeBeforeTaxRatio": 0.2900666455,
    "incomeTaxExpense": 221000000,
    "netIncome": 692957000,
    "netIncomeRatio": 0.2199165344,
    "eps": 0.82,
    "epsdiluted": 0.81,
    "weightedAverageShsOut": 803412000,
    "weightedAverageShsOutDil": 817129000,
    "link": "https://www.sec.gov/Archives/edgar/data/49196/000004919616000032/0000049196-16-000032-index.htm",
    "finalLink": "https://www.sec.gov/Archives/edgar/data/49196/000004919616000032/hban-2015x1231x10k.htm"
  },
  {
    "date": "2014-12-31",
    "symbol": "HBAN",
    "reportedCurrency": "USD",
    "cik": "0000049196",
    "fillingDate": "2015-02-13",
    "acceptedDate": "2015-02-13 14:04:15",
    "calendarYear": "2014",
    "period": "FY",
    "revenue": 2955641000,
    "costOfRevenue": 220310000,
    "grossProfit": 2735331000,
    "grossProfitRatio": 0.9254611775,
    "researchAndDevelopmentExpenses": 0,
    "generalAndAdministrativeExpenses": 1097819000,
    "sellingAndMarketingExpenses": 50560000,
    "sellingGeneralAndAdministrativeExpenses": 1148379000,
    "otherExpenses": 733967000,
    "operatingExpenses": 1882346000,
    "costAndExpenses": 2102656000,
    "interestIncome": 1976462000,
    "interestExpense": 139321000,
    "depreciationAndAmortization": 332832000,
    "ebitda": 1185817000,
    "ebitdaratio": 0.4012046795,
    "operatingIncome": 852985000,
    "operatingIncomeRatio": 0.2885956041,
    "totalOtherIncomeExpensesNet": 0,
    "incomeBeforeTax": 852985000,
    "incomeBeforeTaxRatio": 0.2885956041,
    "incomeTaxExpense": 220593000,
    "netIncome": 632392000,
    "netIncomeRatio": 0.2139610325,
    "eps": 0.73,
    "epsdiluted": 0.72,
    "weightedAverageShsOut": 819917000,
    "weightedAverageShsOutDil": 833081000,
    "link": "https://www.sec.gov/Archives/edgar/data/49196/000119312515049355/0001193125-15-049355-index.htm",
    "finalLink": "https://www.sec.gov/Archives/edgar/data/49196/000119312515049355/d859562d10k.htm"
  },
  {
    "date": "2013-12-31",
    "symbol": "HBAN",
    "reportedCurrency": "USD",
    "cik": "0000049196",
    "fillingDate": "2014-02-14",
    "acceptedDate": "2014-02-14 15:57:28",
    "calendarYear": "2013",
    "period": "FY",
    "revenue": 2872833000,
    "costOfRevenue": 246074000,
    "grossProfit": 2626759000,
    "grossProfitRatio": 0.9143444816,
    "researchAndDevelopmentExpenses": 0,
    "generalAndAdministrativeExpenses": 1085724000,
    "sellingAndMarketingExpenses": 51185000,
    "sellingGeneralAndAdministrativeExpenses": 1136909000,
    "otherExpenses": 621094000,
    "operatingExpenses": 1758003000,
    "costAndExpenses": 2004077000,
    "interestIncome": 1860637000,
    "interestExpense": 156029000,
    "depreciationAndAmortization": 281545000,
    "ebitda": 1150301000,
    "ebitdaratio": 0.4004064977,
    "operatingIncome": 868756000,
    "operatingIncomeRatio": 0.3024039337,
    "totalOtherIncomeExpensesNet": 0,
    "incomeBeforeTax": 868756000,
    "incomeBeforeTaxRatio": 0.3024039337,
    "incomeTaxExpense": 227474000,
    "netIncome": 641282000,
    "netIncomeRatio": 0.2232228605,
    "eps": 0.73,
    "epsdiluted": 0.72,
    "weightedAverageShsOut": 834205000,
    "weightedAverageShsOutDil": 843974000,
    "link": "https://www.sec.gov/Archives/edgar/data/49196/000119312514054675/0001193125-14-054675-index.htm",
    "finalLink": "https://www.sec.gov/Archives/edgar/data/49196/000119312514054675/d670111d10k.htm"
  },
  {
    "date": "2012-12-31",
    "symbol": "HBAN",
    "reportedCurrency": "USD",
    "cik": "0000049196",
    "fillingDate": "2013-02-15",
    "acceptedDate": "2013-02-15 15:15:19",
    "calendarYear": "2012",
    "period": "FY",
    "revenue": 3036584000,
    "costOfRevenue": 367127000,
    "grossProfit": 2669457000,
    "grossProfitRatio": 0.8790986846,
    "researchAndDevelopmentExpenses": 0,
    "generalAndAdministrativeExpenses": 1056523000,
    "sellingAndMarketingExpenses": 64263000,
    "sellingGeneralAndAdministrativeExpenses": 1120786000,
    "otherExpenses": 715090000,
    "operatingExpenses": 1835876000,
    "costAndExpenses": 2203003000,
    "interestIncome": 1930263000,
    "interestExpense": 219739000,
    "depreciationAndAmortization": 274572000,
    "ebitda": 1108153000,
    "ebitdaratio": 0.3649340838,
    "operatingIncome": 833581000,
    "operatingIncomeRatio": 0.2745127419,
    "totalOtherIncomeExpensesNet": 0,
    "incomeBeforeTax": 833581000,
    "incomeBeforeTaxRatio": 0.2745127419,
    "incomeTaxExpense": 202291000,
    "netIncome": 631290000,
    "netIncomeRatio": 0.2078947923,
    "eps": 0.71,
    "epsdiluted": 0.71,
    "weightedAverageShsOut": 857962000,
    "weightedAverageShsOutDil": 863402000,
    "link": "https://www.sec.gov/Archives/edgar/data/49196/000119312513062480/0001193125-13-062480-index.htm",
    "finalLink": "https://www.sec.gov/Archives/edgar/data/49196/000119312513062480/d487106d10k.htm"
  },
  {
    "date": "2011-12-31",
    "symbol": "HBAN",
    "reportedCurrency": "USD",
    "cik": "0000049196",
    "fillingDate": "2012-02-17",
    "acceptedDate": "2012-02-17 16:43:58",
    "calendarYear": "2011",
    "period": "FY",
    "revenue": 2957234000,
    "costOfRevenue": 515115000,
    "grossProfit": 2442119000,
    "grossProfitRatio": 0.8258118904,
    "researchAndDevelopmentExpenses": 0,
    "generalAndAdministrativeExpenses": 970226000,
    "sellingAndMarketingExpenses": 65560000,
    "sellingGeneralAndAdministrativeExpenses": 1035786000,
    "otherExpenses": 699099000,
    "operatingExpenses": 1734885000,
    "costAndExpenses": 2250000000,
    "interestIncome": 1970226000,
    "interestExpense": 341056000,
    "depreciationAndAmortization": 282105000,
    "ebitda": 989339000,
    "ebitdaratio": 0.3345487709,
    "operatingIncome": 707234000,
    "operatingIncomeRatio": 0.239153885,
    "totalOtherIncomeExpensesNet": 0,
    "incomeBeforeTax": 707234000,
    "incomeBeforeTaxRatio": 0.239153885,
    "incomeTaxExpense": 164621000,
    "netIncome": 542613000,
    "netIncomeRatio": 0.1834866636,
    "eps": 0.59,
    "epsdiluted": 0.59,
    "weightedAverageShsOut": 863691000,
    "weightedAverageShsOutDil": 867624000,
    "link": "https://www.sec.gov/Archives/edgar/data/49196/000119312512067565/0001193125-12-067565-index.htm",
    "finalLink": "https://www.sec.gov/Archives/edgar/data/49196/000119312512067565/d257237d10k.htm"
  },
  {
    "date": "2010-12-31",
    "symbol": "HBAN",
    "reportedCurrency": "USD",
    "cik": "0000049196",
    "fillingDate": "2011-02-18",
    "acceptedDate": "2011-02-18 17:09:05",
    "calendarYear": "2010",
    "period": "FY",
    "revenue": 3187250000,
    "costOfRevenue": 1161134000,
    "grossProfit": 2026116000,
    "grossProfitRatio": 0.6356940937,
    "researchAndDevelopmentExpenses": 0,
    "generalAndAdministrativeExpenses": 896521000,
    "sellingAndMarketingExpenses": 56347000,
    "sellingGeneralAndAdministrativeExpenses": 952868000,
    "otherExpenses": 720937000,
    "operatingExpenses": 1673805000,
    "costAndExpenses": 2834939000,
    "interestIncome": 2145392000,
    "interestExpense": 526587000,
    "depreciationAndAmortization": 286186000,
    "ebitda": 638497000,
    "ebitdaratio": 0.2003284964,
    "operatingIncome": 352311000,
    "operatingIncomeRatio": 0.1105376108,
    "totalOtherIncomeExpensesNet": 0,
    "incomeBeforeTax": 352311000,
    "incomeBeforeTaxRatio": 0.1105376108,
    "incomeTaxExpense": 39964000,
    "netIncome": 312347000,
    "netIncomeRatio": 0.0979989019,
    "eps": 0.19,
    "epsdiluted": 0.19,
    "weightedAverageShsOut": 726934000,
    "weightedAverageShsOutDil": 729532000,
    "link": "https://www.sec.gov/Archives/edgar/data/49196/000095012311015766/0000950123-11-015766-index.htm",
    "finalLink": "https://www.sec.gov/Archives/edgar/data/49196/000095012311015766/l41237e10vk.htm"
  },
  {
    "date": "2009-12-31",
    "symbol": "HBAN",
    "reportedCurrency": "USD",
    "cik": "0000049196",
    "fillingDate": "2010-02-18",
    "acceptedDate": "2010-02-18 17:27:25",
    "calendarYear": "2009",
    "period": "FY",
    "revenue": 3212424000,
    "costOfRevenue": 2888526000,
    "grossProfit": 323898000,
    "grossProfitRatio": 0.1008266655,
    "researchAndDevelopmentExpenses": 0,
    "generalAndAdministrativeExpenses": 857672000,
    "sellingAndMarketingExpenses": 33049000,
    "sellingGeneralAndAdministrativeExpenses": 890721000,
    "otherExpenses": 3111360000,
    "operatingExpenses": 4002081000,
    "costAndExpenses": 6890607000,
    "interestIncome": 2238142000,
    "interestExpense": 813855000,
    "depreciationAndAmortization": 228041000,
    "ebitda": -3450142000,
    "ebitdaratio": -1.0739995717,
    "operatingIncome": -3678183000,
    "operatingIncomeRatio": -1.1449867763,
    "totalOtherIncomeExpensesNet": 0,
    "incomeBeforeTax": -3678183000,
    "incomeBeforeTaxRatio": -1.1449867763,
    "incomeTaxExpense": -584004000,
    "netIncome": -3094179000,
    "netIncomeRatio": -0.9631913471,
    "eps": -6.14,
    "epsdiluted": -6.14,
    "weightedAverageShsOut": 532802000,
    "weightedAverageShsOutDil": 532802000,
    "link": "https://www.sec.gov/Archives/edgar/data/49196/000095012310014194/0000950123-10-014194-index.htm",
    "finalLink": "https://www.sec.gov/Archives/edgar/data/49196/000095012310014194/l38219e10vk.htm"
  },
  {
    "date": "2008-12-31",
    "symbol": "HBAN",
    "reportedCurrency": "USD",
    "cik": "0000049196",
    "fillingDate": "2009-02-24",
    "acceptedDate": "2009-02-23 18:38:40",
    "calendarYear": "2008",
    "period": "FY",
    "revenue": 3480373000,
    "costOfRevenue": 2324094000,
    "grossProfit": 1156279000,
    "grossProfitRatio": 0.3322284709,
    "researchAndDevelopmentExpenses": 0,
    "generalAndAdministrativeExpenses": 837265000,
    "sellingAndMarketingExpenses": 32664000,
    "sellingGeneralAndAdministrativeExpenses": 869929000,
    "otherExpenses": 582358000,
    "operatingExpenses": 1452287000,
    "costAndExpenses": 3776381000,
    "interestIncome": 2798322000,
    "interestExpense": 1266631000,
    "depreciationAndAmortization": 244860000,
    "ebitda": -51148000,
    "ebitdaratio": -0.014696126,
    "operatingIncome": -296008000,
    "operatingIncomeRatio": -0.0850506541,
    "totalOtherIncomeExpensesNet": 0,
    "incomeBeforeTax": -296008000,
    "incomeBeforeTaxRatio": -0.0850506541,
    "incomeTaxExpense": -182202000,
    "netIncome": -113806000,
    "netIncomeRatio": -0.0326993687,
    "eps": -0.44,
    "epsdiluted": -0.44,
    "weightedAverageShsOut": 366155000,
    "weightedAverageShsOutDil": 366155000,
    "link": "https://www.sec.gov/Archives/edgar/data/49196/000095015209001672/0000950152-09-001672-index.htm",
    "finalLink": "https://www.sec.gov/Archives/edgar/data/49196/000095015209001672/l35282ae10vk.htm"
  },
  {
    "date": "2007-12-31",
    "symbol": "HBAN",
    "reportedCurrency": "USD",
    "cik": "0000049196",
    "fillingDate": "2008-02-26",
    "acceptedDate": "2008-02-26 13:08:33",
    "calendarYear": "2007",
    "period": "FY",
    "revenue": 3419566000,
    "costOfRevenue": 2085079000,
    "grossProfit": 1334487000,
    "grossProfitRatio": 0.3902504002,
    "researchAndDevelopmentExpenses": 0,
    "generalAndAdministrativeExpenses": 748527000,
    "sellingAndMarketingExpenses": 46043000,
    "sellingGeneralAndAdministrativeExpenses": 794570000,
    "otherExpenses": 517274000,
    "operatingExpenses": 1311844000,
    "costAndExpenses": 3396923000,
    "interestIncome": 2742963000,
    "interestExpense": 1441451000,
    "depreciationAndAmortization": 127261000,
    "ebitda": 149904000,
    "ebitdaratio": 0.0438371419,
    "operatingIncome": 22643000,
    "operatingIncomeRatio": 0.0066216005,
    "totalOtherIncomeExpensesNet": 0,
    "incomeBeforeTax": 22643000,
    "incomeBeforeTaxRatio": 0.0066216005,
    "incomeTaxExpense": -52526000,
    "netIncome": 75169000,
    "netIncomeRatio": 0.0219820293,
    "eps": 0.25,
    "epsdiluted": 0.25,
    "weightedAverageShsOut": 300908000,
    "weightedAverageShsOutDil": 303455000,
    "link": "https://www.sec.gov/Archives/edgar/data/49196/000095015208001408/0000950152-08-001408-index.htm",
    "finalLink": "https://www.sec.gov/Archives/edgar/data/49196/000095015208001408/l29571ae10vk.htm"
  },
  {
    "date": "2006-12-31",
    "symbol": "HBAN",
    "reportedCurrency": "USD",
    "cik": "0000049196",
    "fillingDate": "2007-02-22",
    "acceptedDate": "2007-02-22 17:20:19",
    "calendarYear": "2006",
    "period": "FY",
    "revenue": 2628247000,
    "costOfRevenue": 1116533000,
    "grossProfit": 1511714000,
    "grossProfitRatio": 0.5751795779,
    "researchAndDevelopmentExpenses": 0,
    "generalAndAdministrativeExpenses": 605630000,
    "sellingAndMarketingExpenses": 31728000,
    "sellingGeneralAndAdministrativeExpenses": 637358000,
    "otherExpenses": 360295000,
    "operatingExpenses": 997653000,
    "costAndExpenses": 2114186000,
    "interestIncome": 2070519000,
    "interestExpense": 1051342000,
    "depreciationAndAmortization": 111649000,
    "ebitda": 625710000,
    "ebitdaratio": 0.2380712315,
    "operatingIncome": 514061000,
    "operatingIncomeRatio": 0.1955908254,
    "totalOtherIncomeExpensesNet": 0,
    "incomeBeforeTax": 514061000,
    "incomeBeforeTaxRatio": 0.1955908254,
    "incomeTaxExpense": 52840000,
    "netIncome": 461221000,
    "netIncomeRatio": 0.1754861701,
    "eps": 1.95,
    "epsdiluted": 1.92,
    "weightedAverageShsOut": 236699000,
    "weightedAverageShsOutDil": 239920000,
    "link": "https://www.sec.gov/Archives/edgar/data/49196/000095015207001395/0000950152-07-001395-index.htm",
    "finalLink": "https://www.sec.gov/Archives/edgar/data/49196/000095015207001395/l24508ae10vk.htm"
  },
  {
    "date": "2005-12-31",
    "symbol": "HBAN",
    "reportedCurrency": "USD",
    "cik": "0000049196",
    "fillingDate": "2006-02-23",
    "acceptedDate": "2006-02-23 16:33:03",
    "calendarYear": "2005",
    "period": "FY",
    "revenue": 2274047000,
    "costOfRevenue": 760653000,
    "grossProfit": 1513394000,
    "grossProfitRatio": 0.6655069134,
    "researchAndDevelopmentExpenses": 0,
    "generalAndAdministrativeExpenses": 512879000,
    "sellingAndMarketingExpenses": 26279000,
    "sellingGeneralAndAdministrativeExpenses": 539158000,
    "otherExpenses": 430662000,
    "operatingExpenses": 969820000,
    "costAndExpenses": 1730473000,
    "interestIncome": 1641765000,
    "interestExpense": 679354000,
    "depreciationAndAmortization": 172977000,
    "ebitda": 716551000,
    "ebitdaratio": 0.315099468,
    "operatingIncome": 543574000,
    "operatingIncomeRatio": 0.2390337579,
    "totalOtherIncomeExpensesNet": 0,
    "incomeBeforeTax": 543574000,
    "incomeBeforeTaxRatio": 0.2390337579,
    "incomeTaxExpense": 131483000,
    "netIncome": 412091000,
    "netIncomeRatio": 0.1812148122,
    "eps": 1.79,
    "epsdiluted": 1.77,
    "weightedAverageShsOut": 230142000,
    "weightedAverageShsOutDil": 233475000,
    "link": "https://www.sec.gov/Archives/edgar/data/49196/000095015206001400/0000950152-06-001400-index.htm",
    "finalLink": "https://www.sec.gov/Archives/edgar/data/49196/000095015206001400/l18143ae10vk.htm"
  },
  {
    "date": "2004-12-31",
    "symbol": "HBAN",
    "reportedCurrency": "USD",
    "cik": "0000049196",
    "fillingDate": "2005-03-03",
    "acceptedDate": "2005-03-02 19:17:47",
    "calendarYear": "2004",
    "period": "FY",
    "revenue": 2162231000,
    "costOfRevenue": 491003000,
    "grossProfit": 1671228000,
    "grossProfitRatio": 0.7729183422,
    "researchAndDevelopmentExpenses": 0,
    "generalAndAdministrativeExpenses": 753136000,
    "sellingAndMarketingExpenses": 24600000,
    "sellingGeneralAndAdministrativeExpenses": 777736000,
    "otherExpenses": 340826000,
    "operatingExpenses": 1118562000,
    "costAndExpenses": 1609565000,
    "interestIncome": 1347315000,
    "interestExpense": 435941000,
    "depreciationAndAmortization": 306113000,
    "ebitda": 858779000,
    "ebitdaratio": 0.3971726425,
    "operatingIncome": 552666000,
    "operatingIncomeRatio": 0.2555998873,
    "totalOtherIncomeExpensesNet": 0,
    "incomeBeforeTax": 552666000,
    "incomeBeforeTaxRatio": 0.2555998873,
    "incomeTaxExpense": 153741000,
    "netIncome": 398925000,
    "netIncomeRatio": 0.1844969386,
    "eps": 1.74,
    "epsdiluted": 1.71,
    "weightedAverageShsOut": 229913000,
    "weightedAverageShsOutDil": 233856000,
    "link": "https://www.sec.gov/Archives/edgar/data/49196/000095015205001700/0000950152-05-001700-index.htm",
    "finalLink": "https://www.sec.gov/Archives/edgar/data/49196/000095015205001700/l11717ae10vk.htm"
  },
  {
    "date": "2003-12-31",
    "symbol": "HBAN",
    "reportedCurrency": "USD",
    "cik": "0000049196",
    "fillingDate": "2004-03-05",
    "acceptedDate": "2004-03-05 16:53:39",
    "calendarYear": "2003",
    "period": "FY",
    "revenue": 2374909000,
    "costOfRevenue": 620763000,
    "grossProfit": 1754146000,
    "grossProfitRatio": 0.7386160901,
    "researchAndDevelopmentExpenses": 0,
    "generalAndAdministrativeExpenses": 447263000,
    "sellingAndMarketingExpenses": 27490000,
    "sellingGeneralAndAdministrativeExpenses": 474753000,
    "otherExpenses": 755406000,
    "operatingExpenses": 1230159000,
    "costAndExpenses": 1850922000,
    "interestIncome": 1305756000,
    "interestExpense": 456770000,
    "depreciationAndAmortization": 488089000,
    "ebitda": 1012076000,
    "ebitdaratio": 0.4261535916,
    "operatingIncome": 523987000,
    "operatingIncomeRatio": 0.2206345591,
    "totalOtherIncomeExpensesNet": 0,
    "incomeBeforeTax": 523987000,
    "incomeBeforeTaxRatio": 0.2206345591,
    "incomeTaxExpense": 138294000,
    "netIncome": 372363000,
    "netIncomeRatio": 0.1567904286,
    "eps": 1.62,
    "epsdiluted": 1.61,
    "weightedAverageShsOut": 229401000,
    "weightedAverageShsOutDil": 231582000,
    "link": "https://www.sec.gov/Archives/edgar/data/49196/000119312504035604/0001193125-04-035604-index.htm",
    "finalLink": "https://www.sec.gov/Archives/edgar/data/49196/000119312504035604/d10k.htm"
  },
  {
    "date": "2002-12-31",
    "symbol": "HBAN",
    "reportedCurrency": "USD",
    "cik": "0000049196",
    "fillingDate": "2003-03-20",
    "acceptedDate": "2003-03-20 17:01:57",
    "calendarYear": "2002",
    "period": "FY",
    "revenue": 2634899000,
    "costOfRevenue": 738047000,
    "grossProfit": 1896852000,
    "grossProfitRatio": 0.7198955254,
    "researchAndDevelopmentExpenses": 0,
    "generalAndAdministrativeExpenses": 418037000,
    "sellingAndMarketingExpenses": 27911000,
    "sellingGeneralAndAdministrativeExpenses": 445948000,
    "otherExpenses": 928199000,
    "operatingExpenses": 1374147000,
    "costAndExpenses": 2112194000,
    "interestIncome": 1293195000,
    "interestExpense": 543621000,
    "depreciationAndAmortization": 493954000,
    "ebitda": 1016659000,
    "ebitdaratio": 0.385843632,
    "operatingIncome": 522705000,
    "operatingIncomeRatio": 0.1983776228,
    "totalOtherIncomeExpensesNet": 0,
    "incomeBeforeTax": 522705000,
    "incomeBeforeTaxRatio": 0.1983776228,
    "incomeTaxExpense": 198974000,
    "netIncome": 323731000,
    "netIncomeRatio": 0.1228627739,
    "eps": 1.34,
    "epsdiluted": 1.33,
    "weightedAverageShsOut": 242279000,
    "weightedAverageShsOutDil": 244012000,
    "link": "https://www.sec.gov/Archives/edgar/data/49196/000095015203003155/0000950152-03-003155-index.htm",
    "finalLink": "https://www.sec.gov/Archives/edgar/data/49196/000095015203003155/l99245ae10vk.txt"
  },
  {
    "date": "2001-12-31",
    "symbol": "HBAN",
    "reportedCurrency": "USD",
    "cik": "0000049196",
    "fillingDate": "2002-03-07",
    "acceptedDate": "2002-03-07 00:00:00",
    "calendarYear": "2001",
    "period": "FY",
    "revenue": 2854731000,
    "costOfRevenue": 1196827000,
    "grossProfit": 1657904000,
    "grossProfitRatio": 0.5807566457,
    "researchAndDevelopmentExpenses": 0,
    "generalAndAdministrativeExpenses": 454210000,
    "sellingAndMarketingExpenses": 31057000,
    "sellingGeneralAndAdministrativeExpenses": 485267000,
    "otherExpenses": 1077160000,
    "operatingExpenses": 1562427000,
    "costAndExpenses": 2759254000,
    "interestIncome": 1654789000,
    "interestExpense": 939501000,
    "depreciationAndAmortization": 569972000,
    "ebitda": 665449000,
    "ebitdaratio": 0.2331039247,
    "operatingIncome": 95477000,
    "operatingIncomeRatio": 0.0334451828,
    "totalOtherIncomeExpensesNet": 0,
    "incomeBeforeTax": 95477000,
    "incomeBeforeTaxRatio": 0.0334451828,
    "incomeTaxExpense": -39319000,
    "netIncome": 134796000,
    "netIncomeRatio": 0.0472184595,
    "eps": 0.54,
    "epsdiluted": 0.54,
    "weightedAverageShsOut": 249622000,
    "weightedAverageShsOutDil": 249622000,
    "link": "https://www.sec.gov/Archives/edgar/data/49196/000095015202001558/0000950152-02-001558-index.htm",
    "finalLink": "https://www.sec.gov/Archives/edgar/data/49196/000095015202001558/l93031ae10-k.txt"
  },
  {
    "date": "2000-12-31",
    "symbol": "HBAN",
    "reportedCurrency": "USD",
    "cik": "0000049196",
    "fillingDate": "2001-03-08",
    "acceptedDate": "2001-03-08 00:00:00",
    "calendarYear": "2000",
    "period": "FY",
    "revenue": 2602064000,
    "costOfRevenue": 1256552000,
    "grossProfit": 1345512000,
    "grossProfitRatio": 0.5170941222,
    "researchAndDevelopmentExpenses": 0,
    "generalAndAdministrativeExpenses": 421750000,
    "sellingAndMarketingExpenses": 34884000,
    "sellingGeneralAndAdministrativeExpenses": 456634000,
    "otherExpenses": 428983000,
    "operatingExpenses": 885617000,
    "costAndExpenses": 2142169000,
    "interestIncome": 2108505000,
    "interestExpense": 1166073000,
    "depreciationAndAmortization": 110908000,
    "ebitda": 570803000,
    "ebitdaratio": 0.2193654729,
    "operatingIncome": 459895000,
    "operatingIncomeRatio": 0.176742386,
    "totalOtherIncomeExpensesNet": 0,
    "incomeBeforeTax": 459895000,
    "incomeBeforeTaxRatio": 0.176742386,
    "incomeTaxExpense": 131449000,
    "netIncome": 328446000,
    "netIncomeRatio": 0.1262251812,
    "eps": 1.3,
    "epsdiluted": 1.29,
    "weightedAverageShsOut": 252651000,
    "weightedAverageShsOutDil": 254609000,
    "link": "https://www.sec.gov/Archives/edgar/data/49196/000095015201500197/0000950152-01-500197-index.htm",
    "finalLink": "https://www.sec.gov/Archives/edgar/data/49196/000095015201500197/l86772ae10-k.txt"
  },
  {
    "date": "1999-12-31",
    "symbol": "HBAN",
    "reportedCurrency": "USD",
    "cik": "0000049196",
    "fillingDate": "2000-02-22",
    "acceptedDate": "2000-02-22 00:00:00",
    "calendarYear": "1999",
    "period": "FY",
    "revenue": 2599577000,
    "costOfRevenue": 1072602000,
    "grossProfit": 1526975000,
    "grossProfitRatio": 0.5873936414,
    "researchAndDevelopmentExpenses": 0,
    "generalAndAdministrativeExpenses": 419900000,
    "sellingAndMarketingExpenses": 31100000,
    "sellingGeneralAndAdministrativeExpenses": 451000000,
    "otherExpenses": 461175000,
    "operatingExpenses": 912175000,
    "costAndExpenses": 1984777000,
    "interestIncome": 2026002000,
    "interestExpense": 984202000,
    "depreciationAndAmortization": 112500000,
    "ebitda": 727300000,
    "ebitdaratio": 0.2797762867,
    "operatingIncome": 614800000,
    "operatingIncomeRatio": 0.2365000152,
    "totalOtherIncomeExpensesNet": 0,
    "incomeBeforeTax": 614800000,
    "incomeBeforeTaxRatio": 0.2365000152,
    "incomeTaxExpense": 192700000,
    "netIncome": 422100000,
    "netIncomeRatio": 0.1623725706,
    "eps": 1.63,
    "epsdiluted": 1.62,
    "weightedAverageShsOut": 258957000,
    "weightedAverageShsOutDil": 260556000,
    "link": "https://www.sec.gov/Archives/edgar/data/49196/000095015200001250/0000950152-00-001250-index.html",
    "finalLink": "https://www.sec.gov/Archives/edgar/data/49196/000095015200001250/0000950152-00-001250.txt"
  },
  {
    "date": "1998-12-31",
    "symbol": "HBAN",
    "reportedCurrency": "USD",
    "cik": "0000049196",
    "fillingDate": "1999-02-19",
    "acceptedDate": "1999-02-19 00:00:00",
    "calendarYear": "1998",
    "period": "FY",
    "revenue": 2437600000,
    "costOfRevenue": 1083500000,
    "grossProfit": 1354100000,
    "grossProfitRatio": 0.5555054152,
    "researchAndDevelopmentExpenses": 0,
    "generalAndAdministrativeExpenses": 428500000,
    "sellingAndMarketingExpenses": 32300000,
    "sellingGeneralAndAdministrativeExpenses": 460800000,
    "otherExpenses": 453100000,
    "operatingExpenses": 913900000,
    "costAndExpenses": 1997400000,
    "interestIncome": 1999400000,
    "interestExpense": 978300000,
    "depreciationAndAmortization": 81000000,
    "ebitda": 521200000,
    "ebitdaratio": 0.2138168691,
    "operatingIncome": 440200000,
    "operatingIncomeRatio": 0.1805874631,
    "totalOtherIncomeExpensesNet": 0,
    "incomeBeforeTax": 440200000,
    "incomeBeforeTaxRatio": 0.1805874631,
    "incomeTaxExpense": 138400000,
    "netIncome": 301800000,
    "netIncomeRatio": 0.1238103052,
    "eps": 1.18,
    "epsdiluted": 1.17,
    "weightedAverageShsOut": 255826000,
    "weightedAverageShsOutDil": 258280000,
    "link": "https://www.sec.gov/Archives/edgar/data/49196/000095015299001257/0000950152-99-001257-index.htm",
    "finalLink": "https://www.sec.gov/Archives/edgar/data/49196/000095015299001257/"
  },
  {
    "date": "1997-12-31",
    "symbol": "HBAN",
    "reportedCurrency": "USD",
    "cik": "0000049196",
    "fillingDate": "1998-02-20",
    "acceptedDate": "1998-02-20 00:00:00",
    "calendarYear": "1997",
    "period": "FY",
    "revenue": 2324300000,
    "costOfRevenue": 1062100000,
    "grossProfit": 1262200000,
    "grossProfitRatio": 0.5430452179,
    "researchAndDevelopmentExpenses": 0,
    "generalAndAdministrativeExpenses": 392800000,
    "sellingAndMarketingExpenses": 32800000,
    "sellingGeneralAndAdministrativeExpenses": 425600000,
    "otherExpenses": 377400000,
    "operatingExpenses": 803000000,
    "costAndExpenses": 1865100000,
    "interestIncome": 1981500000,
    "interestExpense": 954300000,
    "depreciationAndAmortization": 63400000,
    "ebitda": 522600000,
    "ebitdaratio": 0.2248418879,
    "operatingIncome": 459200000,
    "operatingIncomeRatio": 0.1975648582,
    "totalOtherIncomeExpensesNet": 0,
    "incomeBeforeTax": 459200000,
    "incomeBeforeTaxRatio": 0.1975648582,
    "incomeTaxExpense": 166500000,
    "netIncome": 292700000,
    "netIncomeRatio": 0.1259303876,
    "eps": 1.27,
    "epsdiluted": 1.25,
    "weightedAverageShsOut": 230472000,
    "weightedAverageShsOutDil": 234160000,
    "link": "https://www.sec.gov/Archives/edgar/data/49196/000095015298001354/0000950152-98-001354-index.htm",
    "finalLink": "https://www.sec.gov/Archives/edgar/data/49196/000095015298001354/"
  },
  {
    "date": "1996-12-31",
    "symbol": "HBAN",
    "reportedCurrency": "USD",
    "cik": "0000049196",
    "fillingDate": "1997-02-20",
    "acceptedDate": "1997-02-20 00:00:00",
    "calendarYear": "1996",
    "period": "FY",
    "revenue": 2089800000,
    "costOfRevenue": 957000000,
    "grossProfit": 1132800000,
    "grossProfitRatio": 0.5420614413,
    "researchAndDevelopmentExpenses": 0,
    "generalAndAdministrativeExpenses": 360900000,
    "sellingAndMarketingExpenses": 20300000,
    "sellingGeneralAndAdministrativeExpenses": 381200000,
    "otherExpenses": 294300000,
    "operatingExpenses": 675500000,
    "costAndExpenses": 1632500000,
    "interestIncome": 1775700000,
    "interestExpense": 880600000,
    "depreciationAndAmortization": 91900000,
    "ebitda": 549200000,
    "ebitdaratio": 0.262800268,
    "operatingIncome": 457300000,
    "operatingIncomeRatio": 0.2188247679,
    "totalOtherIncomeExpensesNet": 0,
    "incomeBeforeTax": 457300000,
    "incomeBeforeTaxRatio": 0.2188247679,
    "incomeTaxExpense": 153000000,
    "netIncome": 304300000,
    "netIncomeRatio": 0.1456120203,
    "eps": 1.31,
    "epsdiluted": 1.29,
    "weightedAverageShsOut": 232290000,
    "weightedAverageShsOutDil": 235891000,
    "link": "https://www.sec.gov/Archives/edgar/data/49196/000095015297001211/0000950152-97-001211-index.htm",
    "finalLink": "https://www.sec.gov/Archives/edgar/data/49196/000095015297001211/"
  },
  {
    "date": "1995-12-31",
    "symbol": "HBAN",
    "reportedCurrency": "USD",
    "cik": "0000049196",
    "fillingDate": "1996-02-22",
    "acceptedDate": "1996-02-22 00:00:00",
    "calendarYear": "1995",
    "period": "FY",
    "revenue": 1710300000,
    "costOfRevenue": 766000000,
    "grossProfit": 944300000,
    "grossProfitRatio": 0.5521253581,
    "researchAndDevelopmentExpenses": 0,
    "generalAndAdministrativeExpenses": 0,
    "sellingAndMarketingExpenses": 0,
    "sellingGeneralAndAdministrativeExpenses": 0,
    "otherExpenses": 565800000,
    "operatingExpenses": 565800000,
    "costAndExpenses": 1331800000,
    "interestIncome": 1461900000,
    "interestExpense": 737300000,
    "depreciationAndAmortization": 68800000,
    "ebitda": 447300000,
    "ebitdaratio": 0.2615330644,
    "operatingIncome": 378500000,
    "operatingIncomeRatio": 0.2213062036,
    "totalOtherIncomeExpensesNet": 0,
    "incomeBeforeTax": 378500000,
    "incomeBeforeTaxRatio": 0.2213062036,
    "incomeTaxExpense": 134000000,
    "netIncome": 244500000,
    "netIncomeRatio": 0.1429573759,
    "eps": 1.11,
    "epsdiluted": 1.11,
    "weightedAverageShsOut": 221771000,
    "weightedAverageShsOutDil": 226344000,
    "link": "https://www.sec.gov/Archives/edgar/data/49196/000095015296000605/0000950152-96-000605-index.html",
    "finalLink": "https://www.sec.gov/Archives/edgar/data/49196/0000950152-96-000605.txt"
  },
  {
    "date": "1994-12-31",
    "symbol": "HBAN",
    "reportedCurrency": "USD",
    "cik": "0000049196",
    "fillingDate": "1995-03-01",
    "acceptedDate": "1995-03-01 00:00:00",
    "calendarYear": "1994",
    "period": "FY",
    "revenue": 1455200000,
    "costOfRevenue": 479000000,
    "grossProfit": 976200000,
    "grossProfitRatio": 0.670835624,
    "researchAndDevelopmentExpenses": 0,
    "generalAndAdministrativeExpenses": 0,
    "sellingAndMarketingExpenses": 0,
    "sellingGeneralAndAdministrativeExpenses": 0,
    "otherExpenses": 609700000,
    "operatingExpenses": 609700000,
    "costAndExpenses": 1088700000,
    "interestIncome": 1219800000,
    "interestExpense": 463700000,
    "depreciationAndAmortization": 84200000,
    "ebitda": 450700000,
    "ebitdaratio": 0.3097168774,
    "operatingIncome": 366500000,
    "operatingIncomeRatio": 0.2518554151,
    "totalOtherIncomeExpensesNet": 0,
    "incomeBeforeTax": 366500000,
    "incomeBeforeTaxRatio": 0.2518554151,
    "incomeTaxExpense": 123900000,
    "netIncome": 242600000,
    "netIncomeRatio": 0.1667124794,
    "eps": 1.11,
    "epsdiluted": 1.11,
    "weightedAverageShsOut": 219367000,
    "weightedAverageShsOutDil": 220138000,
    "link": "https://www.sec.gov/Archives/edgar/data/49196/000095015295000257/0000950152-95-000257-index.htm",
    "finalLink": "https://www.sec.gov/Archives/edgar/data/49196/000095015295000257/"
  },
  {
    "date": "1993-12-31",
    "symbol": "HBAN",
    "reportedCurrency": "USD",
    "cik": "0000049196",
    "fillingDate": "1993-12-31",
    "acceptedDate": "1993-12-31 00:00:00",
    "calendarYear": "1993",
    "period": "FY",
    "revenue": 1542000000,
    "costOfRevenue": 519300000,
    "grossProfit": 1022700000,
    "grossProfitRatio": 0.663229572,
    "researchAndDevelopmentExpenses": 0,
    "generalAndAdministrativeExpenses": 0,
    "sellingAndMarketingExpenses": 0,
    "sellingGeneralAndAdministrativeExpenses": 0,
    "otherExpenses": 658900000,
    "operatingExpenses": 658900000,
    "costAndExpenses": 1178200000,
    "interestIncome": 1090800000,
    "interestExpense": 440000000,
    "depreciationAndAmortization": 127500000,
    "ebitda": 491300000,
    "ebitdaratio": 0.318612192,
    "operatingIncome": 363800000,
    "operatingIncomeRatio": 0.2359273671,
    "totalOtherIncomeExpensesNet": 0,
    "incomeBeforeTax": 363800000,
    "incomeBeforeTaxRatio": 0.2359273671,
    "incomeTaxExpense": 126900000,
    "netIncome": 236900000,
    "netIncomeRatio": 0.1536316472,
    "eps": 1.04,
    "epsdiluted": 1.02,
    "weightedAverageShsOut": 228611000,
    "weightedAverageShsOutDil": 232693000,
    "link": null,
    "finalLink": null
  },
  {
    "date": "1992-12-31",
    "symbol": "HBAN",
    "reportedCurrency": "USD",
    "cik": "0000049196",
    "fillingDate": "1992-12-31",
    "acceptedDate": "1992-12-31 00:00:00",
    "calendarYear": "1992",
    "period": "FY",
    "revenue": 1259000000,
    "costOfRevenue": 488300000,
    "grossProfit": 770700000,
    "grossProfitRatio": 0.612152502,
    "researchAndDevelopmentExpenses": 0,
    "generalAndAdministrativeExpenses": 240200000,
    "sellingAndMarketingExpenses": 12200000,
    "sellingGeneralAndAdministrativeExpenses": 252400000,
    "otherExpenses": 317900000,
    "operatingExpenses": 570300000,
    "costAndExpenses": 1058600000,
    "interestIncome": 1022800000,
    "interestExpense": 412600000,
    "depreciationAndAmortization": 69100000,
    "ebitda": 269500000,
    "ebitdaratio": 0.2140587768,
    "operatingIncome": 200400000,
    "operatingIncomeRatio": 0.1591739476,
    "totalOtherIncomeExpensesNet": 0,
    "incomeBeforeTax": 200400000,
    "incomeBeforeTaxRatio": 0.1591739476,
    "incomeTaxExpense": 61400000,
    "netIncome": 139000000,
    "netIncomeRatio": 0.1104050834,
    "eps": 0.73,
    "epsdiluted": 0.72,
    "weightedAverageShsOut": 191144000,
    "weightedAverageShsOutDil": 193564000,
    "link": null,
    "finalLink": null
  },
  {
    "date": "1991-12-31",
    "symbol": "HBAN",
    "reportedCurrency": "USD",
    "cik": "0000049196",
    "fillingDate": "1991-12-31",
    "acceptedDate": "1991-12-31 00:00:00",
    "calendarYear": "1991",
    "period": "FY",
    "revenue": 1219400000,
    "costOfRevenue": 614900000,
    "grossProfit": 604500000,
    "grossProfitRatio": 0.4957356077,
    "researchAndDevelopmentExpenses": 0,
    "generalAndAdministrativeExpenses": 201000000,
    "sellingAndMarketingExpenses": 9200000,
    "sellingGeneralAndAdministrativeExpenses": 210200000,
    "otherExpenses": 227900000,
    "operatingExpenses": 438100000,
    "costAndExpenses": 1053000000,
    "interestIncome": 1035700000,
    "interestExpense": 558200000,
    "depreciationAndAmortization": 39700000,
    "ebitda": 206100000,
    "ebitdaratio": 0.1690175496,
    "operatingIncome": 166400000,
    "operatingIncomeRatio": 0.1364605544,
    "totalOtherIncomeExpensesNet": 0,
    "incomeBeforeTax": 166400000,
    "incomeBeforeTaxRatio": 0.1364605544,
    "incomeTaxExpense": 49400000,
    "netIncome": 117000000,
    "netIncomeRatio": 0.0959488273,
    "eps": 0.65,
    "epsdiluted": 0.65,
    "weightedAverageShsOut": 181286000,
    "weightedAverageShsOutDil": 181286000,
    "link": null,
    "finalLink": null
  },
  {
    "date": "1990-12-31",
    "symbol": "HBAN",
    "reportedCurrency": "USD",
    "cik": "0000049196",
    "fillingDate": "1990-12-31",
    "acceptedDate": "1990-12-31 00:00:00",
    "calendarYear": "1990",
    "period": "FY",
    "revenue": 1255900000,
    "costOfRevenue": 749400000,
    "grossProfit": 506500000,
    "grossProfitRatio": 0.4032964408,
    "researchAndDevelopmentExpenses": 0,
    "generalAndAdministrativeExpenses": 182700000,
    "sellingAndMarketingExpenses": 20200000,
    "sellingGeneralAndAdministrativeExpenses": 202900000,
    "otherExpenses": 188800000,
    "operatingExpenses": 391700000,
    "costAndExpenses": 1141100000,
    "interestIncome": 1102300000,
    "interestExpense": 678400000,
    "depreciationAndAmortization": 35700000,
    "ebitda": 150500000,
    "ebitdaratio": 0.1198343817,
    "operatingIncome": 114800000,
    "operatingIncomeRatio": 0.0914085516,
    "totalOtherIncomeExpensesNet": 0,
    "incomeBeforeTax": 114800000,
    "incomeBeforeTaxRatio": 0.0914085516,
    "incomeTaxExpense": 29600000,
    "netIncome": 85200000,
    "netIncomeRatio": 0.0678397962,
    "eps": 0.62,
    "epsdiluted": 0.62,
    "weightedAverageShsOut": 137837000,
    "weightedAverageShsOutDil": 137837000,
    "link": null,
    "finalLink": null
  },
  {
    "date": "1989-12-31",
    "symbol": "HBAN",
    "reportedCurrency": "USD",
    "cik": "0000049196",
    "fillingDate": "1989-12-31",
    "acceptedDate": "1989-12-31 00:00:00",
    "calendarYear": "1989",
    "period": "FY",
    "revenue": 1159700000,
    "costOfRevenue": 671100000,
    "grossProfit": 488600000,
    "grossProfitRatio": 0.4213158575,
    "researchAndDevelopmentExpenses": 0,
    "generalAndAdministrativeExpenses": 163500000,
    "sellingAndMarketingExpenses": 25300000,
    "sellingGeneralAndAdministrativeExpenses": 188800000,
    "otherExpenses": 156200000,
    "operatingExpenses": 345000000,
    "costAndExpenses": 1016100000,
    "interestIncome": 1020200000,
    "interestExpense": 631200000,
    "depreciationAndAmortization": 29700000,
    "ebitda": 173300000,
    "ebitdaratio": 0.1494351988,
    "operatingIncome": 143600000,
    "operatingIncomeRatio": 0.1238251272,
    "totalOtherIncomeExpensesNet": 0,
    "incomeBeforeTax": 143600000,
    "incomeBeforeTaxRatio": 0.1238251272,
    "incomeTaxExpense": 35600000,
    "netIncome": 108000000,
    "netIncomeRatio": 0.093127533,
    "eps": 0.91,
    "epsdiluted": 0.91,
    "weightedAverageShsOut": 118812000,
    "weightedAverageShsOutDil": 118812000,
    "link": null,
    "finalLink": null
  },
  {
    "date": "1988-12-31",
    "symbol": "HBAN",
    "reportedCurrency": "USD",
    "cik": "0000049196",
    "fillingDate": "1988-12-31",
    "acceptedDate": "1988-12-30 19:00:00",
    "calendarYear": "1988",
    "period": "FY",
    "revenue": 0,
    "costOfRevenue": 0,
    "grossProfit": 0,
    "grossProfitRatio": 0,
    "researchAndDevelopmentExpenses": 0,
    "generalAndAdministrativeExpenses": 0,
    "sellingAndMarketingExpenses": 0,
    "sellingGeneralAndAdministrativeExpenses": 0,
    "otherExpenses": 87600000,
    "operatingExpenses": 87600000,
    "costAndExpenses": 87600000,
    "interestIncome": 0,
    "interestExpense": 0,
    "depreciationAndAmortization": 0,
    "ebitda": 87600000,
    "ebitdaratio": 0,
    "operatingIncome": 87600000,
    "operatingIncomeRatio": 0,
    "totalOtherIncomeExpensesNet": 0,
    "incomeBeforeTax": 0,
    "incomeBeforeTaxRatio": 0,
    "incomeTaxExpense": -87600000,
    "netIncome": 87600000,
    "netIncomeRatio": 0,
    "eps": 0.6,
    "epsdiluted": 0.59,
    "weightedAverageShsOut": 146015000,
    "weightedAverageShsOutDil": 148261000,
    "link": "",
    "finalLink": ""
  },
  {
    "date": "1987-12-31",
    "symbol": "HBAN",
    "reportedCurrency": "USD",
    "cik": "0000049196",
    "fillingDate": "1987-12-31",
    "acceptedDate": "1987-12-30 19:00:00",
    "calendarYear": "1987",
    "period": "FY",
    "revenue": 0,
    "costOfRevenue": 0,
    "grossProfit": 0,
    "grossProfitRatio": 0,
    "researchAndDevelopmentExpenses": 0,
    "generalAndAdministrativeExpenses": 0,
    "sellingAndMarketingExpenses": 0,
    "sellingGeneralAndAdministrativeExpenses": 0,
    "otherExpenses": 47800000,
    "operatingExpenses": 47800000,
    "costAndExpenses": 47800000,
    "interestIncome": 0,
    "interestExpense": 0,
    "depreciationAndAmortization": 0,
    "ebitda": 47800000,
    "ebitdaratio": 0,
    "operatingIncome": 47800000,
    "operatingIncomeRatio": 0,
    "totalOtherIncomeExpensesNet": 0,
    "incomeBeforeTax": 0,
    "incomeBeforeTaxRatio": 0,
    "incomeTaxExpense": -47800000,
    "netIncome": 47800000,
    "netIncomeRatio": 0,
    "eps": 0.32,
    "epsdiluted": 0.32,
    "weightedAverageShsOut": 150244000,
    "weightedAverageShsOutDil": 150244000,
    "link": "",
    "finalLink": ""
  },
  {
    "date": "1986-12-31",
    "symbol": "HBAN",
    "reportedCurrency": "USD",
    "cik": "0000049196",
    "fillingDate": "1986-12-31",
    "acceptedDate": "1986-12-30 19:00:00",
    "calendarYear": "1986",
    "period": "FY",
    "revenue": 0,
    "costOfRevenue": 0,
    "grossProfit": 0,
    "grossProfitRatio": 0,
    "researchAndDevelopmentExpenses": 0,
    "generalAndAdministrativeExpenses": 0,
    "sellingAndMarketingExpenses": 0,
    "sellingGeneralAndAdministrativeExpenses": 0,
    "otherExpenses": 64700000,
    "operatingExpenses": 64700000,
    "costAndExpenses": 64700000,
    "interestIncome": 0,
    "interestExpense": 0,
    "depreciationAndAmortization": 0,
    "ebitda": 64700000,
    "ebitdaratio": 0,
    "operatingIncome": 64700000,
    "operatingIncomeRatio": 0,
    "totalOtherIncomeExpensesNet": 0,
    "incomeBeforeTax": 0,
    "incomeBeforeTaxRatio": 0,
    "incomeTaxExpense": -64700000,
    "netIncome": 64700000,
    "netIncomeRatio": 0,
    "eps": 0.51,
    "epsdiluted": 0.5,
    "weightedAverageShsOut": 126013000,
    "weightedAverageShsOutDil": 128346000,
    "link": "",
    "finalLink": ""
  },
  {
    "date": "1985-12-31",
    "symbol": "HBAN",
    "reportedCurrency": "USD",
    "cik": "0000049196",
    "fillingDate": "1985-12-31",
    "acceptedDate": "1985-12-30 19:00:00",
    "calendarYear": "1985",
    "period": "FY",
    "revenue": 0,
    "costOfRevenue": 0,
    "grossProfit": 0,
    "grossProfitRatio": 0,
    "researchAndDevelopmentExpenses": 0,
    "generalAndAdministrativeExpenses": 0,
    "sellingAndMarketingExpenses": 0,
    "sellingGeneralAndAdministrativeExpenses": 0,
    "otherExpenses": 52500000,
    "operatingExpenses": 52500000,
    "costAndExpenses": 52500000,
    "interestIncome": 0,
    "interestExpense": 0,
    "depreciationAndAmortization": 0,
    "ebitda": 52500000,
    "ebitdaratio": 0,
    "operatingIncome": 52500000,
    "operatingIncomeRatio": 0,
    "totalOtherIncomeExpensesNet": 0,
    "incomeBeforeTax": 0,
    "incomeBeforeTaxRatio": 0,
    "incomeTaxExpense": -52500000,
    "netIncome": 52500000,
    "netIncomeRatio": 0,
    "eps": 0.49,
    "epsdiluted": 0.48,
    "weightedAverageShsOut": 107811000,
    "weightedAverageShsOutDil": 110011000,
    "link": "",
    "finalLink": ""
  }
]