[
  {
    "date": "2025-06-30",
    "symbol": "HCA",
    "reportedCurrency": "USD",
    "cik": "0000860730",
    "fillingDate": "2025-08-04",
    "acceptedDate": "2025-08-04 16:31:02",
    "calendarYear": "2025",
    "period": "Q2",
    "revenue": 18605000000,
    "costOfRevenue": 15638000000,
    "grossProfit": 2967000000,
    "grossProfitRatio": 0.1594732599,
    "researchAndDevelopmentExpenses": 0,
    "generalAndAdministrativeExpenses": 7861000000,
    "sellingAndMarketingExpenses": 0,
    "sellingGeneralAndAdministrativeExpenses": 7861000000,
    "otherExpenses": -7861000000,
    "operatingExpenses": 0,
    "costAndExpenses": 15638000000,
    "interestIncome": 0,
    "interestExpense": 568000000,
    "depreciationAndAmortization": 863000000,
    "ebitda": 3846000000,
    "ebitdaratio": 0.206718624,
    "operatingIncome": 2967000000,
    "operatingIncomeRatio": 0.1594732599,
    "totalOtherIncomeExpensesNet": -552000000,
    "incomeBeforeTax": 2415000000,
    "incomeBeforeTaxRatio": 0.1298038162,
    "incomeTaxExpense": 524000000,
    "netIncome": 1653000000,
    "netIncomeRatio": 0.0888470841,
    "eps": 7,
    "epsdiluted": 6.83,
    "weightedAverageShsOut": 241911000,
    "weightedAverageShsOutDil": 241911000,
    "link": "https://www.sec.gov/Archives/edgar/data/860730/000095017025102056/0000950170-25-102056-index.htm",
    "finalLink": "https://www.sec.gov/Archives/edgar/data/860730/000095017025102056/hca-20250630.htm"
  },
  {
    "date": "2025-03-31",
    "symbol": "HCA",
    "reportedCurrency": "USD",
    "cik": "0000860730",
    "fillingDate": "2025-05-01",
    "acceptedDate": "2025-05-01 16:30:20",
    "calendarYear": "2025",
    "period": "Q1",
    "revenue": 18321000000,
    "costOfRevenue": 15466000000,
    "grossProfit": 2855000000,
    "grossProfitRatio": 0.1558321052,
    "researchAndDevelopmentExpenses": 0,
    "generalAndAdministrativeExpenses": 0,
    "sellingAndMarketingExpenses": 0,
    "sellingGeneralAndAdministrativeExpenses": 0,
    "otherExpenses": 0,
    "operatingExpenses": 0,
    "costAndExpenses": 15466000000,
    "interestIncome": 0,
    "interestExpense": 547000000,
    "depreciationAndAmortization": 860000000,
    "ebitda": 3734000000,
    "ebitdaratio": 0.2038098357,
    "operatingIncome": 2855000000,
    "operatingIncomeRatio": 0.1558321052,
    "totalOtherIncomeExpensesNet": -528000000,
    "incomeBeforeTax": 2327000000,
    "incomeBeforeTaxRatio": 0.1270127176,
    "incomeTaxExpense": 502000000,
    "netIncome": 1610000000,
    "netIncomeRatio": 0.0878772993,
    "eps": 6.52,
    "epsdiluted": 6.45,
    "weightedAverageShsOut": 249440000,
    "weightedAverageShsOutDil": 249440000,
    "link": "https://www.sec.gov/Archives/edgar/data/860730/000095017025061895/0000950170-25-061895-index.htm",
    "finalLink": "https://www.sec.gov/Archives/edgar/data/860730/000095017025061895/hca-20250331.htm"
  },
  {
    "date": "2024-12-31",
    "symbol": "HCA",
    "reportedCurrency": "USD",
    "cik": "0000860730",
    "fillingDate": "2025-02-14",
    "acceptedDate": "2025-02-13 18:26:28",
    "calendarYear": "2024",
    "period": "Q4",
    "revenue": 18285000000,
    "costOfRevenue": 15439000000,
    "grossProfit": 2846000000,
    "grossProfitRatio": 0.1556467049,
    "researchAndDevelopmentExpenses": 0,
    "generalAndAdministrativeExpenses": 0,
    "sellingAndMarketingExpenses": 0,
    "sellingGeneralAndAdministrativeExpenses": 0,
    "otherExpenses": 0,
    "operatingExpenses": 0,
    "costAndExpenses": 15439000000,
    "interestIncome": 0,
    "interestExpense": 528000000,
    "depreciationAndAmortization": 856000000,
    "ebitda": 3517000000,
    "ebitdaratio": 0.1923434509,
    "operatingIncome": 2846000000,
    "operatingIncomeRatio": 0.1556467049,
    "totalOtherIncomeExpensesNet": -713000000,
    "incomeBeforeTax": 2133000000,
    "incomeBeforeTaxRatio": 0.1166529943,
    "incomeTaxExpense": 447000000,
    "netIncome": 1438000000,
    "netIncomeRatio": 0.078643697,
    "eps": 5.7,
    "epsdiluted": 5.63,
    "weightedAverageShsOut": 252301456,
    "weightedAverageShsOutDil": 255310000,
    "link": "https://www.sec.gov/Archives/edgar/data/860730/000095017025020134/0000950170-25-020134-index.htm",
    "finalLink": "https://www.sec.gov/Archives/edgar/data/860730/000095017025020134/hca-20241231.htm"
  },
  {
    "date": "2024-09-30",
    "symbol": "HCA",
    "reportedCurrency": "USD",
    "cik": "0000860730",
    "fillingDate": "2024-10-31",
    "acceptedDate": "2024-10-31 16:30:23",
    "calendarYear": "2024",
    "period": "Q3",
    "revenue": 17487000000,
    "costOfRevenue": 15077000000,
    "grossProfit": 2410000000,
    "grossProfitRatio": 0.1378166638,
    "researchAndDevelopmentExpenses": 0,
    "generalAndAdministrativeExpenses": 0,
    "sellingAndMarketingExpenses": 0,
    "sellingGeneralAndAdministrativeExpenses": 0,
    "otherExpenses": 0,
    "operatingExpenses": 0,
    "costAndExpenses": 15077000000,
    "interestIncome": 0,
    "interestExpense": 515000000,
    "depreciationAndAmortization": 842000000,
    "ebitda": 3263000000,
    "ebitdaratio": 0.1865957568,
    "operatingIncome": 2410000000,
    "operatingIncomeRatio": 0.1378166638,
    "totalOtherIncomeExpensesNet": -504000000,
    "incomeBeforeTax": 1906000000,
    "incomeBeforeTaxRatio": 0.1089952536,
    "incomeTaxExpense": 424000000,
    "netIncome": 1270000000,
    "netIncomeRatio": 0.0726253789,
    "eps": 4.94,
    "epsdiluted": 4.89,
    "weightedAverageShsOut": 259917000,
    "weightedAverageShsOutDil": 259917000,
    "link": "https://www.sec.gov/Archives/edgar/data/860730/000095017024119581/0000950170-24-119581-index.htm",
    "finalLink": "https://www.sec.gov/Archives/edgar/data/860730/000095017024119581/hca-20240930.htm"
  },
  {
    "date": "2024-06-30",
    "symbol": "HCA",
    "reportedCurrency": "USD",
    "cik": "0000860730",
    "fillingDate": "2024-07-29",
    "acceptedDate": "2024-07-29 16:30:24",
    "calendarYear": "2024",
    "period": "Q2",
    "revenue": 17492000000,
    "costOfRevenue": 14761000000,
    "grossProfit": 2731000000,
    "grossProfitRatio": 0.1561285159,
    "researchAndDevelopmentExpenses": 0,
    "generalAndAdministrativeExpenses": 0,
    "sellingAndMarketingExpenses": 0,
    "sellingGeneralAndAdministrativeExpenses": 0,
    "otherExpenses": 0,
    "operatingExpenses": 0,
    "costAndExpenses": 14761000000,
    "interestIncome": 0,
    "interestExpense": 506000000,
    "depreciationAndAmortization": 819000000,
    "ebitda": 3562000000,
    "ebitdaratio": 0.2036359479,
    "operatingIncome": 2731000000,
    "operatingIncomeRatio": 0.1561285159,
    "totalOtherIncomeExpensesNet": -494000000,
    "incomeBeforeTax": 2237000000,
    "incomeBeforeTaxRatio": 0.1278870341,
    "incomeTaxExpense": 550000000,
    "netIncome": 1461000000,
    "netIncomeRatio": 0.0835238966,
    "eps": 5.6,
    "epsdiluted": 5.53,
    "weightedAverageShsOut": 263215800,
    "weightedAverageShsOutDil": 264071000,
    "link": "https://www.sec.gov/Archives/edgar/data/860730/000095017024087322/0000950170-24-087322-index.htm",
    "finalLink": "https://www.sec.gov/Archives/edgar/data/860730/000095017024087322/hca-20240630.htm"
  },
  {
    "date": "2024-03-31",
    "symbol": "HCA",
    "reportedCurrency": "USD",
    "cik": "0000860730",
    "fillingDate": "2024-05-02",
    "acceptedDate": "2024-05-02 16:30:35",
    "calendarYear": "2024",
    "period": "Q1",
    "revenue": 17339000000,
    "costOfRevenue": 14779000000,
    "grossProfit": 2560000000,
    "grossProfitRatio": 0.1476440394,
    "researchAndDevelopmentExpenses": 0,
    "generalAndAdministrativeExpenses": 0,
    "sellingAndMarketingExpenses": 0,
    "sellingGeneralAndAdministrativeExpenses": 0,
    "otherExpenses": 0,
    "operatingExpenses": 0,
    "costAndExpenses": 14779000000,
    "interestIncome": 0,
    "interestExpense": 512000000,
    "depreciationAndAmortization": 795000000,
    "ebitda": 3554000000,
    "ebitdaratio": 0.2049714516,
    "operatingIncome": 2560000000,
    "operatingIncomeRatio": 0.1476440394,
    "totalOtherIncomeExpensesNet": -313000000,
    "incomeBeforeTax": 2247000000,
    "incomeBeforeTaxRatio": 0.1295922487,
    "incomeTaxExpense": 445000000,
    "netIncome": 1591000000,
    "netIncomeRatio": 0.0917584636,
    "eps": 6.04,
    "epsdiluted": 5.94,
    "weightedAverageShsOut": 263215800,
    "weightedAverageShsOutDil": 268016000,
    "link": "https://www.sec.gov/Archives/edgar/data/860730/000095017024052195/0000950170-24-052195-index.htm",
    "finalLink": "https://www.sec.gov/Archives/edgar/data/860730/000095017024052195/hca-20240331.htm"
  },
  {
    "date": "2023-12-31",
    "symbol": "HCA",
    "reportedCurrency": "USD",
    "cik": "0000860730",
    "fillingDate": "2024-02-16",
    "acceptedDate": "2024-02-16 17:03:58",
    "calendarYear": "2023",
    "period": "Q4",
    "revenue": 17303000000,
    "costOfRevenue": 14502000000,
    "grossProfit": 2801000000,
    "grossProfitRatio": 0.1618794429,
    "researchAndDevelopmentExpenses": 0,
    "generalAndAdministrativeExpenses": 0,
    "sellingAndMarketingExpenses": 0,
    "sellingGeneralAndAdministrativeExpenses": 0,
    "otherExpenses": 0,
    "operatingExpenses": 0,
    "costAndExpenses": 14502000000,
    "interestIncome": 0,
    "interestExpense": 491000000,
    "depreciationAndAmortization": 789000000,
    "ebitda": 3625000000,
    "ebitdaratio": 0.2095012426,
    "operatingIncome": 2801000000,
    "operatingIncomeRatio": 0.1618794429,
    "totalOtherIncomeExpensesNet": -456000000,
    "incomeBeforeTax": 2345000000,
    "incomeBeforeTaxRatio": 0.1355256314,
    "incomeTaxExpense": 484000000,
    "netIncome": 1607000000,
    "netIncomeRatio": 0.0928740681,
    "eps": 6.05,
    "epsdiluted": 5.93,
    "weightedAverageShsOut": 265537300,
    "weightedAverageShsOutDil": 271186000,
    "link": "https://www.sec.gov/Archives/edgar/data/860730/000095017024016524/0000950170-24-016524-index.htm",
    "finalLink": "https://www.sec.gov/Archives/edgar/data/860730/000095017024016524/hca-20231231.htm"
  },
  {
    "date": "2023-09-30",
    "symbol": "HCA",
    "reportedCurrency": "USD",
    "cik": "0000860730",
    "fillingDate": "2023-10-26",
    "acceptedDate": "2023-10-26 16:30:28",
    "calendarYear": "2023",
    "period": "Q3",
    "revenue": 16213000000,
    "costOfRevenue": 14121000000,
    "grossProfit": 2092000000,
    "grossProfitRatio": 0.1290322581,
    "researchAndDevelopmentExpenses": 0,
    "generalAndAdministrativeExpenses": 0,
    "sellingAndMarketingExpenses": 0,
    "sellingGeneralAndAdministrativeExpenses": 0,
    "otherExpenses": 0,
    "operatingExpenses": 0,
    "costAndExpenses": 14121000000,
    "interestIncome": 0,
    "interestExpense": 483000000,
    "depreciationAndAmortization": 769000000,
    "ebitda": 2882000000,
    "ebitdaratio": 0.1777585888,
    "operatingIncome": 2092000000,
    "operatingIncomeRatio": 0.1290322581,
    "totalOtherIncomeExpensesNet": -462000000,
    "incomeBeforeTax": 1630000000,
    "incomeBeforeTaxRatio": 0.1005366064,
    "incomeTaxExpense": 355000000,
    "netIncome": 1079000000,
    "netIncomeRatio": 0.0665515327,
    "eps": 3.98,
    "epsdiluted": 3.92,
    "weightedAverageShsOut": 271173000,
    "weightedAverageShsOutDil": 275424000,
    "link": "https://www.sec.gov/Archives/edgar/data/860730/000095017023055641/0000950170-23-055641-index.htm",
    "finalLink": "https://www.sec.gov/Archives/edgar/data/860730/000095017023055641/hca-20230930.htm"
  },
  {
    "date": "2023-06-30",
    "symbol": "HCA",
    "reportedCurrency": "USD",
    "cik": "0000860730",
    "fillingDate": "2023-08-02",
    "acceptedDate": "2023-08-02 16:32:02",
    "calendarYear": "2023",
    "period": "Q2",
    "revenue": 15861000000,
    "costOfRevenue": 13561000000,
    "grossProfit": 2300000000,
    "grossProfitRatio": 0.1450097724,
    "researchAndDevelopmentExpenses": 0,
    "generalAndAdministrativeExpenses": 0,
    "sellingAndMarketingExpenses": 0,
    "sellingGeneralAndAdministrativeExpenses": 0,
    "otherExpenses": 0,
    "operatingExpenses": 0,
    "costAndExpenses": 13561000000,
    "interestIncome": 0,
    "interestExpense": 485000000,
    "depreciationAndAmortization": 763000000,
    "ebitda": 3057000000,
    "ebitdaratio": 0.1927369018,
    "operatingIncome": 2300000000,
    "operatingIncomeRatio": 0.1450097724,
    "totalOtherIncomeExpensesNet": -491000000,
    "incomeBeforeTax": 1809000000,
    "incomeBeforeTaxRatio": 0.1140533384,
    "incomeTaxExpense": 397000000,
    "netIncome": 1193000000,
    "netIncomeRatio": 0.0752159385,
    "eps": 4.35,
    "epsdiluted": 4.29,
    "weightedAverageShsOut": 274494000,
    "weightedAverageShsOutDil": 278198000,
    "link": "https://www.sec.gov/Archives/edgar/data/860730/000095017023037237/0000950170-23-037237-index.htm",
    "finalLink": "https://www.sec.gov/Archives/edgar/data/860730/000095017023037237/hca-20230630.htm"
  },
  {
    "date": "2023-03-31",
    "symbol": "HCA",
    "reportedCurrency": "USD",
    "cik": "0000860730",
    "fillingDate": "2023-04-27",
    "acceptedDate": "2023-04-27 16:31:00",
    "calendarYear": "2023",
    "period": "Q1",
    "revenue": 15591000000,
    "costOfRevenue": 13157000000,
    "grossProfit": 2434000000,
    "grossProfitRatio": 0.1561157078,
    "researchAndDevelopmentExpenses": 0,
    "generalAndAdministrativeExpenses": 0,
    "sellingAndMarketingExpenses": 0,
    "sellingGeneralAndAdministrativeExpenses": 0,
    "otherExpenses": 0,
    "operatingExpenses": 0,
    "costAndExpenses": 13157000000,
    "interestIncome": 0,
    "interestExpense": 479000000,
    "depreciationAndAmortization": 756000000,
    "ebitda": 3157000000,
    "ebitdaratio": 0.2024886152,
    "operatingIncome": 2434000000,
    "operatingIncomeRatio": 0.1561157078,
    "totalOtherIncomeExpensesNet": -512000000,
    "incomeBeforeTax": 1922000000,
    "incomeBeforeTaxRatio": 0.1232762491,
    "incomeTaxExpense": 379000000,
    "netIncome": 1363000000,
    "netIncomeRatio": 0.0874222308,
    "eps": 4.92,
    "epsdiluted": 4.85,
    "weightedAverageShsOut": 276910000,
    "weightedAverageShsOutDil": 280961000,
    "link": "https://www.sec.gov/Archives/edgar/data/860730/000095017023015314/0000950170-23-015314-index.htm",
    "finalLink": "https://www.sec.gov/Archives/edgar/data/860730/000095017023015314/hca-20230331.htm"
  },
  {
    "date": "2022-12-31",
    "symbol": "HCA",
    "reportedCurrency": "USD",
    "cik": "0000860730",
    "fillingDate": "2023-02-17",
    "acceptedDate": "2023-02-17 17:12:43",
    "calendarYear": "2022",
    "period": "Q4",
    "revenue": 15497000000,
    "costOfRevenue": 13084000000,
    "grossProfit": 2413000000,
    "grossProfitRatio": 0.1557075563,
    "researchAndDevelopmentExpenses": 0,
    "generalAndAdministrativeExpenses": 0,
    "sellingAndMarketingExpenses": 0,
    "sellingGeneralAndAdministrativeExpenses": 0,
    "otherExpenses": 0,
    "operatingExpenses": 0,
    "costAndExpenses": 13084000000,
    "interestIncome": 0,
    "interestExpense": 455000000,
    "depreciationAndAmortization": 750000000,
    "ebitda": 4507000000,
    "ebitdaratio": 0.2908304833,
    "operatingIncome": 2413000000,
    "operatingIncomeRatio": 0.1557075563,
    "totalOtherIncomeExpensesNet": 889000000,
    "incomeBeforeTax": 3302000000,
    "incomeBeforeTaxRatio": 0.2130734981,
    "incomeTaxExpense": 656000000,
    "netIncome": 2081000000,
    "netIncomeRatio": 0.134284055,
    "eps": 7.5,
    "epsdiluted": 7.28,
    "weightedAverageShsOut": 277378300,
    "weightedAverageShsOutDil": 285663000,
    "link": "https://www.sec.gov/Archives/edgar/data/860730/000095017023003234/0000950170-23-003234-index.htm",
    "finalLink": "https://www.sec.gov/Archives/edgar/data/860730/000095017023003234/hca-20221231.htm"
  },
  {
    "date": "2022-09-30",
    "symbol": "HCA",
    "reportedCurrency": "USD",
    "cik": "0000860730",
    "fillingDate": "2022-11-01",
    "acceptedDate": "2022-11-01 16:31:49",
    "calendarYear": "2022",
    "period": "Q3",
    "revenue": 14971000000,
    "costOfRevenue": 12828000000,
    "grossProfit": 2143000000,
    "grossProfitRatio": 0.1431434106,
    "researchAndDevelopmentExpenses": 0,
    "generalAndAdministrativeExpenses": 0,
    "sellingAndMarketingExpenses": 0,
    "sellingGeneralAndAdministrativeExpenses": 0,
    "otherExpenses": 0,
    "operatingExpenses": 0,
    "costAndExpenses": 12828000000,
    "interestIncome": 0,
    "interestExpense": 446000000,
    "depreciationAndAmortization": 749000000,
    "ebitda": 2899000000,
    "ebitdaratio": 0.1936410393,
    "operatingIncome": 2143000000,
    "operatingIncomeRatio": 0.1431434106,
    "totalOtherIncomeExpensesNet": -439000000,
    "incomeBeforeTax": 1704000000,
    "incomeBeforeTaxRatio": 0.1138200521,
    "incomeTaxExpense": 360000000,
    "netIncome": 1134000000,
    "netIncomeRatio": 0.0757464431,
    "eps": 3.97,
    "epsdiluted": 3.91,
    "weightedAverageShsOut": 285958000,
    "weightedAverageShsOutDil": 289852000,
    "link": "https://www.sec.gov/Archives/edgar/data/860730/000095017022020865/0000950170-22-020865-index.htm",
    "finalLink": "https://www.sec.gov/Archives/edgar/data/860730/000095017022020865/hca-20220930.htm"
  },
  {
    "date": "2022-06-30",
    "symbol": "HCA",
    "reportedCurrency": "USD",
    "cik": "0000860730",
    "fillingDate": "2022-08-01",
    "acceptedDate": "2022-08-01 16:31:53",
    "calendarYear": "2022",
    "period": "Q2",
    "revenue": 14820000000,
    "costOfRevenue": 12524000000,
    "grossProfit": 2296000000,
    "grossProfitRatio": 0.154925776,
    "researchAndDevelopmentExpenses": 0,
    "generalAndAdministrativeExpenses": 0,
    "sellingAndMarketingExpenses": 0,
    "sellingGeneralAndAdministrativeExpenses": 0,
    "otherExpenses": 0,
    "operatingExpenses": 0,
    "costAndExpenses": 12524000000,
    "interestIncome": 0,
    "interestExpense": 432000000,
    "depreciationAndAmortization": 738000000,
    "ebitda": 2930000000,
    "ebitdaratio": 0.197705803,
    "operatingIncome": 2296000000,
    "operatingIncomeRatio": 0.154925776,
    "totalOtherIncomeExpensesNet": -536000000,
    "incomeBeforeTax": 1760000000,
    "incomeBeforeTaxRatio": 0.1187584345,
    "incomeTaxExpense": 381000000,
    "netIncome": 1155000000,
    "netIncomeRatio": 0.0779352227,
    "eps": 3.95,
    "epsdiluted": 3.9,
    "weightedAverageShsOut": 292527000,
    "weightedAverageShsOutDil": 296061000,
    "link": "https://www.sec.gov/Archives/edgar/data/860730/000095017022013683/0000950170-22-013683-index.htm",
    "finalLink": "https://www.sec.gov/Archives/edgar/data/860730/000095017022013683/hca-20220630.htm"
  },
  {
    "date": "2022-03-31",
    "symbol": "HCA",
    "reportedCurrency": "USD",
    "cik": "0000860730",
    "fillingDate": "2022-05-03",
    "acceptedDate": "2022-05-03 16:31:46",
    "calendarYear": "2022",
    "period": "Q1",
    "revenue": 14945000000,
    "costOfRevenue": 12744000000,
    "grossProfit": 2201000000,
    "grossProfitRatio": 0.1472733356,
    "researchAndDevelopmentExpenses": 0,
    "generalAndAdministrativeExpenses": 0,
    "sellingAndMarketingExpenses": 0,
    "sellingGeneralAndAdministrativeExpenses": 0,
    "otherExpenses": 0,
    "operatingExpenses": 0,
    "costAndExpenses": 12744000000,
    "interestIncome": 0,
    "interestExpense": 406000000,
    "depreciationAndAmortization": 732000000,
    "ebitda": 2952000000,
    "ebitdaratio": 0.1975242556,
    "operatingIncome": 2201000000,
    "operatingIncomeRatio": 0.1472733356,
    "totalOtherIncomeExpensesNet": -387000000,
    "incomeBeforeTax": 1814000000,
    "incomeBeforeTaxRatio": 0.1213783874,
    "incomeTaxExpense": 349000000,
    "netIncome": 1273000000,
    "netIncomeRatio": 0.0851789896,
    "eps": 4.21,
    "epsdiluted": 4.14,
    "weightedAverageShsOut": 302446000,
    "weightedAverageShsOutDil": 307374000,
    "link": "https://www.sec.gov/Archives/edgar/data/860730/000095017022007089/0000950170-22-007089-index.htm",
    "finalLink": "https://www.sec.gov/Archives/edgar/data/860730/000095017022007089/hca-20220331.htm"
  },
  {
    "date": "2021-12-31",
    "symbol": "HCA",
    "reportedCurrency": "USD",
    "cik": "0000860730",
    "fillingDate": "2022-02-18",
    "acceptedDate": "2022-02-18 17:01:34",
    "calendarYear": "2021",
    "period": "Q4",
    "revenue": 15064000000,
    "costOfRevenue": 12678000000,
    "grossProfit": 2386000000,
    "grossProfitRatio": 0.1583908656,
    "researchAndDevelopmentExpenses": 0,
    "generalAndAdministrativeExpenses": 0,
    "sellingAndMarketingExpenses": 0,
    "sellingGeneralAndAdministrativeExpenses": 0,
    "otherExpenses": 0,
    "operatingExpenses": 0,
    "costAndExpenses": 12678000000,
    "interestIncome": 0,
    "interestExpense": 389000000,
    "depreciationAndAmortization": 728000000,
    "ebitda": 3703000000,
    "ebitdaratio": 0.2458178439,
    "operatingIncome": 2386000000,
    "operatingIncomeRatio": 0.1583908656,
    "totalOtherIncomeExpensesNet": 200000000,
    "incomeBeforeTax": 2586000000,
    "incomeBeforeTaxRatio": 0.1716675518,
    "incomeTaxExpense": 581000000,
    "netIncome": 1814000000,
    "netIncomeRatio": 0.1204195433,
    "eps": 5.94,
    "epsdiluted": 5.75,
    "weightedAverageShsOut": 305476800,
    "weightedAverageShsOutDil": 315418000,
    "link": "https://www.sec.gov/Archives/edgar/data/860730/000119312522046707/0001193125-22-046707-index.htm",
    "finalLink": "https://www.sec.gov/Archives/edgar/data/860730/000119312522046707/d32297d10k.htm"
  },
  {
    "date": "2021-09-30",
    "symbol": "HCA",
    "reportedCurrency": "USD",
    "cik": "0000860730",
    "fillingDate": "2021-11-01",
    "acceptedDate": "2021-11-01 16:30:28",
    "calendarYear": "2021",
    "period": "Q3",
    "revenue": 15276000000,
    "costOfRevenue": 12803000000,
    "grossProfit": 2473000000,
    "grossProfitRatio": 0.1618879288,
    "researchAndDevelopmentExpenses": 0,
    "generalAndAdministrativeExpenses": 0,
    "sellingAndMarketingExpenses": 0,
    "sellingGeneralAndAdministrativeExpenses": 0,
    "otherExpenses": 0,
    "operatingExpenses": 0,
    "costAndExpenses": 12803000000,
    "interestIncome": 0,
    "interestExpense": 388000000,
    "depreciationAndAmortization": 716000000,
    "ebitda": 4261000000,
    "ebitdaratio": 0.278934276,
    "operatingIncome": 2473000000,
    "operatingIncomeRatio": 0.1618879288,
    "totalOtherIncomeExpensesNet": 684000000,
    "incomeBeforeTax": 3157000000,
    "incomeBeforeTaxRatio": 0.2066640482,
    "incomeTaxExpense": 685000000,
    "netIncome": 2269000000,
    "netIncomeRatio": 0.1485336476,
    "eps": 7.13,
    "epsdiluted": 7,
    "weightedAverageShsOut": 318072000,
    "weightedAverageShsOutDil": 324029000,
    "link": "https://www.sec.gov/Archives/edgar/data/860730/000119312521315476/0001193125-21-315476-index.htm",
    "finalLink": "https://www.sec.gov/Archives/edgar/data/860730/000119312521315476/d232147d10q.htm"
  },
  {
    "date": "2021-06-30",
    "symbol": "HCA",
    "reportedCurrency": "USD",
    "cik": "0000860730",
    "fillingDate": "2021-08-02",
    "acceptedDate": "2021-08-02 16:37:29",
    "calendarYear": "2021",
    "period": "Q2",
    "revenue": 14435000000,
    "costOfRevenue": 11950000000,
    "grossProfit": 2485000000,
    "grossProfitRatio": 0.1721510218,
    "researchAndDevelopmentExpenses": 0,
    "generalAndAdministrativeExpenses": 0,
    "sellingAndMarketingExpenses": 0,
    "sellingGeneralAndAdministrativeExpenses": 0,
    "otherExpenses": 0,
    "operatingExpenses": 0,
    "costAndExpenses": 11950000000,
    "interestIncome": 0,
    "interestExpense": 377000000,
    "depreciationAndAmortization": 712000000,
    "ebitda": 3206000000,
    "ebitdaratio": 0.2220990648,
    "operatingIncome": 2485000000,
    "operatingIncomeRatio": 0.1721510218,
    "totalOtherIncomeExpensesNet": -368000000,
    "incomeBeforeTax": 2117000000,
    "incomeBeforeTaxRatio": 0.1466574299,
    "incomeTaxExpense": 453000000,
    "netIncome": 1450000000,
    "netIncomeRatio": 0.1004502944,
    "eps": 4.42,
    "epsdiluted": 4.36,
    "weightedAverageShsOut": 328171000,
    "weightedAverageShsOutDil": 332613000,
    "link": "https://www.sec.gov/Archives/edgar/data/860730/000119312521233345/0001193125-21-233345-index.htm",
    "finalLink": "https://www.sec.gov/Archives/edgar/data/860730/000119312521233345/d153845d10q.htm"
  },
  {
    "date": "2021-03-31",
    "symbol": "HCA",
    "reportedCurrency": "USD",
    "cik": "0000860730",
    "fillingDate": "2021-04-30",
    "acceptedDate": "2021-04-30 16:38:27",
    "calendarYear": "2021",
    "period": "Q1",
    "revenue": 13977000000,
    "costOfRevenue": 11643000000,
    "grossProfit": 2334000000,
    "grossProfitRatio": 0.1669886242,
    "researchAndDevelopmentExpenses": 0,
    "generalAndAdministrativeExpenses": 0,
    "sellingAndMarketingExpenses": 0,
    "sellingGeneralAndAdministrativeExpenses": 0,
    "otherExpenses": 0,
    "operatingExpenses": 0,
    "costAndExpenses": 11643000000,
    "interestIncome": 0,
    "interestExpense": 393000000,
    "depreciationAndAmortization": 697000000,
    "ebitda": 3063000000,
    "ebitdaratio": 0.2191457394,
    "operatingIncome": 2334000000,
    "operatingIncomeRatio": 0.1669886242,
    "totalOtherIncomeExpensesNet": -361000000,
    "incomeBeforeTax": 1973000000,
    "incomeBeforeTaxRatio": 0.1411604779,
    "incomeTaxExpense": 393000000,
    "netIncome": 1423000000,
    "netIncomeRatio": 0.1018101166,
    "eps": 4.21,
    "epsdiluted": 4.14,
    "weightedAverageShsOut": 338123000,
    "weightedAverageShsOutDil": 343321000,
    "link": "https://www.sec.gov/Archives/edgar/data/860730/000119312521145306/0001193125-21-145306-index.htm",
    "finalLink": "https://www.sec.gov/Archives/edgar/data/860730/000119312521145306/d56101d10q.htm"
  },
  {
    "date": "2020-12-31",
    "symbol": "HCA",
    "reportedCurrency": "USD",
    "cik": "0000860730",
    "fillingDate": "2021-02-19",
    "acceptedDate": "2021-02-19 16:28:21",
    "calendarYear": "2020",
    "period": "Q4",
    "revenue": 14293000000,
    "costOfRevenue": 11843000000,
    "grossProfit": 2450000000,
    "grossProfitRatio": 0.1714125796,
    "researchAndDevelopmentExpenses": 0,
    "generalAndAdministrativeExpenses": 0,
    "sellingAndMarketingExpenses": 0,
    "sellingGeneralAndAdministrativeExpenses": 0,
    "otherExpenses": 0,
    "operatingExpenses": 0,
    "costAndExpenses": 11843000000,
    "interestIncome": 0,
    "interestExpense": 374000000,
    "depreciationAndAmortization": 662000000,
    "ebitda": 3108000000,
    "ebitdaratio": 0.217449101,
    "operatingIncome": 2450000000,
    "operatingIncomeRatio": 0.1714125796,
    "totalOtherIncomeExpensesNet": -378000000,
    "incomeBeforeTax": 2072000000,
    "incomeBeforeTaxRatio": 0.1449660673,
    "incomeTaxExpense": 378000000,
    "netIncome": 1426000000,
    "netIncomeRatio": 0.0997691177,
    "eps": 4.2,
    "epsdiluted": 4.13,
    "weightedAverageShsOut": 339425600,
    "weightedAverageShsOutDil": 345374000,
    "link": "https://www.sec.gov/Archives/edgar/data/860730/000119312521048994/0001193125-21-048994-index.htm",
    "finalLink": "https://www.sec.gov/Archives/edgar/data/860730/000119312521048994/d37951d10k.htm"
  },
  {
    "date": "2020-09-30",
    "symbol": "HCA",
    "reportedCurrency": "USD",
    "cik": "0000860730",
    "fillingDate": "2020-10-29",
    "acceptedDate": "2020-10-29 16:22:59",
    "calendarYear": "2020",
    "period": "Q3",
    "revenue": 13311000000,
    "costOfRevenue": 11170000000,
    "grossProfit": 2141000000,
    "grossProfitRatio": 0.1608444144,
    "researchAndDevelopmentExpenses": 0,
    "generalAndAdministrativeExpenses": 0,
    "sellingAndMarketingExpenses": 0,
    "sellingGeneralAndAdministrativeExpenses": 0,
    "otherExpenses": 0,
    "operatingExpenses": 0,
    "costAndExpenses": 11170000000,
    "interestIncome": 0,
    "interestExpense": 376000000,
    "depreciationAndAmortization": 694000000,
    "ebitda": 2058000000,
    "ebitdaratio": 0.15460897,
    "operatingIncome": 2141000000,
    "operatingIncomeRatio": 0.1608444144,
    "totalOtherIncomeExpensesNet": -1153000000,
    "incomeBeforeTax": 988000000,
    "incomeBeforeTaxRatio": 0.0742243257,
    "incomeTaxExpense": 209000000,
    "netIncome": 668000000,
    "netIncomeRatio": 0.0501840583,
    "eps": 1.97,
    "epsdiluted": 1.95,
    "weightedAverageShsOut": 338370500,
    "weightedAverageShsOutDil": 343346000,
    "link": "https://www.sec.gov/Archives/edgar/data/860730/000119312520281070/0001193125-20-281070-index.htm",
    "finalLink": "https://www.sec.gov/Archives/edgar/data/860730/000119312520281070/d56785d10q.htm"
  },
  {
    "date": "2020-06-30",
    "symbol": "HCA",
    "reportedCurrency": "USD",
    "cik": "0000860730",
    "fillingDate": "2020-07-30",
    "acceptedDate": "2020-07-30 18:51:26",
    "calendarYear": "2020",
    "period": "Q2",
    "revenue": 11068000000,
    "costOfRevenue": 9916000000,
    "grossProfit": 1152000000,
    "grossProfitRatio": 0.1040838453,
    "researchAndDevelopmentExpenses": 0,
    "generalAndAdministrativeExpenses": 0,
    "sellingAndMarketingExpenses": 0,
    "sellingGeneralAndAdministrativeExpenses": 0,
    "otherExpenses": 0,
    "operatingExpenses": 0,
    "costAndExpenses": 9916000000,
    "interestIncome": 0,
    "interestExpense": 381000000,
    "depreciationAndAmortization": 691000000,
    "ebitda": 2632000000,
    "ebitdaratio": 0.2378026744,
    "operatingIncome": 1152000000,
    "operatingIncomeRatio": 0.1040838453,
    "totalOtherIncomeExpensesNet": 408000000,
    "incomeBeforeTax": 1560000000,
    "incomeBeforeTaxRatio": 0.1409468739,
    "incomeTaxExpense": 344000000,
    "netIncome": 1079000000,
    "netIncomeRatio": 0.0974882544,
    "eps": 3.19,
    "epsdiluted": 3.16,
    "weightedAverageShsOut": 337960400,
    "weightedAverageShsOutDil": 341599000,
    "link": "https://www.sec.gov/Archives/edgar/data/860730/000119312520204191/0001193125-20-204191-index.htm",
    "finalLink": "https://www.sec.gov/Archives/edgar/data/860730/000119312520204191/d860029d10q.htm"
  },
  {
    "date": "2020-03-31",
    "symbol": "HCA",
    "reportedCurrency": "USD",
    "cik": "0000860730",
    "fillingDate": "2020-05-06",
    "acceptedDate": "2020-05-06 17:04:18",
    "calendarYear": "2020",
    "period": "Q1",
    "revenue": 12861000000,
    "costOfRevenue": 11202000000,
    "grossProfit": 1659000000,
    "grossProfitRatio": 0.1289946349,
    "researchAndDevelopmentExpenses": 0,
    "generalAndAdministrativeExpenses": 0,
    "sellingAndMarketingExpenses": 0,
    "sellingGeneralAndAdministrativeExpenses": 0,
    "otherExpenses": 140000000,
    "operatingExpenses": 140000000,
    "costAndExpenses": 11342000000,
    "interestIncome": 0,
    "interestExpense": 429000000,
    "depreciationAndAmortization": 674000000,
    "ebitda": 1913000000,
    "ebitdaratio": 0.1487442656,
    "operatingIncome": 1519000000,
    "operatingIncomeRatio": 0.1181090117,
    "totalOtherIncomeExpensesNet": -709000000,
    "incomeBeforeTax": 810000000,
    "incomeBeforeTaxRatio": 0.0629811057,
    "incomeTaxExpense": 112000000,
    "netIncome": 581000000,
    "netIncomeRatio": 0.0451753363,
    "eps": 1.72,
    "epsdiluted": 1.69,
    "weightedAverageShsOut": 337607500,
    "weightedAverageShsOutDil": 344096000,
    "link": "https://www.sec.gov/Archives/edgar/data/860730/000119312520135021/0001193125-20-135021-index.htm",
    "finalLink": "https://www.sec.gov/Archives/edgar/data/860730/000119312520135021/d900877d10q.htm"
  },
  {
    "date": "2019-12-31",
    "symbol": "HCA",
    "reportedCurrency": "USD",
    "cik": "0000860730",
    "fillingDate": "2020-02-20",
    "acceptedDate": "2020-02-20 16:20:31",
    "calendarYear": "2019",
    "period": "Q4",
    "revenue": 13523000000,
    "costOfRevenue": 11360000000,
    "grossProfit": 2163000000,
    "grossProfitRatio": 0.1599497153,
    "researchAndDevelopmentExpenses": 0,
    "generalAndAdministrativeExpenses": 0,
    "sellingAndMarketingExpenses": 0,
    "sellingGeneralAndAdministrativeExpenses": 0,
    "otherExpenses": -139000000,
    "operatingExpenses": 139000000,
    "costAndExpenses": 11499000000,
    "interestIncome": 0,
    "interestExpense": 440000000,
    "depreciationAndAmortization": 694000000,
    "ebitda": 2741000000,
    "ebitdaratio": 0.2026917104,
    "operatingIncome": 2024000000,
    "operatingIncomeRatio": 0.149670931,
    "totalOtherIncomeExpensesNet": -417000000,
    "incomeBeforeTax": 1607000000,
    "incomeBeforeTaxRatio": 0.1188345781,
    "incomeTaxExpense": 334000000,
    "netIncome": 1071000000,
    "netIncomeRatio": 0.0791984027,
    "eps": 3.16,
    "epsdiluted": 3.09,
    "weightedAverageShsOut": 338445600,
    "weightedAverageShsOutDil": 346791000,
    "link": "https://www.sec.gov/Archives/edgar/data/860730/000119312520043524/0001193125-20-043524-index.htm",
    "finalLink": "https://www.sec.gov/Archives/edgar/data/860730/000119312520043524/d864235d10k.htm"
  },
  {
    "date": "2019-09-30",
    "symbol": "HCA",
    "reportedCurrency": "USD",
    "cik": "0000860730",
    "fillingDate": "2019-11-01",
    "acceptedDate": "2019-11-01 16:33:04",
    "calendarYear": "2019",
    "period": "Q3",
    "revenue": 12694000000,
    "costOfRevenue": 10971000000,
    "grossProfit": 1723000000,
    "grossProfitRatio": 0.1357334174,
    "researchAndDevelopmentExpenses": 0,
    "generalAndAdministrativeExpenses": 0,
    "sellingAndMarketingExpenses": 0,
    "sellingGeneralAndAdministrativeExpenses": 0,
    "otherExpenses": -89000000,
    "operatingExpenses": 89000000,
    "costAndExpenses": 11060000000,
    "interestIncome": 0,
    "interestExpense": 452000000,
    "depreciationAndAmortization": 647000000,
    "ebitda": 2078000000,
    "ebitdaratio": 0.1636993855,
    "operatingIncome": 1634000000,
    "operatingIncomeRatio": 0.128722231,
    "totalOtherIncomeExpensesNet": -655000000,
    "incomeBeforeTax": 979000000,
    "incomeBeforeTaxRatio": 0.0771230503,
    "incomeTaxExpense": 215000000,
    "netIncome": 612000000,
    "netIncomeRatio": 0.0482117536,
    "eps": 1.8,
    "epsdiluted": 1.76,
    "weightedAverageShsOut": 340053100,
    "weightedAverageShsOutDil": 347487000,
    "link": "https://www.sec.gov/Archives/edgar/data/860730/000119312519281996/0001193125-19-281996-index.htm",
    "finalLink": "https://www.sec.gov/Archives/edgar/data/860730/000119312519281996/d780498d10q.htm"
  },
  {
    "date": "2019-06-30",
    "symbol": "HCA",
    "reportedCurrency": "USD",
    "cik": "0000860730",
    "fillingDate": "2019-08-02",
    "acceptedDate": "2019-08-02 16:46:57",
    "calendarYear": "2019",
    "period": "Q2",
    "revenue": 12602000000,
    "costOfRevenue": 10820000000,
    "grossProfit": 1782000000,
    "grossProfitRatio": 0.141406126,
    "researchAndDevelopmentExpenses": 0,
    "generalAndAdministrativeExpenses": 0,
    "sellingAndMarketingExpenses": 0,
    "sellingGeneralAndAdministrativeExpenses": 0,
    "otherExpenses": -133000000,
    "operatingExpenses": 133000000,
    "costAndExpenses": 10953000000,
    "interestIncome": 0,
    "interestExpense": 483000000,
    "depreciationAndAmortization": 636000000,
    "ebitda": 2317000000,
    "ebitdaratio": 0.1838597048,
    "operatingIncome": 1649000000,
    "operatingIncomeRatio": 0.1308522457,
    "totalOtherIncomeExpensesNet": -451000000,
    "incomeBeforeTax": 1198000000,
    "incomeBeforeTaxRatio": 0.0950642755,
    "incomeTaxExpense": 271000000,
    "netIncome": 783000000,
    "netIncomeRatio": 0.0621329948,
    "eps": 2.29,
    "epsdiluted": 2.25,
    "weightedAverageShsOut": 341516800,
    "weightedAverageShsOutDil": 348373000,
    "link": "https://www.sec.gov/Archives/edgar/data/860730/000119312519212115/0001193125-19-212115-index.htm",
    "finalLink": "https://www.sec.gov/Archives/edgar/data/860730/000119312519212115/d757548d10q.htm"
  },
  {
    "date": "2019-03-31",
    "symbol": "HCA",
    "reportedCurrency": "USD",
    "cik": "0000860730",
    "fillingDate": "2019-05-03",
    "acceptedDate": "2019-05-02 17:54:49",
    "calendarYear": "2019",
    "period": "Q1",
    "revenue": 12517000000,
    "costOfRevenue": 10470000000,
    "grossProfit": 2047000000,
    "grossProfitRatio": 0.1635375889,
    "researchAndDevelopmentExpenses": 0,
    "generalAndAdministrativeExpenses": 0,
    "sellingAndMarketingExpenses": 0,
    "sellingGeneralAndAdministrativeExpenses": 0,
    "otherExpenses": -136000000,
    "operatingExpenses": 136000000,
    "costAndExpenses": 10606000000,
    "interestIncome": 0,
    "interestExpense": 466000000,
    "depreciationAndAmortization": 619000000,
    "ebitda": 2545000000,
    "ebitdaratio": 0.2033234801,
    "operatingIncome": 1911000000,
    "operatingIncomeRatio": 0.1526723656,
    "totalOtherIncomeExpensesNet": -451000000,
    "incomeBeforeTax": 1460000000,
    "incomeBeforeTaxRatio": 0.1166413677,
    "incomeTaxExpense": 279000000,
    "netIncome": 1039000000,
    "netIncomeRatio": 0.0830071103,
    "eps": 3.03,
    "epsdiluted": 2.97,
    "weightedAverageShsOut": 343030500,
    "weightedAverageShsOutDil": 350316000,
    "link": "https://www.sec.gov/Archives/edgar/data/860730/000119312519135292/0001193125-19-135292-index.htm",
    "finalLink": "https://www.sec.gov/Archives/edgar/data/860730/000119312519135292/d738201d10q.htm"
  },
  {
    "date": "2018-12-31",
    "symbol": "HCA",
    "reportedCurrency": "USD",
    "cik": "0000860730",
    "fillingDate": "2019-02-21",
    "acceptedDate": "2019-02-21 16:37:08",
    "calendarYear": "2018",
    "period": "Q4",
    "revenue": 12274000000,
    "costOfRevenue": 10351000000,
    "grossProfit": 1923000000,
    "grossProfitRatio": 0.1566726414,
    "researchAndDevelopmentExpenses": 0,
    "generalAndAdministrativeExpenses": 0,
    "sellingAndMarketingExpenses": 0,
    "sellingGeneralAndAdministrativeExpenses": 0,
    "otherExpenses": 0,
    "operatingExpenses": 0,
    "costAndExpenses": 10351000000,
    "interestIncome": 0,
    "interestExpense": 451000000,
    "depreciationAndAmortization": 581000000,
    "ebitda": 2521000000,
    "ebitdaratio": 0.2053935147,
    "operatingIncome": 1923000000,
    "operatingIncomeRatio": 0.1566726414,
    "totalOtherIncomeExpensesNet": -434000000,
    "incomeBeforeTax": 1489000000,
    "incomeBeforeTaxRatio": 0.1213133453,
    "incomeTaxExpense": 244000000,
    "netIncome": 1064000000,
    "netIncomeRatio": 0.0866873065,
    "eps": 3.1,
    "epsdiluted": 3.01,
    "weightedAverageShsOut": 342895200,
    "weightedAverageShsOutDil": 352876000,
    "link": "https://www.sec.gov/Archives/edgar/data/860730/000119312519047078/0001193125-19-047078-index.htm",
    "finalLink": "https://www.sec.gov/Archives/edgar/data/860730/000119312519047078/d676301d10k.htm"
  },
  {
    "date": "2018-09-30",
    "symbol": "HCA",
    "reportedCurrency": "USD",
    "cik": "0000860730",
    "fillingDate": "2018-11-06",
    "acceptedDate": "2018-11-06 16:48:22",
    "calendarYear": "2018",
    "period": "Q3",
    "revenue": 11451000000,
    "costOfRevenue": 9886000000,
    "grossProfit": 1565000000,
    "grossProfitRatio": 0.1366692865,
    "researchAndDevelopmentExpenses": 0,
    "generalAndAdministrativeExpenses": 0,
    "sellingAndMarketingExpenses": 0,
    "sellingGeneralAndAdministrativeExpenses": 0,
    "otherExpenses": -60000000,
    "operatingExpenses": 60000000,
    "costAndExpenses": 9946000000,
    "interestIncome": 0,
    "interestExpense": 445000000,
    "depreciationAndAmortization": 582000000,
    "ebitda": 2096000000,
    "ebitdaratio": 0.1830407825,
    "operatingIncome": 1505000000,
    "operatingIncomeRatio": 0.1314295695,
    "totalOtherIncomeExpensesNet": -436000000,
    "incomeBeforeTax": 1069000000,
    "incomeBeforeTaxRatio": 0.0933542922,
    "incomeTaxExpense": 173000000,
    "netIncome": 759000000,
    "netIncomeRatio": 0.0662824207,
    "eps": 2.2,
    "epsdiluted": 2.15,
    "weightedAverageShsOut": 345085800,
    "weightedAverageShsOutDil": 353639000,
    "link": "https://www.sec.gov/Archives/edgar/data/860730/000119312518319640/0001193125-18-319640-index.htm",
    "finalLink": "https://www.sec.gov/Archives/edgar/data/860730/000119312518319640/d635258d10q.htm"
  },
  {
    "date": "2018-06-30",
    "symbol": "HCA",
    "reportedCurrency": "USD",
    "cik": "0000860730",
    "fillingDate": "2018-08-03",
    "acceptedDate": "2018-08-03 16:44:10",
    "calendarYear": "2018",
    "period": "Q2",
    "revenue": 11529000000,
    "costOfRevenue": 9739000000,
    "grossProfit": 1790000000,
    "grossProfitRatio": 0.1552606471,
    "researchAndDevelopmentExpenses": 0,
    "generalAndAdministrativeExpenses": 0,
    "sellingAndMarketingExpenses": 0,
    "sellingGeneralAndAdministrativeExpenses": 0,
    "otherExpenses": -132000000,
    "operatingExpenses": 132000000,
    "costAndExpenses": 9871000000,
    "interestIncome": 0,
    "interestExpense": 436000000,
    "depreciationAndAmortization": 562000000,
    "ebitda": 2236000000,
    "ebitdaratio": 0.1939457021,
    "operatingIncome": 1658000000,
    "operatingIncomeRatio": 0.1438112586,
    "totalOtherIncomeExpensesNet": -420000000,
    "incomeBeforeTax": 1238000000,
    "incomeBeforeTaxRatio": 0.1073813861,
    "incomeTaxExpense": 272000000,
    "netIncome": 820000000,
    "netIncomeRatio": 0.0711249892,
    "eps": 2.36,
    "epsdiluted": 2.31,
    "weightedAverageShsOut": 346760200,
    "weightedAverageShsOutDil": 355039000,
    "link": "https://www.sec.gov/Archives/edgar/data/860730/000119312518238342/0001193125-18-238342-index.htm",
    "finalLink": "https://www.sec.gov/Archives/edgar/data/860730/000119312518238342/d554060d10q.htm"
  },
  {
    "date": "2018-03-31",
    "symbol": "HCA",
    "reportedCurrency": "USD",
    "cik": "0000860730",
    "fillingDate": "2018-05-08",
    "acceptedDate": "2018-05-08 16:37:19",
    "calendarYear": "2018",
    "period": "Q1",
    "revenue": 11423000000,
    "costOfRevenue": 9747000000,
    "grossProfit": 1676000000,
    "grossProfitRatio": 0.1467215267,
    "researchAndDevelopmentExpenses": 0,
    "generalAndAdministrativeExpenses": 0,
    "sellingAndMarketingExpenses": 0,
    "sellingGeneralAndAdministrativeExpenses": 0,
    "otherExpenses": -120000000,
    "operatingExpenses": 120000000,
    "costAndExpenses": 9867000000,
    "interestIncome": 0,
    "interestExpense": 431000000,
    "depreciationAndAmortization": 553000000,
    "ebitda": 2523000000,
    "ebitdaratio": 0.2208701742,
    "operatingIncome": 1556000000,
    "operatingIncomeRatio": 0.1362164055,
    "totalOtherIncomeExpensesNet": -17000000,
    "incomeBeforeTax": 1539000000,
    "incomeBeforeTaxRatio": 0.13472818,
    "incomeTaxExpense": 257000000,
    "netIncome": 1144000000,
    "netIncomeRatio": 0.1001488226,
    "eps": 3.26,
    "epsdiluted": 3.18,
    "weightedAverageShsOut": 350987500,
    "weightedAverageShsOutDil": 359749000,
    "link": "https://www.sec.gov/Archives/edgar/data/860730/000119312518156060/0001193125-18-156060-index.htm",
    "finalLink": "https://www.sec.gov/Archives/edgar/data/860730/000119312518156060/d572293d10q.htm"
  },
  {
    "date": "2017-12-31",
    "symbol": "HCA",
    "reportedCurrency": "USD",
    "cik": "0000860730",
    "fillingDate": "2018-02-23",
    "acceptedDate": "2018-02-23 16:41:25",
    "calendarYear": "2017",
    "period": "Q4",
    "revenue": 11562000000,
    "costOfRevenue": 9759000000,
    "grossProfit": 1803000000,
    "grossProfitRatio": 0.1559418786,
    "researchAndDevelopmentExpenses": 0,
    "generalAndAdministrativeExpenses": 0,
    "sellingAndMarketingExpenses": 0,
    "sellingGeneralAndAdministrativeExpenses": 0,
    "otherExpenses": 0,
    "operatingExpenses": 0,
    "costAndExpenses": 9759000000,
    "interestIncome": 0,
    "interestExpense": 430000000,
    "depreciationAndAmortization": 550000000,
    "ebitda": 2357000000,
    "ebitdaratio": 0.2038574641,
    "operatingIncome": 1803000000,
    "operatingIncomeRatio": 0.1559418786,
    "totalOtherIncomeExpensesNet": -426000000,
    "incomeBeforeTax": 1377000000,
    "incomeBeforeTaxRatio": 0.119097042,
    "incomeTaxExpense": 736000000,
    "netIncome": 474000000,
    "netIncomeRatio": 0.0409963674,
    "eps": 1.35,
    "epsdiluted": 1.3,
    "weightedAverageShsOut": 350091600,
    "weightedAverageShsOutDil": 363943000,
    "link": "https://www.sec.gov/Archives/edgar/data/860730/000119312518056057/0001193125-18-056057-index.htm",
    "finalLink": "https://www.sec.gov/Archives/edgar/data/860730/000119312518056057/d490041d10k.htm"
  },
  {
    "date": "2017-09-30",
    "symbol": "HCA",
    "reportedCurrency": "USD",
    "cik": "0000860730",
    "fillingDate": "2017-11-07",
    "acceptedDate": "2017-11-07 16:21:06",
    "calendarYear": "2017",
    "period": "Q3",
    "revenue": 10696000000,
    "costOfRevenue": 9356000000,
    "grossProfit": 1340000000,
    "grossProfitRatio": 0.1252804787,
    "researchAndDevelopmentExpenses": 0,
    "generalAndAdministrativeExpenses": 0,
    "sellingAndMarketingExpenses": 0,
    "sellingGeneralAndAdministrativeExpenses": 0,
    "otherExpenses": -116000000,
    "operatingExpenses": 116000000,
    "costAndExpenses": 9472000000,
    "interestIncome": 0,
    "interestExpense": 423000000,
    "depreciationAndAmortization": 539000000,
    "ebitda": 1740000000,
    "ebitdaratio": 0.1626776365,
    "operatingIncome": 1224000000,
    "operatingIncomeRatio": 0.1144353029,
    "totalOtherIncomeExpensesNet": -446000000,
    "incomeBeforeTax": 778000000,
    "incomeBeforeTaxRatio": 0.072737472,
    "incomeTaxExpense": 248000000,
    "netIncome": 426000000,
    "netIncomeRatio": 0.0398279731,
    "eps": 1.19,
    "epsdiluted": 1.15,
    "weightedAverageShsOut": 356979800,
    "weightedAverageShsOutDil": 369834000,
    "link": "https://www.sec.gov/Archives/edgar/data/860730/000119312517335751/0001193125-17-335751-index.htm",
    "finalLink": "https://www.sec.gov/Archives/edgar/data/860730/000119312517335751/d433901d10q.htm"
  },
  {
    "date": "2017-06-30",
    "symbol": "HCA",
    "reportedCurrency": "USD",
    "cik": "0000860730",
    "fillingDate": "2017-08-04",
    "acceptedDate": "2017-08-04 16:35:16",
    "calendarYear": "2017",
    "period": "Q2",
    "revenue": 10733000000,
    "costOfRevenue": 9059000000,
    "grossProfit": 1674000000,
    "grossProfitRatio": 0.1559675766,
    "researchAndDevelopmentExpenses": 0,
    "generalAndAdministrativeExpenses": 0,
    "sellingAndMarketingExpenses": 0,
    "sellingGeneralAndAdministrativeExpenses": 0,
    "otherExpenses": -118000000,
    "operatingExpenses": 118000000,
    "costAndExpenses": 9177000000,
    "interestIncome": 0,
    "interestExpense": 405000000,
    "depreciationAndAmortization": 521000000,
    "ebitda": 2086000000,
    "ebitdaratio": 0.1943538619,
    "operatingIncome": 1556000000,
    "operatingIncomeRatio": 0.1449734464,
    "totalOtherIncomeExpensesNet": -396000000,
    "incomeBeforeTax": 1160000000,
    "incomeBeforeTaxRatio": 0.1080778906,
    "incomeTaxExpense": 365000000,
    "netIncome": 657000000,
    "netIncomeRatio": 0.0612130812,
    "eps": 1.81,
    "epsdiluted": 1.75,
    "weightedAverageShsOut": 362895000,
    "weightedAverageShsOutDil": 375338000,
    "link": "https://www.sec.gov/Archives/edgar/data/860730/000119312517248794/0001193125-17-248794-index.htm",
    "finalLink": "https://www.sec.gov/Archives/edgar/data/860730/000119312517248794/d398462d10q.htm"
  },
  {
    "date": "2017-03-31",
    "symbol": "HCA",
    "reportedCurrency": "USD",
    "cik": "0000860730",
    "fillingDate": "2017-05-09",
    "acceptedDate": "2017-05-09 17:04:13",
    "calendarYear": "2017",
    "period": "Q1",
    "revenue": 10623000000,
    "costOfRevenue": 9030000000,
    "grossProfit": 1593000000,
    "grossProfitRatio": 0.1499576391,
    "researchAndDevelopmentExpenses": 0,
    "generalAndAdministrativeExpenses": 0,
    "sellingAndMarketingExpenses": 0,
    "sellingGeneralAndAdministrativeExpenses": 0,
    "otherExpenses": -119000000,
    "operatingExpenses": 119000000,
    "costAndExpenses": 9149000000,
    "interestIncome": 0,
    "interestExpense": 412000000,
    "depreciationAndAmortization": 521000000,
    "ebitda": 1999000000,
    "ebitdaratio": 0.1881765979,
    "operatingIncome": 1474000000,
    "operatingIncomeRatio": 0.1387555305,
    "totalOtherIncomeExpensesNet": -408000000,
    "incomeBeforeTax": 1066000000,
    "incomeBeforeTaxRatio": 0.1003483009,
    "incomeTaxExpense": 289000000,
    "netIncome": 659000000,
    "netIncomeRatio": 0.0620352066,
    "eps": 1.79,
    "epsdiluted": 1.74,
    "weightedAverageShsOut": 368694700,
    "weightedAverageShsOutDil": 379980000,
    "link": "https://www.sec.gov/Archives/edgar/data/860730/000119312517164353/0001193125-17-164353-index.htm",
    "finalLink": "https://www.sec.gov/Archives/edgar/data/860730/000119312517164353/d327978d10q.htm"
  },
  {
    "date": "2016-12-31",
    "symbol": "HCA",
    "reportedCurrency": "USD",
    "cik": "0000860730",
    "fillingDate": "2017-02-22",
    "acceptedDate": "2017-02-22 17:15:27",
    "calendarYear": "2016",
    "period": "Q4",
    "revenue": 10641000000,
    "costOfRevenue": 8950000000,
    "grossProfit": 1691000000,
    "grossProfitRatio": 0.1589136359,
    "researchAndDevelopmentExpenses": 0,
    "generalAndAdministrativeExpenses": 0,
    "sellingAndMarketingExpenses": 0,
    "sellingGeneralAndAdministrativeExpenses": 0,
    "otherExpenses": 0,
    "operatingExpenses": 0,
    "costAndExpenses": 8950000000,
    "interestIncome": 0,
    "interestExpense": 407000000,
    "depreciationAndAmortization": 503000000,
    "ebitda": 2475000000,
    "ebitdaratio": 0.2325909219,
    "operatingIncome": 1691000000,
    "operatingIncomeRatio": 0.1589136359,
    "totalOtherIncomeExpensesNet": -126000000,
    "incomeBeforeTax": 1565000000,
    "incomeBeforeTaxRatio": 0.1470726435,
    "incomeTaxExpense": 480000000,
    "netIncome": 920000000,
    "netIncomeRatio": 0.0864580397,
    "eps": 2.48,
    "epsdiluted": 2.39,
    "weightedAverageShsOut": 370535900,
    "weightedAverageShsOutDil": 384747000,
    "link": "https://www.sec.gov/Archives/edgar/data/860730/000119312517052253/0001193125-17-052253-index.htm",
    "finalLink": "https://www.sec.gov/Archives/edgar/data/860730/000119312517052253/d299981d10k.htm"
  },
  {
    "date": "2016-09-30",
    "symbol": "HCA",
    "reportedCurrency": "USD",
    "cik": "0000860730",
    "fillingDate": "2016-11-03",
    "acceptedDate": "2016-11-03 16:21:21",
    "calendarYear": "2016",
    "period": "Q3",
    "revenue": 10270000000,
    "costOfRevenue": 8725000000,
    "grossProfit": 1545000000,
    "grossProfitRatio": 0.1504381694,
    "researchAndDevelopmentExpenses": 0,
    "generalAndAdministrativeExpenses": 0,
    "sellingAndMarketingExpenses": 0,
    "sellingGeneralAndAdministrativeExpenses": 0,
    "otherExpenses": -106000000,
    "operatingExpenses": 106000000,
    "costAndExpenses": 8831000000,
    "interestIncome": 0,
    "interestExpense": 404000000,
    "depreciationAndAmortization": 495000000,
    "ebitda": 1917000000,
    "ebitdaratio": 0.1866601753,
    "operatingIncome": 1439000000,
    "operatingIncomeRatio": 0.1401168452,
    "totalOtherIncomeExpensesNet": -421000000,
    "incomeBeforeTax": 1018000000,
    "incomeBeforeTaxRatio": 0.0991236611,
    "incomeTaxExpense": 273000000,
    "netIncome": 618000000,
    "netIncomeRatio": 0.0601752678,
    "eps": 1.64,
    "epsdiluted": 1.59,
    "weightedAverageShsOut": 376140800,
    "weightedAverageShsOutDil": 389592000,
    "link": "https://www.sec.gov/Archives/edgar/data/860730/000119312516758862/0001193125-16-758862-index.htm",
    "finalLink": "https://www.sec.gov/Archives/edgar/data/860730/000119312516758862/d254682d10q.htm"
  },
  {
    "date": "2016-06-30",
    "symbol": "HCA",
    "reportedCurrency": "USD",
    "cik": "0000860730",
    "fillingDate": "2016-08-04",
    "acceptedDate": "2016-08-04 16:32:13",
    "calendarYear": "2016",
    "period": "Q2",
    "revenue": 10319000000,
    "costOfRevenue": 1718000000,
    "grossProfit": 8601000000,
    "grossProfitRatio": 0.8335109991,
    "researchAndDevelopmentExpenses": 0,
    "generalAndAdministrativeExpenses": 4691000000,
    "sellingAndMarketingExpenses": 0,
    "sellingGeneralAndAdministrativeExpenses": 4691000000,
    "otherExpenses": 2357000000,
    "operatingExpenses": 7048000000,
    "costAndExpenses": 8766000000,
    "interestIncome": 0,
    "interestExpense": 427000000,
    "depreciationAndAmortization": 489000000,
    "ebitda": 2042000000,
    "ebitdaratio": 0.1978873922,
    "operatingIncome": 1553000000,
    "operatingIncomeRatio": 0.1504990794,
    "totalOtherIncomeExpensesNet": -421000000,
    "incomeBeforeTax": 1132000000,
    "incomeBeforeTaxRatio": 0.1097005524,
    "incomeTaxExpense": 341000000,
    "netIncome": 658000000,
    "netIncomeRatio": 0.0637658688,
    "eps": 1.73,
    "epsdiluted": 1.65,
    "weightedAverageShsOut": 380061600,
    "weightedAverageShsOutDil": 398659000,
    "link": "https://www.sec.gov/Archives/edgar/data/860730/000119312516671884/0001193125-16-671884-index.htm",
    "finalLink": "https://www.sec.gov/Archives/edgar/data/860730/000119312516671884/d155084d10q.htm"
  },
  {
    "date": "2016-03-31",
    "symbol": "HCA",
    "reportedCurrency": "USD",
    "cik": "0000860730",
    "fillingDate": "2016-05-06",
    "acceptedDate": "2016-05-06 17:16:50",
    "calendarYear": "2016",
    "period": "Q1",
    "revenue": 10260000000,
    "costOfRevenue": 1714000000,
    "grossProfit": 8546000000,
    "grossProfitRatio": 0.8329434698,
    "researchAndDevelopmentExpenses": 0,
    "generalAndAdministrativeExpenses": 4702000000,
    "sellingAndMarketingExpenses": 0,
    "sellingGeneralAndAdministrativeExpenses": 4702000000,
    "otherExpenses": 2332000000,
    "operatingExpenses": 7034000000,
    "costAndExpenses": 8748000000,
    "interestIncome": 0,
    "interestExpense": 416000000,
    "depreciationAndAmortization": 479000000,
    "ebitda": 1990000000,
    "ebitdaratio": 0.193957115,
    "operatingIncome": 1512000000,
    "operatingIncomeRatio": 0.1473684211,
    "totalOtherIncomeExpensesNet": -417000000,
    "incomeBeforeTax": 1095000000,
    "incomeBeforeTaxRatio": 0.1067251462,
    "incomeTaxExpense": 284000000,
    "netIncome": 694000000,
    "netIncomeRatio": 0.0676413255,
    "eps": 1.76,
    "epsdiluted": 1.69,
    "weightedAverageShsOut": 393650000,
    "weightedAverageShsOutDil": 410575000,
    "link": "https://www.sec.gov/Archives/edgar/data/860730/000119312516582196/0001193125-16-582196-index.htm",
    "finalLink": "https://www.sec.gov/Archives/edgar/data/860730/000119312516582196/d185324d10q.htm"
  },
  {
    "date": "2015-12-31",
    "symbol": "HCA",
    "reportedCurrency": "USD",
    "cik": "0000860730",
    "fillingDate": "2016-02-26",
    "acceptedDate": "2016-02-26 16:56:58",
    "calendarYear": "2015",
    "period": "Q4",
    "revenue": 10249000000,
    "costOfRevenue": 1686000000,
    "grossProfit": 8563000000,
    "grossProfitRatio": 0.835496146,
    "researchAndDevelopmentExpenses": 0,
    "generalAndAdministrativeExpenses": 4606000000,
    "sellingAndMarketingExpenses": 0,
    "sellingGeneralAndAdministrativeExpenses": 4606000000,
    "otherExpenses": 2314000000,
    "operatingExpenses": 6920000000,
    "costAndExpenses": 8606000000,
    "interestIncome": 0,
    "interestExpense": 410000000,
    "depreciationAndAmortization": 480000000,
    "ebitda": 2123000000,
    "ebitdaratio": 0.2071421602,
    "operatingIncome": 1643000000,
    "operatingIncomeRatio": 0.1603083228,
    "totalOtherIncomeExpensesNet": -591000000,
    "incomeBeforeTax": 1052000000,
    "incomeBeforeTaxRatio": 0.1026441604,
    "incomeTaxExpense": 314000000,
    "netIncome": 582000000,
    "netIncomeRatio": 0.0567860279,
    "eps": 1.46,
    "epsdiluted": 1.4,
    "weightedAverageShsOut": 398738700,
    "weightedAverageShsOutDil": 415918000,
    "link": "https://www.sec.gov/Archives/edgar/data/860730/000119312516482165/0001193125-16-482165-index.htm",
    "finalLink": "https://www.sec.gov/Archives/edgar/data/860730/000119312516482165/d93001d10k.htm"
  },
  {
    "date": "2015-09-30",
    "symbol": "HCA",
    "reportedCurrency": "USD",
    "cik": "0000860730",
    "fillingDate": "2015-10-29",
    "acceptedDate": "2015-10-29 16:55:32",
    "calendarYear": "2015",
    "period": "Q3",
    "revenue": 9856000000,
    "costOfRevenue": 1644000000,
    "grossProfit": 8212000000,
    "grossProfitRatio": 0.8331980519,
    "researchAndDevelopmentExpenses": 0,
    "generalAndAdministrativeExpenses": 4619000000,
    "sellingAndMarketingExpenses": 0,
    "sellingGeneralAndAdministrativeExpenses": 4619000000,
    "otherExpenses": 2269000000,
    "operatingExpenses": 6888000000,
    "costAndExpenses": 8532000000,
    "interestIncome": 0,
    "interestExpense": 411000000,
    "depreciationAndAmortization": 482000000,
    "ebitda": 1806000000,
    "ebitdaratio": 0.1832386364,
    "operatingIncome": 1324000000,
    "operatingIncomeRatio": 0.1343344156,
    "totalOtherIncomeExpensesNet": -481000000,
    "incomeBeforeTax": 843000000,
    "incomeBeforeTaxRatio": 0.0855316558,
    "incomeTaxExpense": 270000000,
    "netIncome": 449000000,
    "netIncomeRatio": 0.0455560065,
    "eps": 1.09,
    "epsdiluted": 1.05,
    "weightedAverageShsOut": 412638300,
    "weightedAverageShsOutDil": 426441000,
    "link": "https://www.sec.gov/Archives/edgar/data/860730/000119312515358150/0001193125-15-358150-index.htm",
    "finalLink": "https://www.sec.gov/Archives/edgar/data/860730/000119312515358150/d85739d10q.htm"
  },
  {
    "date": "2015-06-30",
    "symbol": "HCA",
    "reportedCurrency": "USD",
    "cik": "0000860730",
    "fillingDate": "2015-08-05",
    "acceptedDate": "2015-08-05 16:26:12",
    "calendarYear": "2015",
    "period": "Q2",
    "revenue": 9897000000,
    "costOfRevenue": 1670000000,
    "grossProfit": 8227000000,
    "grossProfitRatio": 0.8312619986,
    "researchAndDevelopmentExpenses": 0,
    "generalAndAdministrativeExpenses": 4492000000,
    "sellingAndMarketingExpenses": 0,
    "sellingGeneralAndAdministrativeExpenses": 4492000000,
    "otherExpenses": 2206000000,
    "operatingExpenses": 6698000000,
    "costAndExpenses": 8368000000,
    "interestIncome": 0,
    "interestExpense": 425000000,
    "depreciationAndAmortization": 469000000,
    "ebitda": 1998000000,
    "ebitdaratio": 0.2018793574,
    "operatingIncome": 1529000000,
    "operatingIncomeRatio": 0.15449126,
    "totalOtherIncomeExpensesNet": -545000000,
    "incomeBeforeTax": 984000000,
    "incomeBeforeTaxRatio": 0.0994240679,
    "incomeTaxExpense": 319000000,
    "netIncome": 507000000,
    "netIncomeRatio": 0.0512276447,
    "eps": 1.22,
    "epsdiluted": 1.18,
    "weightedAverageShsOut": 416407000,
    "weightedAverageShsOutDil": 429369000,
    "link": "https://www.sec.gov/Archives/edgar/data/860730/000119312515278729/0001193125-15-278729-index.htm",
    "finalLink": "https://www.sec.gov/Archives/edgar/data/860730/000119312515278729/d42883d10q.htm"
  },
  {
    "date": "2015-03-31",
    "symbol": "HCA",
    "reportedCurrency": "USD",
    "cik": "0000860730",
    "fillingDate": "2015-05-05",
    "acceptedDate": "2015-05-05 16:57:07",
    "calendarYear": "2015",
    "period": "Q1",
    "revenue": 9676000000,
    "costOfRevenue": 1638000000,
    "grossProfit": 8038000000,
    "grossProfitRatio": 0.8307151716,
    "researchAndDevelopmentExpenses": 0,
    "generalAndAdministrativeExpenses": 4398000000,
    "sellingAndMarketingExpenses": 0,
    "sellingGeneralAndAdministrativeExpenses": 4398000000,
    "otherExpenses": 2171000000,
    "operatingExpenses": 6569000000,
    "costAndExpenses": 8207000000,
    "interestIncome": 0,
    "interestExpense": 419000000,
    "depreciationAndAmortization": 473000000,
    "ebitda": 1970000000,
    "ebitdaratio": 0.2035965275,
    "operatingIncome": 1469000000,
    "operatingIncomeRatio": 0.1518189334,
    "totalOtherIncomeExpensesNet": -391000000,
    "incomeBeforeTax": 1078000000,
    "incomeBeforeTaxRatio": 0.1114096734,
    "incomeTaxExpense": 358000000,
    "netIncome": 591000000,
    "netIncomeRatio": 0.0610789582,
    "eps": 1.41,
    "epsdiluted": 1.36,
    "weightedAverageShsOut": 420148000,
    "weightedAverageShsOutDil": 435309000,
    "link": "https://www.sec.gov/Archives/edgar/data/860730/000119312515172306/0001193125-15-172306-index.htm",
    "finalLink": "https://www.sec.gov/Archives/edgar/data/860730/000119312515172306/d911458d10q.htm"
  },
  {
    "date": "2014-12-31",
    "symbol": "HCA",
    "reportedCurrency": "USD",
    "cik": "0000860730",
    "fillingDate": "2015-02-26",
    "acceptedDate": "2015-02-26 17:06:22",
    "calendarYear": "2014",
    "period": "Q4",
    "revenue": 9636000000,
    "costOfRevenue": 1659000000,
    "grossProfit": 7977000000,
    "grossProfitRatio": 0.8278331258,
    "researchAndDevelopmentExpenses": 0,
    "generalAndAdministrativeExpenses": 4282000000,
    "sellingAndMarketingExpenses": 0,
    "sellingGeneralAndAdministrativeExpenses": 4282000000,
    "otherExpenses": 2209000000,
    "operatingExpenses": 6491000000,
    "costAndExpenses": 8150000000,
    "interestIncome": 0,
    "interestExpense": 429000000,
    "depreciationAndAmortization": 459000000,
    "ebitda": 1945000000,
    "ebitdaratio": 0.2018472395,
    "operatingIncome": 1486000000,
    "operatingIncomeRatio": 0.1542133665,
    "totalOtherIncomeExpensesNet": -518000000,
    "incomeBeforeTax": 968000000,
    "incomeBeforeTaxRatio": 0.100456621,
    "incomeTaxExpense": 292000000,
    "netIncome": 527000000,
    "netIncomeRatio": 0.054690743,
    "eps": 1.25,
    "epsdiluted": 1.19,
    "weightedAverageShsOut": 420477900,
    "weightedAverageShsOutDil": 443866000,
    "link": "https://www.sec.gov/Archives/edgar/data/860730/000119312515065975/0001193125-15-065975-index.htm",
    "finalLink": "https://www.sec.gov/Archives/edgar/data/860730/000119312515065975/d852730d10k.htm"
  },
  {
    "date": "2014-09-30",
    "symbol": "HCA",
    "reportedCurrency": "USD",
    "cik": "0000860730",
    "fillingDate": "2014-11-04",
    "acceptedDate": "2014-11-04 16:33:08",
    "calendarYear": "2014",
    "period": "Q3",
    "revenue": 9220000000,
    "costOfRevenue": 1539000000,
    "grossProfit": 7681000000,
    "grossProfitRatio": 0.8330802603,
    "researchAndDevelopmentExpenses": 0,
    "generalAndAdministrativeExpenses": 4211000000,
    "sellingAndMarketingExpenses": 0,
    "sellingGeneralAndAdministrativeExpenses": 4211000000,
    "otherExpenses": 2116000000,
    "operatingExpenses": 6327000000,
    "costAndExpenses": 7866000000,
    "interestIncome": 0,
    "interestExpense": 427000000,
    "depreciationAndAmortization": 460000000,
    "ebitda": 1814000000,
    "ebitdaratio": 0.1967462039,
    "operatingIncome": 1354000000,
    "operatingIncomeRatio": 0.1468546638,
    "totalOtherIncomeExpensesNet": -425000000,
    "incomeBeforeTax": 929000000,
    "incomeBeforeTaxRatio": 0.1007592191,
    "incomeTaxExpense": 318000000,
    "netIncome": 518000000,
    "netIncomeRatio": 0.0561822126,
    "eps": 1.2,
    "epsdiluted": 1.16,
    "weightedAverageShsOut": 433378700,
    "weightedAverageShsOutDil": 447260000,
    "link": "https://www.sec.gov/Archives/edgar/data/860730/000119312514396327/0001193125-14-396327-index.htm",
    "finalLink": "https://www.sec.gov/Archives/edgar/data/860730/000119312514396327/d807076d10q.htm"
  },
  {
    "date": "2014-06-30",
    "symbol": "HCA",
    "reportedCurrency": "USD",
    "cik": "0000860730",
    "fillingDate": "2014-08-05",
    "acceptedDate": "2014-08-05 16:46:07",
    "calendarYear": "2014",
    "period": "Q2",
    "revenue": 9230000000,
    "costOfRevenue": 1532000000,
    "grossProfit": 7698000000,
    "grossProfitRatio": 0.8340195016,
    "researchAndDevelopmentExpenses": 0,
    "generalAndAdministrativeExpenses": 4098000000,
    "sellingAndMarketingExpenses": 0,
    "sellingGeneralAndAdministrativeExpenses": 4098000000,
    "otherExpenses": 2063000000,
    "operatingExpenses": 6161000000,
    "costAndExpenses": 7693000000,
    "interestIncome": 0,
    "interestExpense": 427000000,
    "depreciationAndAmortization": 454000000,
    "ebitda": 1991000000,
    "ebitdaratio": 0.2157096425,
    "operatingIncome": 1537000000,
    "operatingIncomeRatio": 0.1665222102,
    "totalOtherIncomeExpensesNet": -633000000,
    "incomeBeforeTax": 904000000,
    "incomeBeforeTaxRatio": 0.0979414951,
    "incomeTaxExpense": 272000000,
    "netIncome": 483000000,
    "netIncomeRatio": 0.0523293608,
    "eps": 1.12,
    "epsdiluted": 1.07,
    "weightedAverageShsOut": 431372800,
    "weightedAverageShsOutDil": 453009000,
    "link": "https://www.sec.gov/Archives/edgar/data/860730/000119312514295912/0001193125-14-295912-index.htm",
    "finalLink": "https://www.sec.gov/Archives/edgar/data/860730/000119312514295912/d759936d10q.htm"
  },
  {
    "date": "2014-03-31",
    "symbol": "HCA",
    "reportedCurrency": "USD",
    "cik": "0000860730",
    "fillingDate": "2014-05-06",
    "acceptedDate": "2014-05-06 17:24:04",
    "calendarYear": "2014",
    "period": "Q1",
    "revenue": 8832000000,
    "costOfRevenue": 1532000000,
    "grossProfit": 7300000000,
    "grossProfitRatio": 0.8265398551,
    "researchAndDevelopmentExpenses": 0,
    "generalAndAdministrativeExpenses": 4050000000,
    "sellingAndMarketingExpenses": 0,
    "sellingGeneralAndAdministrativeExpenses": 4050000000,
    "otherExpenses": 2062000000,
    "operatingExpenses": 6112000000,
    "costAndExpenses": 7644000000,
    "interestIncome": 0,
    "interestExpense": 460000000,
    "depreciationAndAmortization": 447000000,
    "ebitda": 1587000000,
    "ebitdaratio": 0.1796875,
    "operatingIncome": 1188000000,
    "operatingIncomeRatio": 0.1345108696,
    "totalOtherIncomeExpensesNet": -508000000,
    "incomeBeforeTax": 680000000,
    "incomeBeforeTaxRatio": 0.0769927536,
    "incomeTaxExpense": 226000000,
    "netIncome": 347000000,
    "netIncomeRatio": 0.0392889493,
    "eps": 0.78,
    "epsdiluted": 0.76,
    "weightedAverageShsOut": 444201100,
    "weightedAverageShsOutDil": 457449000,
    "link": "https://www.sec.gov/Archives/edgar/data/860730/000119312514185180/0001193125-14-185180-index.htm",
    "finalLink": "https://www.sec.gov/Archives/edgar/data/860730/000119312514185180/d715468d10q.htm"
  },
  {
    "date": "2013-12-31",
    "symbol": "HCA",
    "reportedCurrency": "USD",
    "cik": "0000860730",
    "fillingDate": "2014-02-26",
    "acceptedDate": "2014-02-26 17:09:19",
    "calendarYear": "2013",
    "period": "Q4",
    "revenue": 8836000000,
    "costOfRevenue": 1564000000,
    "grossProfit": 7272000000,
    "grossProfitRatio": 0.8229968311,
    "researchAndDevelopmentExpenses": 0,
    "generalAndAdministrativeExpenses": 3965000000,
    "sellingAndMarketingExpenses": 0,
    "sellingGeneralAndAdministrativeExpenses": 3965000000,
    "otherExpenses": 2054000000,
    "operatingExpenses": 6019000000,
    "costAndExpenses": 7583000000,
    "interestIncome": 0,
    "interestExpense": 456000000,
    "depreciationAndAmortization": 461000000,
    "ebitda": 1714000000,
    "ebitdaratio": 0.1939791761,
    "operatingIncome": 1253000000,
    "operatingIncomeRatio": 0.1418062472,
    "totalOtherIncomeExpensesNet": -453000000,
    "incomeBeforeTax": 800000000,
    "incomeBeforeTaxRatio": 0.0905387053,
    "incomeTaxExpense": 246000000,
    "netIncome": 424000000,
    "netIncomeRatio": 0.0479855138,
    "eps": 0.96,
    "epsdiluted": 0.92,
    "weightedAverageShsOut": 439604000,
    "weightedAverageShsOutDil": 458535000,
    "link": "https://www.sec.gov/Archives/edgar/data/860730/000119312514070000/0001193125-14-070000-index.htm",
    "finalLink": "https://www.sec.gov/Archives/edgar/data/860730/000119312514070000/d660799d10k.htm"
  },
  {
    "date": "2013-09-30",
    "symbol": "HCA",
    "reportedCurrency": "USD",
    "cik": "0000860730",
    "fillingDate": "2013-11-06",
    "acceptedDate": "2013-11-06 17:20:38",
    "calendarYear": "2013",
    "period": "Q3",
    "revenue": 8456000000,
    "costOfRevenue": 1457000000,
    "grossProfit": 6999000000,
    "grossProfitRatio": 0.8276963103,
    "researchAndDevelopmentExpenses": 0,
    "generalAndAdministrativeExpenses": 3916000000,
    "sellingAndMarketingExpenses": 0,
    "sellingGeneralAndAdministrativeExpenses": 3916000000,
    "otherExpenses": 1932000000,
    "operatingExpenses": 5848000000,
    "costAndExpenses": 7305000000,
    "interestIncome": 0,
    "interestExpense": 458000000,
    "depreciationAndAmortization": 443000000,
    "ebitda": 1594000000,
    "ebitdaratio": 0.1885052034,
    "operatingIncome": 1151000000,
    "operatingIncomeRatio": 0.1361163671,
    "totalOtherIncomeExpensesNet": -450000000,
    "incomeBeforeTax": 701000000,
    "incomeBeforeTaxRatio": 0.0828997162,
    "incomeTaxExpense": 234000000,
    "netIncome": 365000000,
    "netIncomeRatio": 0.0431646168,
    "eps": 0.82,
    "epsdiluted": 0.79,
    "weightedAverageShsOut": 447573400,
    "weightedAverageShsOutDil": 463569000,
    "link": "https://www.sec.gov/Archives/edgar/data/860730/000119312513430423/0001193125-13-430423-index.htm",
    "finalLink": "https://www.sec.gov/Archives/edgar/data/860730/000119312513430423/d614637d10q.htm"
  },
  {
    "date": "2013-06-30",
    "symbol": "HCA",
    "reportedCurrency": "USD",
    "cik": "0000860730",
    "fillingDate": "2013-08-07",
    "acceptedDate": "2013-08-06 19:59:06",
    "calendarYear": "2013",
    "period": "Q2",
    "revenue": 8450000000,
    "costOfRevenue": 1470000000,
    "grossProfit": 6980000000,
    "grossProfitRatio": 0.826035503,
    "researchAndDevelopmentExpenses": 0,
    "generalAndAdministrativeExpenses": 3848000000,
    "sellingAndMarketingExpenses": 0,
    "sellingGeneralAndAdministrativeExpenses": 3848000000,
    "otherExpenses": 1880000000,
    "operatingExpenses": 5728000000,
    "costAndExpenses": 7198000000,
    "interestIncome": 0,
    "interestExpense": 462000000,
    "depreciationAndAmortization": 425000000,
    "ebitda": 1693000000,
    "ebitdaratio": 0.2003550296,
    "operatingIncome": 1252000000,
    "operatingIncomeRatio": 0.1481656805,
    "totalOtherIncomeExpensesNet": -446000000,
    "incomeBeforeTax": 806000000,
    "incomeBeforeTaxRatio": 0.0953846154,
    "incomeTaxExpense": 269000000,
    "netIncome": 423000000,
    "netIncomeRatio": 0.0500591716,
    "eps": 0.95,
    "epsdiluted": 0.91,
    "weightedAverageShsOut": 447066900,
    "weightedAverageShsOutDil": 463184000,
    "link": "https://www.sec.gov/Archives/edgar/data/860730/000119312513322235/0001193125-13-322235-index.htm",
    "finalLink": "https://www.sec.gov/Archives/edgar/data/860730/000119312513322235/d549487d10q.htm"
  },
  {
    "date": "2013-03-31",
    "symbol": "HCA",
    "reportedCurrency": "USD",
    "cik": "0000860730",
    "fillingDate": "2013-05-07",
    "acceptedDate": "2013-05-07 17:21:17",
    "calendarYear": "2013",
    "period": "Q1",
    "revenue": 8440000000,
    "costOfRevenue": 1479000000,
    "grossProfit": 6961000000,
    "grossProfitRatio": 0.8247630332,
    "researchAndDevelopmentExpenses": 0,
    "generalAndAdministrativeExpenses": 3917000000,
    "sellingAndMarketingExpenses": 0,
    "sellingGeneralAndAdministrativeExpenses": 3917000000,
    "otherExpenses": 1908000000,
    "operatingExpenses": 5825000000,
    "costAndExpenses": 7304000000,
    "interestIncome": 0,
    "interestExpense": 472000000,
    "depreciationAndAmortization": 424000000,
    "ebitda": 1535000000,
    "ebitdaratio": 0.1818720379,
    "operatingIncome": 1136000000,
    "operatingIncomeRatio": 0.1345971564,
    "totalOtherIncomeExpensesNet": -497000000,
    "incomeBeforeTax": 639000000,
    "incomeBeforeTaxRatio": 0.0757109005,
    "incomeTaxExpense": 201000000,
    "netIncome": 344000000,
    "netIncomeRatio": 0.0407582938,
    "eps": 0.77,
    "epsdiluted": 0.74,
    "weightedAverageShsOut": 445856200,
    "weightedAverageShsOutDil": 462368000,
    "link": "https://www.sec.gov/Archives/edgar/data/860730/000119312513204804/0001193125-13-204804-index.htm",
    "finalLink": "https://www.sec.gov/Archives/edgar/data/860730/000119312513204804/d512267d10q.htm"
  },
  {
    "date": "2012-12-31",
    "symbol": "HCA",
    "reportedCurrency": "USD",
    "cik": "0000860730",
    "fillingDate": "2013-02-27",
    "acceptedDate": "2013-02-26 19:07:05",
    "calendarYear": "2012",
    "period": "Q4",
    "revenue": 8434000000,
    "costOfRevenue": 1501000000,
    "grossProfit": 6933000000,
    "grossProfitRatio": 0.8220298791,
    "researchAndDevelopmentExpenses": 0,
    "generalAndAdministrativeExpenses": 3865000000,
    "sellingAndMarketingExpenses": 0,
    "sellingGeneralAndAdministrativeExpenses": 3865000000,
    "otherExpenses": 1923000000,
    "operatingExpenses": 5762000000,
    "costAndExpenses": 7263000000,
    "interestIncome": 0,
    "interestExpense": 462000000,
    "depreciationAndAmortization": 425000000,
    "ebitda": 1442000000,
    "ebitdaratio": 0.1709746265,
    "operatingIncome": 1145000000,
    "operatingIncomeRatio": 0.135760019,
    "totalOtherIncomeExpensesNet": -590000000,
    "incomeBeforeTax": 555000000,
    "incomeBeforeTaxRatio": 0.0658050747,
    "incomeTaxExpense": 128000000,
    "netIncome": 314000000,
    "netIncomeRatio": 0.0372302585,
    "eps": 0.71,
    "epsdiluted": 0.68,
    "weightedAverageShsOut": 443200200,
    "weightedAverageShsOutDil": 461131000,
    "link": "https://www.sec.gov/Archives/edgar/data/860730/000119312513077574/0001193125-13-077574-index.htm",
    "finalLink": "https://www.sec.gov/Archives/edgar/data/860730/000119312513077574/d453828d10k.htm"
  },
  {
    "date": "2012-09-30",
    "symbol": "HCA",
    "reportedCurrency": "USD",
    "cik": "0000860730",
    "fillingDate": "2012-11-06",
    "acceptedDate": "2012-11-06 17:05:09",
    "calendarYear": "2012",
    "period": "Q3",
    "revenue": 8062000000,
    "costOfRevenue": 1375000000,
    "grossProfit": 6687000000,
    "grossProfitRatio": 0.8294467874,
    "researchAndDevelopmentExpenses": 0,
    "generalAndAdministrativeExpenses": 3781000000,
    "sellingAndMarketingExpenses": 0,
    "sellingGeneralAndAdministrativeExpenses": 3781000000,
    "otherExpenses": 1790000000,
    "operatingExpenses": 5571000000,
    "costAndExpenses": 6946000000,
    "interestIncome": 0,
    "interestExpense": 446000000,
    "depreciationAndAmortization": 417000000,
    "ebitda": 1540000000,
    "ebitdaratio": 0.1910195981,
    "operatingIncome": 1116000000,
    "operatingIncomeRatio": 0.1384271893,
    "totalOtherIncomeExpensesNet": -439000000,
    "incomeBeforeTax": 677000000,
    "incomeBeforeTaxRatio": 0.0839742,
    "incomeTaxExpense": 222000000,
    "netIncome": 360000000,
    "netIncomeRatio": 0.044653932,
    "eps": 0.82,
    "epsdiluted": 0.78,
    "weightedAverageShsOut": 441383000,
    "weightedAverageShsOutDil": 459515000,
    "link": "https://www.sec.gov/Archives/edgar/data/860730/000119312512454785/0001193125-12-454785-index.htm",
    "finalLink": "https://www.sec.gov/Archives/edgar/data/860730/000119312512454785/d414854d10q.htm"
  },
  {
    "date": "2012-05-30",
    "symbol": "HCA",
    "reportedCurrency": "USD",
    "cik": "0000860730",
    "fillingDate": "2012-08-06",
    "acceptedDate": "2012-08-06 07:31:37",
    "calendarYear": "2012",
    "period": "Q2",
    "revenue": 8112000000,
    "costOfRevenue": 1422000000,
    "grossProfit": 6690000000,
    "grossProfitRatio": 0.824704142,
    "researchAndDevelopmentExpenses": 0,
    "generalAndAdministrativeExpenses": 3707000000,
    "sellingAndMarketingExpenses": 0,
    "sellingGeneralAndAdministrativeExpenses": 3707000000,
    "otherExpenses": 1834000000,
    "operatingExpenses": 5541000000,
    "costAndExpenses": 6963000000,
    "interestIncome": 0,
    "interestExpense": 448000000,
    "depreciationAndAmortization": 420000000,
    "ebitda": 1567000000,
    "ebitdaratio": 0.1931706114,
    "operatingIncome": 1149000000,
    "operatingIncomeRatio": 0.1416420118,
    "totalOtherIncomeExpensesNet": -450000000,
    "incomeBeforeTax": 699000000,
    "incomeBeforeTaxRatio": 0.0861686391,
    "incomeTaxExpense": 214000000,
    "netIncome": 391000000,
    "netIncomeRatio": 0.0482001972,
    "eps": 0.89,
    "epsdiluted": 0.85,
    "weightedAverageShsOut": 439473000,
    "weightedAverageShsOutDil": 458621000,
    "link": "https://www.sec.gov/Archives/edgar/data/860730/000119312512336196/0001193125-12-336196-index.htm",
    "finalLink": "https://www.sec.gov/Archives/edgar/data/860730/000119312512336196/d366482d10q.htm"
  },
  {
    "date": "2012-03-31",
    "symbol": "HCA",
    "reportedCurrency": "USD",
    "cik": "0000860730",
    "fillingDate": "2012-05-09",
    "acceptedDate": "2012-05-08 18:41:04",
    "calendarYear": "2012",
    "period": "Q1",
    "revenue": 9199000000,
    "costOfRevenue": 1419000000,
    "grossProfit": 7780000000,
    "grossProfitRatio": 0.8457441026,
    "researchAndDevelopmentExpenses": 0,
    "generalAndAdministrativeExpenses": 3736000000,
    "sellingAndMarketingExpenses": 0,
    "sellingGeneralAndAdministrativeExpenses": 3736000000,
    "otherExpenses": 2649000000,
    "operatingExpenses": 6374000000,
    "costAndExpenses": 7793000000,
    "interestIncome": 0,
    "interestExpense": 442000000,
    "depreciationAndAmortization": 417000000,
    "ebitda": 1822000000,
    "ebitdaratio": 0.1980650071,
    "operatingIncome": 1395000000,
    "operatingIncomeRatio": 0.1516469181,
    "totalOtherIncomeExpensesNet": -432000000,
    "incomeBeforeTax": 963000000,
    "incomeBeforeTaxRatio": 0.1046852919,
    "incomeTaxExpense": 324000000,
    "netIncome": 540000000,
    "netIncomeRatio": 0.0587020328,
    "eps": 1.23,
    "epsdiluted": 1.18,
    "weightedAverageShsOut": 438354100,
    "weightedAverageShsOutDil": 458312000,
    "link": "https://www.sec.gov/Archives/edgar/data/860730/000119312512219266/0001193125-12-219266-index.htm",
    "finalLink": "https://www.sec.gov/Archives/edgar/data/860730/000119312512219266/d328322d10q.htm"
  },
  {
    "date": "2011-12-31",
    "symbol": "HCA",
    "reportedCurrency": "USD",
    "cik": "0000860730",
    "fillingDate": "2012-02-24",
    "acceptedDate": "2012-02-23 19:32:31",
    "calendarYear": "2011",
    "period": "Q4",
    "revenue": 8338000000,
    "costOfRevenue": 1346000000,
    "grossProfit": 6992000000,
    "grossProfitRatio": 0.8385704006,
    "researchAndDevelopmentExpenses": 0,
    "generalAndAdministrativeExpenses": 3492000000,
    "sellingAndMarketingExpenses": 0,
    "sellingGeneralAndAdministrativeExpenses": 3492000000,
    "otherExpenses": 2289000000,
    "operatingExpenses": 5781000000,
    "costAndExpenses": 7127000000,
    "interestIncome": 0,
    "interestExpense": 465000000,
    "depreciationAndAmortization": 387000000,
    "ebitda": 3306000000,
    "ebitdaratio": 0.3964979611,
    "operatingIncome": 1211000000,
    "operatingIncomeRatio": 0.1452386663,
    "totalOtherIncomeExpensesNet": 1243000000,
    "incomeBeforeTax": 2454000000,
    "incomeBeforeTaxRatio": 0.2943151835,
    "incomeTaxExpense": 412000000,
    "netIncome": 1935000000,
    "netIncomeRatio": 0.2320700408,
    "eps": 4.42,
    "epsdiluted": 4.42,
    "weightedAverageShsOut": 436664000,
    "weightedAverageShsOutDil": 437936000,
    "link": "https://www.sec.gov/Archives/edgar/data/860730/000119312512075882/0001193125-12-075882-index.htm",
    "finalLink": "https://www.sec.gov/Archives/edgar/data/860730/000119312512075882/d264514d10k.htm"
  },
  {
    "date": "2011-09-30",
    "symbol": "HCA",
    "reportedCurrency": "USD",
    "cik": "0000860730",
    "fillingDate": "2011-11-09",
    "acceptedDate": "2011-11-09 17:11:42",
    "calendarYear": "2011",
    "period": "Q3",
    "revenue": 8050000000,
    "costOfRevenue": 1263000000,
    "grossProfit": 6787000000,
    "grossProfitRatio": 0.8431055901,
    "researchAndDevelopmentExpenses": 0,
    "generalAndAdministrativeExpenses": 3333000000,
    "sellingAndMarketingExpenses": 0,
    "sellingGeneralAndAdministrativeExpenses": 3333000000,
    "otherExpenses": 2472000000,
    "operatingExpenses": 5805000000,
    "costAndExpenses": 7068000000,
    "interestIncome": 0,
    "interestExpense": 519000000,
    "depreciationAndAmortization": 362000000,
    "ebitda": 1004000000,
    "ebitdaratio": 0.1247204969,
    "operatingIncome": 982000000,
    "operatingIncomeRatio": 0.1219875776,
    "totalOtherIncomeExpensesNet": -927000000,
    "incomeBeforeTax": 123000000,
    "incomeBeforeTaxRatio": 0.0152795031,
    "incomeTaxExpense": -23000000,
    "netIncome": 61000000,
    "netIncomeRatio": 0.0075776398,
    "eps": 0.12,
    "epsdiluted": 0.11,
    "weightedAverageShsOut": 508417000,
    "weightedAverageShsOutDil": 527515000,
    "link": "https://www.sec.gov/Archives/edgar/data/860730/000119312511304797/0001193125-11-304797-index.htm",
    "finalLink": "https://www.sec.gov/Archives/edgar/data/860730/000119312511304797/d245223d10q.htm"
  },
  {
    "date": "2011-06-30",
    "symbol": "HCA",
    "reportedCurrency": "USD",
    "cik": "0000860730",
    "fillingDate": "2011-08-05",
    "acceptedDate": "2011-08-05 16:37:17",
    "calendarYear": "2011",
    "period": "Q2",
    "revenue": 8063000000,
    "costOfRevenue": 4615000000,
    "grossProfit": 3448000000,
    "grossProfitRatio": 0.4276323949,
    "researchAndDevelopmentExpenses": 0,
    "generalAndAdministrativeExpenses": 3320000000,
    "sellingAndMarketingExpenses": 0,
    "sellingGeneralAndAdministrativeExpenses": 3320000000,
    "otherExpenses": 2459000000,
    "operatingExpenses": 2386000000,
    "costAndExpenses": 7001000000,
    "interestIncome": 0,
    "interestExpense": 520000000,
    "depreciationAndAmortization": 358000000,
    "ebitda": 1420000000,
    "ebitdaratio": 0.1761131093,
    "operatingIncome": 989000000,
    "operatingIncomeRatio": 0.1226590599,
    "totalOtherIncomeExpensesNet": -522000000,
    "incomeBeforeTax": 467000000,
    "incomeBeforeTaxRatio": 0.0579188888,
    "incomeTaxExpense": 147000000,
    "netIncome": 229000000,
    "netIncomeRatio": 0.0284013395,
    "eps": 0.43,
    "epsdiluted": 0.43,
    "weightedAverageShsOut": 538557000,
    "weightedAverageShsOutDil": 538557000,
    "link": "https://www.sec.gov/Archives/edgar/data/860730/000095012311073723/0000950123-11-073723-index.htm",
    "finalLink": "https://www.sec.gov/Archives/edgar/data/860730/000095012311073723/g27343e10vq.htm"
  },
  {
    "date": "2011-03-31",
    "symbol": "HCA",
    "reportedCurrency": "USD",
    "cik": "0000860730",
    "fillingDate": "2011-05-11",
    "acceptedDate": "2011-05-11 17:19:29",
    "calendarYear": "2011",
    "period": "Q1",
    "revenue": 8055000000,
    "costOfRevenue": 1275000000,
    "grossProfit": 6780000000,
    "grossProfitRatio": 0.8417132216,
    "researchAndDevelopmentExpenses": 0,
    "generalAndAdministrativeExpenses": 3295000000,
    "sellingAndMarketingExpenses": 0,
    "sellingGeneralAndAdministrativeExpenses": 3295000000,
    "otherExpenses": 2329000000,
    "operatingExpenses": 5624000000,
    "costAndExpenses": 6899000000,
    "interestIncome": 0,
    "interestExpense": 533000000,
    "depreciationAndAmortization": 358000000,
    "ebitda": 1408000000,
    "ebitdaratio": 0.1747982619,
    "operatingIncome": 1156000000,
    "operatingIncomeRatio": 0.1435133457,
    "totalOtherIncomeExpensesNet": -639000000,
    "incomeBeforeTax": 517000000,
    "incomeBeforeTaxRatio": 0.0641837368,
    "incomeTaxExpense": 183000000,
    "netIncome": 240000000,
    "netIncomeRatio": 0.0297951583,
    "eps": 0.54,
    "epsdiluted": 0.52,
    "weightedAverageShsOut": 444202000,
    "weightedAverageShsOutDil": 461969000,
    "link": "https://www.sec.gov/Archives/edgar/data/860730/000095012311048955/0000950123-11-048955-index.htm",
    "finalLink": "https://www.sec.gov/Archives/edgar/data/860730/000095012311048955/g25291e10vq.htm"
  },
  {
    "date": "2010-12-31",
    "symbol": "HCA",
    "reportedCurrency": "USD",
    "cik": "0000860730",
    "fillingDate": "2011-02-17",
    "acceptedDate": "2011-02-17 17:18:52",
    "calendarYear": "2010",
    "period": "Q4",
    "revenue": 7736000000,
    "costOfRevenue": 1276000000,
    "grossProfit": 6460000000,
    "grossProfitRatio": 0.8350568769,
    "researchAndDevelopmentExpenses": 0,
    "generalAndAdministrativeExpenses": 3202000000,
    "sellingAndMarketingExpenses": 0,
    "sellingGeneralAndAdministrativeExpenses": 3202000000,
    "otherExpenses": 2242000000,
    "operatingExpenses": 5444000000,
    "costAndExpenses": 6720000000,
    "interestIncome": 0,
    "interestExpense": 526000000,
    "depreciationAndAmortization": 359000000,
    "ebitda": 1449000000,
    "ebitdaratio": 0.1873061013,
    "operatingIncome": 1016000000,
    "operatingIncomeRatio": 0.1313340228,
    "totalOtherIncomeExpensesNet": -452000000,
    "incomeBeforeTax": 564000000,
    "incomeBeforeTaxRatio": 0.0729058945,
    "incomeTaxExpense": 170000000,
    "netIncome": 283000000,
    "netIncomeRatio": 0.036582213,
    "eps": 0.64,
    "epsdiluted": 0.64,
    "weightedAverageShsOut": 426655000,
    "weightedAverageShsOutDil": 444202000,
    "link": "https://www.sec.gov/Archives/edgar/data/860730/000095012311015233/0000950123-11-015233-index.htm",
    "finalLink": "https://www.sec.gov/Archives/edgar/data/860730/000095012311015233/g25905e10vk.htm"
  },
  {
    "date": "2010-09-30",
    "symbol": "HCA",
    "reportedCurrency": "USD",
    "cik": "0000860730",
    "fillingDate": "2010-11-09",
    "acceptedDate": "2010-11-09 08:12:30",
    "calendarYear": "2010",
    "period": "Q3",
    "revenue": 7647000000,
    "costOfRevenue": 1234000000,
    "grossProfit": 6413000000,
    "grossProfitRatio": 0.8386295279,
    "researchAndDevelopmentExpenses": 0,
    "generalAndAdministrativeExpenses": 3134000000,
    "sellingAndMarketingExpenses": 0,
    "sellingGeneralAndAdministrativeExpenses": 3134000000,
    "otherExpenses": 2341000000,
    "operatingExpenses": 5475000000,
    "costAndExpenses": 6709000000,
    "interestIncome": 0,
    "interestExpense": 525000000,
    "depreciationAndAmortization": 352000000,
    "ebitda": 1345000000,
    "ebitdaratio": 0.1758859684,
    "operatingIncome": 938000000,
    "operatingIncomeRatio": 0.122662482,
    "totalOtherIncomeExpensesNet": -470000000,
    "incomeBeforeTax": 468000000,
    "incomeBeforeTaxRatio": 0.0612004708,
    "incomeTaxExpense": 143000000,
    "netIncome": 243000000,
    "netIncomeRatio": 0.0317771675,
    "eps": 0.57,
    "epsdiluted": 0.55,
    "weightedAverageShsOut": 426361000,
    "weightedAverageShsOutDil": 439032000,
    "link": "https://www.sec.gov/Archives/edgar/data/860730/000095012310102905/0000950123-10-102905-index.htm",
    "finalLink": "https://www.sec.gov/Archives/edgar/data/860730/000095012310102905/g24969e10vq.htm"
  },
  {
    "date": "2010-06-30",
    "symbol": "HCA",
    "reportedCurrency": "USD",
    "cik": "0000860730",
    "fillingDate": "2010-08-11",
    "acceptedDate": "2010-08-11 16:56:56",
    "calendarYear": "2010",
    "period": "Q2",
    "revenue": 7756000000,
    "costOfRevenue": 1251000000,
    "grossProfit": 6505000000,
    "grossProfitRatio": 0.8387055183,
    "researchAndDevelopmentExpenses": 0,
    "generalAndAdministrativeExpenses": 3076000000,
    "sellingAndMarketingExpenses": 0,
    "sellingGeneralAndAdministrativeExpenses": 3076000000,
    "otherExpenses": 2369000000,
    "operatingExpenses": 5445000000,
    "costAndExpenses": 6696000000,
    "interestIncome": 0,
    "interestExpense": 530000000,
    "depreciationAndAmortization": 355000000,
    "ebitda": 1399000000,
    "ebitdaratio": 0.1803764827,
    "operatingIncome": 1060000000,
    "operatingIncomeRatio": 0.1366683858,
    "totalOtherIncomeExpensesNet": -546000000,
    "incomeBeforeTax": 514000000,
    "incomeBeforeTaxRatio": 0.0662712739,
    "incomeTaxExpense": 136000000,
    "netIncome": 293000000,
    "netIncomeRatio": 0.0377772047,
    "eps": 0.69,
    "epsdiluted": 0.67,
    "weightedAverageShsOut": 426329000,
    "weightedAverageShsOutDil": 437104000,
    "link": "https://www.sec.gov/Archives/edgar/data/860730/000095012310076187/0000950123-10-076187-index.htm",
    "finalLink": "https://www.sec.gov/Archives/edgar/data/860730/000095012310076187/g24145e10vq.htm"
  },
  {
    "date": "2010-03-31",
    "symbol": "HCA",
    "reportedCurrency": "USD",
    "cik": "0000860730",
    "fillingDate": "2010-05-07",
    "acceptedDate": "2010-05-07 08:36:13",
    "calendarYear": "2010",
    "period": "Q1",
    "revenue": 7544000000,
    "costOfRevenue": 1200000000,
    "grossProfit": 6344000000,
    "grossProfitRatio": 0.8409331919,
    "researchAndDevelopmentExpenses": 0,
    "generalAndAdministrativeExpenses": 3072000000,
    "sellingAndMarketingExpenses": 0,
    "sellingGeneralAndAdministrativeExpenses": 3072000000,
    "otherExpenses": 2121000000,
    "operatingExpenses": 5193000000,
    "costAndExpenses": 6393000000,
    "interestIncome": 0,
    "interestExpense": 516000000,
    "depreciationAndAmortization": 355000000,
    "ebitda": 1556000000,
    "ebitdaratio": 0.2062566278,
    "operatingIncome": 1151000000,
    "operatingIncomeRatio": 0.1525715801,
    "totalOtherIncomeExpensesNet": -466000000,
    "incomeBeforeTax": 685000000,
    "incomeBeforeTaxRatio": 0.0908006363,
    "incomeTaxExpense": 209000000,
    "netIncome": 388000000,
    "netIncomeRatio": 0.0514316013,
    "eps": 0.91,
    "epsdiluted": 0.89,
    "weightedAverageShsOut": 426350000,
    "weightedAverageShsOutDil": 435680000,
    "link": "https://www.sec.gov/Archives/edgar/data/860730/000095012310046003/0000950123-10-046003-index.htm",
    "finalLink": "https://www.sec.gov/Archives/edgar/data/860730/000095012310046003/g23020e10vq.htm"
  },
  {
    "date": "2009-12-31",
    "symbol": "HCA",
    "reportedCurrency": "USD",
    "cik": "0000860730",
    "fillingDate": "2010-03-01",
    "acceptedDate": "2010-03-01 14:55:35",
    "calendarYear": "2009",
    "period": "Q4",
    "revenue": 7605000000,
    "costOfRevenue": 1241000000,
    "grossProfit": 6364000000,
    "grossProfitRatio": 0.836817883,
    "researchAndDevelopmentExpenses": 0,
    "generalAndAdministrativeExpenses": 3078000000,
    "sellingAndMarketingExpenses": 0,
    "sellingGeneralAndAdministrativeExpenses": 3078000000,
    "otherExpenses": 2365000000,
    "operatingExpenses": 5443000000,
    "costAndExpenses": 6684000000,
    "interestIncome": 0,
    "interestExpense": 500000000,
    "depreciationAndAmortization": 358000000,
    "ebitda": 1309000000,
    "ebitdaratio": 0.1721236029,
    "operatingIncome": 921000000,
    "operatingIncomeRatio": 0.1211045365,
    "totalOtherIncomeExpensesNet": -470000000,
    "incomeBeforeTax": 451000000,
    "incomeBeforeTaxRatio": 0.0593030901,
    "incomeTaxExpense": 147000000,
    "netIncome": 216000000,
    "netIncomeRatio": 0.0284023669,
    "eps": 0.51,
    "epsdiluted": 0.51,
    "weightedAverageShsOut": 426655000,
    "weightedAverageShsOutDil": 426655000,
    "link": "https://www.sec.gov/Archives/edgar/data/860730/000095012310019197/0000950123-10-019197-index.htm",
    "finalLink": "https://www.sec.gov/Archives/edgar/data/860730/000095012310019197/g22062e10vk.htm"
  },
  {
    "date": "2009-09-30",
    "symbol": "HCA",
    "reportedCurrency": "USD",
    "cik": "0000860730",
    "fillingDate": "2009-11-12",
    "acceptedDate": "2009-11-12 17:28:25",
    "calendarYear": "2009",
    "period": "Q3",
    "revenue": 7533000000,
    "costOfRevenue": 1206000000,
    "grossProfit": 6327000000,
    "grossProfitRatio": 0.8399044205,
    "researchAndDevelopmentExpenses": 0,
    "generalAndAdministrativeExpenses": 3013000000,
    "sellingAndMarketingExpenses": 0,
    "sellingGeneralAndAdministrativeExpenses": 3013000000,
    "otherExpenses": 2448000000,
    "operatingExpenses": 5461000000,
    "costAndExpenses": 6667000000,
    "interestIncome": 0,
    "interestExpense": 510000000,
    "depreciationAndAmortization": 354000000,
    "ebitda": 1270000000,
    "ebitdaratio": 0.1685915306,
    "operatingIncome": 866000000,
    "operatingIncomeRatio": 0.114960839,
    "totalOtherIncomeExpensesNet": -460000000,
    "incomeBeforeTax": 406000000,
    "incomeBeforeTaxRatio": 0.0538961901,
    "incomeTaxExpense": 132000000,
    "netIncome": 196000000,
    "netIncomeRatio": 0.0260188504,
    "eps": 0.58,
    "epsdiluted": 0.56,
    "weightedAverageShsOut": 340789000,
    "weightedAverageShsOutDil": 347487000,
    "link": "https://www.sec.gov/Archives/edgar/data/860730/000095012309061876/0000950123-09-061876-index.htm",
    "finalLink": "https://www.sec.gov/Archives/edgar/data/860730/000095012309061876/g20934e10vq.htm"
  },
  {
    "date": "2009-06-30",
    "symbol": "HCA",
    "reportedCurrency": "USD",
    "cik": "0000860730",
    "fillingDate": "2009-08-14",
    "acceptedDate": "2009-08-14 17:12:52",
    "calendarYear": "2009",
    "period": "Q2",
    "revenue": 7483000000,
    "costOfRevenue": 4155000000,
    "grossProfit": 3328000000,
    "grossProfitRatio": 0.4447414139,
    "researchAndDevelopmentExpenses": 0,
    "generalAndAdministrativeExpenses": 0,
    "sellingAndMarketingExpenses": 0,
    "sellingGeneralAndAdministrativeExpenses": 0,
    "otherExpenses": 2350000000,
    "operatingExpenses": 2350000000,
    "costAndExpenses": 6505000000,
    "interestIncome": 0,
    "interestExpense": 506000000,
    "depreciationAndAmortization": 360000000,
    "ebitda": 1392000000,
    "ebitdaratio": 0.1860216491,
    "operatingIncome": 978000000,
    "operatingIncomeRatio": 0.1306962448,
    "totalOtherIncomeExpensesNet": -452000000,
    "incomeBeforeTax": 526000000,
    "incomeBeforeTaxRatio": 0.0702926634,
    "incomeTaxExpense": 161000000,
    "netIncome": 282000000,
    "netIncomeRatio": 0.0376854203,
    "eps": 0.83,
    "epsdiluted": 0.81,
    "weightedAverageShsOut": 340789000,
    "weightedAverageShsOutDil": 347487000,
    "link": "https://www.sec.gov/Archives/edgar/data/860730/000095012309035541/0000950123-09-035541-index.htm",
    "finalLink": "https://www.sec.gov/Archives/edgar/data/860730/000095012309035541/g19888e10vq.htm"
  },
  {
    "date": "2009-03-31",
    "symbol": "HCA",
    "reportedCurrency": "USD",
    "cik": "0000860730",
    "fillingDate": "2009-05-14",
    "acceptedDate": "2009-05-14 17:10:30",
    "calendarYear": "2009",
    "period": "Q1",
    "revenue": 7431000000,
    "costOfRevenue": 4133000000,
    "grossProfit": 3298000000,
    "grossProfitRatio": 0.4438164446,
    "researchAndDevelopmentExpenses": 0,
    "generalAndAdministrativeExpenses": 0,
    "sellingAndMarketingExpenses": 0,
    "sellingGeneralAndAdministrativeExpenses": 0,
    "otherExpenses": 2262000000,
    "operatingExpenses": 2262000000,
    "costAndExpenses": 6395000000,
    "interestIncome": 0,
    "interestExpense": 471000000,
    "depreciationAndAmortization": 353000000,
    "ebitda": 1443000000,
    "ebitdaratio": 0.1941865159,
    "operatingIncome": 1036000000,
    "operatingIncomeRatio": 0.1394159602,
    "totalOtherIncomeExpensesNet": -417000000,
    "incomeBeforeTax": 619000000,
    "incomeBeforeTaxRatio": 0.0832996905,
    "incomeTaxExpense": 187000000,
    "netIncome": 360000000,
    "netIncomeRatio": 0.0484457004,
    "eps": 1.06,
    "epsdiluted": 1.04,
    "weightedAverageShsOut": 340789000,
    "weightedAverageShsOutDil": 347487000,
    "link": "https://www.sec.gov/Archives/edgar/data/860730/000095014409004304/0000950144-09-004304-index.htm",
    "finalLink": "https://www.sec.gov/Archives/edgar/data/860730/000095014409004304/g18802e10vq.htm"
  },
  {
    "date": "2008-12-31",
    "symbol": "HCA",
    "reportedCurrency": "USD",
    "cik": "0000860730",
    "fillingDate": "2009-03-04",
    "acceptedDate": "2009-03-04 17:10:32",
    "calendarYear": "2008",
    "period": "Q4",
    "revenue": 7265000000,
    "costOfRevenue": 1157000000,
    "grossProfit": 6108000000,
    "grossProfitRatio": 0.8407432897,
    "researchAndDevelopmentExpenses": 0,
    "generalAndAdministrativeExpenses": 2877000000,
    "sellingAndMarketingExpenses": 0,
    "sellingGeneralAndAdministrativeExpenses": 2877000000,
    "otherExpenses": 2401000000,
    "operatingExpenses": 5278000000,
    "costAndExpenses": 6435000000,
    "interestIncome": 0,
    "interestExpense": 500000000,
    "depreciationAndAmortization": 354000000,
    "ebitda": 1165000000,
    "ebitdaratio": 0.1603578802,
    "operatingIncome": 830000000,
    "operatingIncomeRatio": 0.1142463868,
    "totalOtherIncomeExpensesNet": -519000000,
    "incomeBeforeTax": 311000000,
    "incomeBeforeTaxRatio": 0.0428079835,
    "incomeTaxExpense": 35000000,
    "netIncome": 276000000,
    "netIncomeRatio": 0.0379903648,
    "eps": 0.65,
    "epsdiluted": 0.65,
    "weightedAverageShsOut": 426655000,
    "weightedAverageShsOutDil": 426655000,
    "link": "https://www.sec.gov/Archives/edgar/data/860730/000095014409001868/0000950144-09-001868-index.htm",
    "finalLink": "https://www.sec.gov/Archives/edgar/data/860730/000095014409001868/g17725e10vk.htm"
  },
  {
    "date": "2008-09-30",
    "symbol": "HCA",
    "reportedCurrency": "USD",
    "cik": "0000860730",
    "fillingDate": "2008-11-13",
    "acceptedDate": "2008-11-13 12:11:26",
    "calendarYear": "2008",
    "period": "Q3",
    "revenue": 7002000000,
    "costOfRevenue": 1141000000,
    "grossProfit": 5861000000,
    "grossProfitRatio": 0.8370465581,
    "researchAndDevelopmentExpenses": 0,
    "generalAndAdministrativeExpenses": 2883000000,
    "sellingAndMarketingExpenses": 0,
    "sellingGeneralAndAdministrativeExpenses": 2883000000,
    "otherExpenses": 2315000000,
    "operatingExpenses": 5198000000,
    "costAndExpenses": 6339000000,
    "interestIncome": 0,
    "interestExpense": 497000000,
    "depreciationAndAmortization": 350000000,
    "ebitda": 1059000000,
    "ebitdaratio": 0.1512425021,
    "operatingIncome": 663000000,
    "operatingIncomeRatio": 0.0946872322,
    "totalOtherIncomeExpensesNet": -450000000,
    "incomeBeforeTax": 163000000,
    "incomeBeforeTaxRatio": 0.0232790631,
    "incomeTaxExpense": 77000000,
    "netIncome": 86000000,
    "netIncomeRatio": 0.0122822051,
    "eps": 0.25,
    "epsdiluted": 0.25,
    "weightedAverageShsOut": 340789000,
    "weightedAverageShsOutDil": 347487000,
    "link": "https://www.sec.gov/Archives/edgar/data/860730/000095014408008563/0000950144-08-008563-index.htm",
    "finalLink": "https://www.sec.gov/Archives/edgar/data/860730/000095014408008563/g16237e10vq.htm"
  },
  {
    "date": "2008-06-30",
    "symbol": "HCA",
    "reportedCurrency": "USD",
    "cik": "0000860730",
    "fillingDate": "2008-08-13",
    "acceptedDate": "2008-08-13 12:52:00",
    "calendarYear": "2008",
    "period": "Q2",
    "revenue": 6980000000,
    "costOfRevenue": 3990000000,
    "grossProfit": 2990000000,
    "grossProfitRatio": 0.4283667622,
    "researchAndDevelopmentExpenses": 0,
    "generalAndAdministrativeExpenses": 0,
    "sellingAndMarketingExpenses": 0,
    "sellingGeneralAndAdministrativeExpenses": 0,
    "otherExpenses": 2304000000,
    "operatingExpenses": 2304000000,
    "costAndExpenses": 6294000000,
    "interestIncome": 0,
    "interestExpense": 494000000,
    "depreciationAndAmortization": 355000000,
    "ebitda": 1047000000,
    "ebitdaratio": 0.15,
    "operatingIncome": 686000000,
    "operatingIncomeRatio": 0.0982808023,
    "totalOtherIncomeExpensesNet": -452000000,
    "incomeBeforeTax": 179000000,
    "incomeBeforeTaxRatio": 0.0256446991,
    "incomeTaxExpense": 38000000,
    "netIncome": 141000000,
    "netIncomeRatio": 0.0202005731,
    "eps": 0.41,
    "epsdiluted": 0.41,
    "weightedAverageShsOut": 340789000,
    "weightedAverageShsOutDil": 347487000,
    "link": "https://www.sec.gov/Archives/edgar/data/860730/000095014408006423/0000950144-08-006423-index.htm",
    "finalLink": "https://www.sec.gov/Archives/edgar/data/860730/000095014408006423/g14359e10vq.htm"
  },
  {
    "date": "2008-03-31",
    "symbol": "HCA",
    "reportedCurrency": "USD",
    "cik": "0000860730",
    "fillingDate": "2008-05-12",
    "acceptedDate": "2008-05-12 15:32:29",
    "calendarYear": "2008",
    "period": "Q1",
    "revenue": 7127000000,
    "costOfRevenue": 1173000000,
    "grossProfit": 5954000000,
    "grossProfitRatio": 0.8354146205,
    "researchAndDevelopmentExpenses": 0,
    "generalAndAdministrativeExpenses": 2839000000,
    "sellingAndMarketingExpenses": 0,
    "sellingGeneralAndAdministrativeExpenses": 2839000000,
    "otherExpenses": 2292000000,
    "operatingExpenses": 5131000000,
    "costAndExpenses": 6304000000,
    "interestIncome": 0,
    "interestExpense": 530000000,
    "depreciationAndAmortization": 357000000,
    "ebitda": 1231000000,
    "ebitdaratio": 0.1727234461,
    "operatingIncome": 823000000,
    "operatingIncomeRatio": 0.1154763575,
    "totalOtherIncomeExpensesNet": -412000000,
    "incomeBeforeTax": 288000000,
    "incomeBeforeTaxRatio": 0.0404097096,
    "incomeTaxExpense": 118000000,
    "netIncome": 170000000,
    "netIncomeRatio": 0.0238529536,
    "eps": 0.5,
    "epsdiluted": 0.49,
    "weightedAverageShsOut": 340789000,
    "weightedAverageShsOutDil": 347487000,
    "link": "https://www.sec.gov/Archives/edgar/data/860730/000095014408003991/0000950144-08-003991-index.htm",
    "finalLink": "https://www.sec.gov/Archives/edgar/data/860730/000095014408003991/g13045e10vq.htm"
  },
  {
    "date": "2007-12-31",
    "symbol": "HCA",
    "reportedCurrency": "USD",
    "cik": "0000860730",
    "fillingDate": "2008-03-28",
    "acceptedDate": "2008-03-27 21:54:34",
    "calendarYear": "2007",
    "period": "Q4",
    "revenue": 6883000000,
    "costOfRevenue": 1111000000,
    "grossProfit": 5772000000,
    "grossProfitRatio": 0.8385878251,
    "researchAndDevelopmentExpenses": 0,
    "generalAndAdministrativeExpenses": 2712000000,
    "sellingAndMarketingExpenses": 0,
    "sellingGeneralAndAdministrativeExpenses": 2712000000,
    "otherExpenses": 2269000000,
    "operatingExpenses": 4981000000,
    "costAndExpenses": 6092000000,
    "interestIncome": 0,
    "interestExpense": 541000000,
    "depreciationAndAmortization": 354000000,
    "ebitda": 1244000000,
    "ebitdaratio": 0.1807351446,
    "operatingIncome": 791000000,
    "operatingIncomeRatio": 0.1149208194,
    "totalOtherIncomeExpensesNet": -442000000,
    "incomeBeforeTax": 349000000,
    "incomeBeforeTaxRatio": 0.0507046346,
    "incomeTaxExpense": 71000000,
    "netIncome": 278000000,
    "netIncomeRatio": 0.0403893651,
    "eps": 0.65,
    "epsdiluted": 0.65,
    "weightedAverageShsOut": 426655000,
    "weightedAverageShsOutDil": 426655000,
    "link": "https://www.sec.gov/Archives/edgar/data/860730/000095014408002348/0000950144-08-002348-index.htm",
    "finalLink": "https://www.sec.gov/Archives/edgar/data/860730/000095014408002348/g12029e10vk.htm"
  },
  {
    "date": "2007-09-30",
    "symbol": "HCA",
    "reportedCurrency": "USD",
    "cik": "0000860730",
    "fillingDate": "2007-11-08",
    "acceptedDate": "2007-11-08 16:22:41",
    "calendarYear": "2007",
    "period": "Q3",
    "revenue": 6569000000,
    "costOfRevenue": 1085000000,
    "grossProfit": 5484000000,
    "grossProfitRatio": 0.8348302634,
    "researchAndDevelopmentExpenses": 0,
    "generalAndAdministrativeExpenses": 2701000000,
    "sellingAndMarketingExpenses": 0,
    "sellingGeneralAndAdministrativeExpenses": 2701000000,
    "otherExpenses": 2156000000,
    "operatingExpenses": 4857000000,
    "costAndExpenses": 5942000000,
    "interestIncome": 0,
    "interestExpense": 560000000,
    "depreciationAndAmortization": 356000000,
    "ebitda": 1255000000,
    "ebitdaratio": 0.1910488659,
    "operatingIncome": 627000000,
    "operatingIncomeRatio": 0.0954483179,
    "totalOtherIncomeExpensesNet": -238000000,
    "incomeBeforeTax": 339000000,
    "incomeBeforeTaxRatio": 0.0516060283,
    "incomeTaxExpense": 39000000,
    "netIncome": 300000000,
    "netIncomeRatio": 0.0456690516,
    "eps": 0.88,
    "epsdiluted": 0.86,
    "weightedAverageShsOut": 340789000,
    "weightedAverageShsOutDil": 347487000,
    "link": "https://www.sec.gov/Archives/edgar/data/860730/000095014407010129/0000950144-07-010129-index.htm",
    "finalLink": "https://www.sec.gov/Archives/edgar/data/860730/000095014407010129/g10130e10vq.htm"
  },
  {
    "date": "2007-06-30",
    "symbol": "HCA",
    "reportedCurrency": "USD",
    "cik": "0000860730",
    "fillingDate": "2007-08-14",
    "acceptedDate": "2007-08-14 16:36:47",
    "calendarYear": "2007",
    "period": "Q2",
    "revenue": 6729000000,
    "costOfRevenue": 1096000000,
    "grossProfit": 5633000000,
    "grossProfitRatio": 0.8371229009,
    "researchAndDevelopmentExpenses": 0,
    "generalAndAdministrativeExpenses": 2654000000,
    "sellingAndMarketingExpenses": 0,
    "sellingGeneralAndAdministrativeExpenses": 2654000000,
    "otherExpenses": 2160000000,
    "operatingExpenses": 4814000000,
    "costAndExpenses": 5910000000,
    "interestIncome": 0,
    "interestExpense": 557000000,
    "depreciationAndAmortization": 361000000,
    "ebitda": 1180000000,
    "ebitdaratio": 0.1753603804,
    "operatingIncome": 819000000,
    "operatingIncomeRatio": 0.1217119929,
    "totalOtherIncomeExpensesNet": -570000000,
    "incomeBeforeTax": 194000000,
    "incomeBeforeTaxRatio": 0.0288304354,
    "incomeTaxExpense": 78000000,
    "netIncome": 116000000,
    "netIncomeRatio": 0.0172388171,
    "eps": 0.34,
    "epsdiluted": 0.33,
    "weightedAverageShsOut": 340789000,
    "weightedAverageShsOutDil": 347487000,
    "link": "https://www.sec.gov/Archives/edgar/data/860730/000095014407007864/0000950144-07-007864-index.htm",
    "finalLink": "https://www.sec.gov/Archives/edgar/data/860730/000095014407007864/g08614e10vq.htm"
  },
  {
    "date": "2007-03-31",
    "symbol": "HCA",
    "reportedCurrency": "USD",
    "cik": "0000860730",
    "fillingDate": "2007-05-15",
    "acceptedDate": "2007-05-15 15:33:13",
    "calendarYear": "2007",
    "period": "Q1",
    "revenue": 6677000000,
    "costOfRevenue": 1103000000,
    "grossProfit": 5574000000,
    "grossProfitRatio": 0.8348060506,
    "researchAndDevelopmentExpenses": 0,
    "generalAndAdministrativeExpenses": 2647000000,
    "sellingAndMarketingExpenses": 0,
    "sellingGeneralAndAdministrativeExpenses": 2647000000,
    "otherExpenses": 2006000000,
    "operatingExpenses": 4653000000,
    "costAndExpenses": 5756000000,
    "interestIncome": 0,
    "interestExpense": 557000000,
    "depreciationAndAmortization": 355000000,
    "ebitda": 1220000000,
    "ebitdaratio": 0.182716789,
    "operatingIncome": 921000000,
    "operatingIncomeRatio": 0.1379361989,
    "totalOtherIncomeExpensesNet": -613000000,
    "incomeBeforeTax": 308000000,
    "incomeBeforeTaxRatio": 0.0461285008,
    "incomeTaxExpense": 128000000,
    "netIncome": 180000000,
    "netIncomeRatio": 0.0269582148,
    "eps": 0.53,
    "epsdiluted": 0.52,
    "weightedAverageShsOut": 340789000,
    "weightedAverageShsOutDil": 347487000,
    "link": "https://www.sec.gov/Archives/edgar/data/860730/000095014407004876/0000950144-07-004876-index.htm",
    "finalLink": "https://www.sec.gov/Archives/edgar/data/860730/000095014407004876/g06992e10vq.htm"
  },
  {
    "date": "2006-12-31",
    "symbol": "HCA",
    "reportedCurrency": "USD",
    "cik": "0000860730",
    "fillingDate": "2007-03-27",
    "acceptedDate": "2007-03-27 15:48:12",
    "calendarYear": "2006",
    "period": "Q4",
    "revenue": 6489000000,
    "costOfRevenue": 1071000000,
    "grossProfit": 5418000000,
    "grossProfitRatio": 0.8349514563,
    "researchAndDevelopmentExpenses": 0,
    "generalAndAdministrativeExpenses": 2593000000,
    "sellingAndMarketingExpenses": 0,
    "sellingGeneralAndAdministrativeExpenses": 2593000000,
    "otherExpenses": 1895000000,
    "operatingExpenses": 4488000000,
    "costAndExpenses": 5559000000,
    "interestIncome": 0,
    "interestExpense": 373000000,
    "depreciationAndAmortization": 346000000,
    "ebitda": 1276000000,
    "ebitdaratio": 0.1966404685,
    "operatingIncome": 930000000,
    "operatingIncomeRatio": 0.1433194637,
    "totalOtherIncomeExpensesNet": -727000000,
    "incomeBeforeTax": 203000000,
    "incomeBeforeTaxRatio": 0.0312837109,
    "incomeTaxExpense": 81000000,
    "netIncome": 122000000,
    "netIncomeRatio": 0.0188010479,
    "eps": 0.29,
    "epsdiluted": 0.29,
    "weightedAverageShsOut": 426655000,
    "weightedAverageShsOutDil": 426655000,
    "link": "https://www.sec.gov/Archives/edgar/data/860730/000095014407002713/0000950144-07-002713-index.htm",
    "finalLink": "https://www.sec.gov/Archives/edgar/data/860730/000095014407002713/g05969e10vk.htm"
  },
  {
    "date": "2006-09-30",
    "symbol": "HCA",
    "reportedCurrency": "USD",
    "cik": "0000860730",
    "fillingDate": "2006-10-31",
    "acceptedDate": "2006-10-30 21:45:05",
    "calendarYear": "2006",
    "period": "Q3",
    "revenue": 6213000000,
    "costOfRevenue": 1046000000,
    "grossProfit": 5167000000,
    "grossProfitRatio": 0.8316433285,
    "researchAndDevelopmentExpenses": 0,
    "generalAndAdministrativeExpenses": 2600000000,
    "sellingAndMarketingExpenses": 0,
    "sellingGeneralAndAdministrativeExpenses": 2600000000,
    "otherExpenses": 1979000000,
    "operatingExpenses": 4579000000,
    "costAndExpenses": 5625000000,
    "interestIncome": 0,
    "interestExpense": 200000000,
    "depreciationAndAmortization": 348000000,
    "ebitda": 924000000,
    "ebitdaratio": 0.1487204249,
    "operatingIncome": 588000000,
    "operatingIncomeRatio": 0.0946402704,
    "totalOtherIncomeExpensesNet": -195000000,
    "incomeBeforeTax": 376000000,
    "incomeBeforeTaxRatio": 0.0605182681,
    "incomeTaxExpense": 136000000,
    "netIncome": 240000000,
    "netIncomeRatio": 0.0386286818,
    "eps": 0.59,
    "epsdiluted": 0.59,
    "weightedAverageShsOut": 403366000,
    "weightedAverageShsOutDil": 409731000,
    "link": "https://www.sec.gov/Archives/edgar/data/860730/000095014406009947/0000950144-06-009947-index.htm",
    "finalLink": "https://www.sec.gov/Archives/edgar/data/860730/000095014406009947/g03789e10vq.htm"
  },
  {
    "date": "2006-06-30",
    "symbol": "HCA",
    "reportedCurrency": "USD",
    "cik": "0000860730",
    "fillingDate": "2006-08-04",
    "acceptedDate": "2006-08-04 16:31:16",
    "calendarYear": "2006",
    "period": "Q2",
    "revenue": 6360000000,
    "costOfRevenue": 1091000000,
    "grossProfit": 5269000000,
    "grossProfitRatio": 0.8284591195,
    "researchAndDevelopmentExpenses": 0,
    "generalAndAdministrativeExpenses": 0,
    "sellingAndMarketingExpenses": 0,
    "sellingGeneralAndAdministrativeExpenses": 2605000000,
    "otherExpenses": 1952000000,
    "operatingExpenses": 4557000000,
    "costAndExpenses": 5648000000,
    "interestIncome": 0,
    "interestExpense": 196000000,
    "depreciationAndAmortization": 352000000,
    "ebitda": 1023000000,
    "ebitdaratio": 0.1608490566,
    "operatingIncome": 712000000,
    "operatingIncomeRatio": 0.1119496855,
    "totalOtherIncomeExpensesNet": -237000000,
    "incomeBeforeTax": 475000000,
    "incomeBeforeTaxRatio": 0.0746855346,
    "incomeTaxExpense": 180000000,
    "netIncome": 295000000,
    "netIncomeRatio": 0.0463836478,
    "eps": 0.73,
    "epsdiluted": 0.72,
    "weightedAverageShsOut": 404666000,
    "weightedAverageShsOutDil": 411274000,
    "link": "https://www.sec.gov/Archives/edgar/data/860730/000095014406007372/0000950144-06-007372-index.htm",
    "finalLink": "https://www.sec.gov/Archives/edgar/data/860730/000095014406007372/g02531e10vq.htm"
  },
  {
    "date": "2006-03-31",
    "symbol": "HCA",
    "reportedCurrency": "USD",
    "cik": "0000860730",
    "fillingDate": "2006-05-10",
    "acceptedDate": "2006-05-10 14:46:58",
    "calendarYear": "2006",
    "period": "Q1",
    "revenue": 6415000000,
    "costOfRevenue": 1114000000,
    "grossProfit": 5301000000,
    "grossProfitRatio": 0.8263445051,
    "researchAndDevelopmentExpenses": 0,
    "generalAndAdministrativeExpenses": 0,
    "sellingAndMarketingExpenses": 0,
    "sellingGeneralAndAdministrativeExpenses": 2611000000,
    "otherExpenses": 1842000000,
    "operatingExpenses": 4453000000,
    "costAndExpenses": 5567000000,
    "interestIncome": 0,
    "interestExpense": 186000000,
    "depreciationAndAmortization": 345000000,
    "ebitda": 1138000000,
    "ebitdaratio": 0.1773967264,
    "operatingIncome": 848000000,
    "operatingIncomeRatio": 0.1321901793,
    "totalOtherIncomeExpensesNet": -241000000,
    "incomeBeforeTax": 607000000,
    "incomeBeforeTaxRatio": 0.0946219797,
    "incomeTaxExpense": 228000000,
    "netIncome": 379000000,
    "netIncomeRatio": 0.0590802806,
    "eps": 1.11,
    "epsdiluted": 1.09,
    "weightedAverageShsOut": 340789000,
    "weightedAverageShsOutDil": 347487000,
    "link": "https://www.sec.gov/Archives/edgar/data/860730/000095014406004786/0000950144-06-004786-index.htm",
    "finalLink": "https://www.sec.gov/Archives/edgar/data/860730/000095014406004786/g01059e10vq.htm"
  },
  {
    "date": "2005-12-31",
    "symbol": "HCA",
    "reportedCurrency": "USD",
    "cik": "0000860730",
    "fillingDate": "2006-03-14",
    "acceptedDate": "2006-03-14 17:23:13",
    "calendarYear": "2005",
    "period": "Q4",
    "revenue": 6178000000,
    "costOfRevenue": 1024000000,
    "grossProfit": 5154000000,
    "grossProfitRatio": 0.8342505665,
    "researchAndDevelopmentExpenses": 0,
    "generalAndAdministrativeExpenses": 0,
    "sellingAndMarketingExpenses": 0,
    "sellingGeneralAndAdministrativeExpenses": 2538000000,
    "otherExpenses": 1945000000,
    "operatingExpenses": 4483000000,
    "costAndExpenses": 5507000000,
    "interestIncome": 0,
    "interestExpense": 166000000,
    "depreciationAndAmortization": 336000000,
    "ebitda": 1010000000,
    "ebitdaratio": 0.1634833279,
    "operatingIncome": 671000000,
    "operatingIncomeRatio": 0.108611201,
    "totalOtherIncomeExpensesNet": -163000000,
    "incomeBeforeTax": 508000000,
    "incomeBeforeTaxRatio": 0.082227258,
    "incomeTaxExpense": 183000000,
    "netIncome": 325000000,
    "netIncomeRatio": 0.0526060214,
    "eps": 0.8,
    "epsdiluted": 0.8,
    "weightedAverageShsOut": 404666000,
    "weightedAverageShsOutDil": 404666000,
    "link": "https://www.sec.gov/Archives/edgar/data/860730/000095014406002233/0000950144-06-002233-index.htm",
    "finalLink": "https://www.sec.gov/Archives/edgar/data/860730/000095014406002233/g99681e10vk.htm"
  },
  {
    "date": "2005-09-30",
    "symbol": "HCA",
    "reportedCurrency": "USD",
    "cik": "0000860730",
    "fillingDate": "2005-11-08",
    "acceptedDate": "2005-11-08 16:33:43",
    "calendarYear": "2005",
    "period": "Q3",
    "revenue": 6025000000,
    "costOfRevenue": 1009000000,
    "grossProfit": 5016000000,
    "grossProfitRatio": 0.8325311203,
    "researchAndDevelopmentExpenses": 0,
    "generalAndAdministrativeExpenses": 0,
    "sellingAndMarketingExpenses": 0,
    "sellingGeneralAndAdministrativeExpenses": 2484000000,
    "otherExpenses": 1920000000,
    "operatingExpenses": 4404000000,
    "costAndExpenses": 5413000000,
    "interestIncome": 0,
    "interestExpense": 160000000,
    "depreciationAndAmortization": 337000000,
    "ebitda": 906000000,
    "ebitdaratio": 0.150373444,
    "operatingIncome": 612000000,
    "operatingIncomeRatio": 0.1015767635,
    "totalOtherIncomeExpensesNet": -203000000,
    "incomeBeforeTax": 409000000,
    "incomeBeforeTaxRatio": 0.0678838174,
    "incomeTaxExpense": 129000000,
    "netIncome": 280000000,
    "netIncomeRatio": 0.046473029,
    "eps": 0.63,
    "epsdiluted": 0.62,
    "weightedAverageShsOut": 448654000,
    "weightedAverageShsOutDil": 454878000,
    "link": "https://www.sec.gov/Archives/edgar/data/860730/000095014405011360/0000950144-05-011360-index.htm",
    "finalLink": "https://www.sec.gov/Archives/edgar/data/860730/000095014405011360/g97864e10vq.htm"
  },
  {
    "date": "2005-06-30",
    "symbol": "HCA",
    "reportedCurrency": "USD",
    "cik": "0000860730",
    "fillingDate": "2005-08-04",
    "acceptedDate": "2005-08-04 16:49:54",
    "calendarYear": "2005",
    "period": "Q2",
    "revenue": 6070000000,
    "costOfRevenue": 1042000000,
    "grossProfit": 5028000000,
    "grossProfitRatio": 0.8283360791,
    "researchAndDevelopmentExpenses": 0,
    "generalAndAdministrativeExpenses": 0,
    "sellingAndMarketingExpenses": 0,
    "sellingGeneralAndAdministrativeExpenses": 2463000000,
    "otherExpenses": 1811000000,
    "operatingExpenses": 4274000000,
    "costAndExpenses": 5316000000,
    "interestIncome": 0,
    "interestExpense": 165000000,
    "depreciationAndAmortization": 364000000,
    "ebitda": 1098000000,
    "ebitdaratio": 0.1808896211,
    "operatingIncome": 754000000,
    "operatingIncomeRatio": 0.1242174629,
    "totalOtherIncomeExpensesNet": -185000000,
    "incomeBeforeTax": 569000000,
    "incomeBeforeTaxRatio": 0.0937397035,
    "incomeTaxExpense": 164000000,
    "netIncome": 405000000,
    "netIncomeRatio": 0.0667215815,
    "eps": 0.91,
    "epsdiluted": 0.9,
    "weightedAverageShsOut": 443489000,
    "weightedAverageShsOutDil": 451731000,
    "link": "https://www.sec.gov/Archives/edgar/data/860730/000095014405008223/0000950144-05-008223-index.htm",
    "finalLink": "https://www.sec.gov/Archives/edgar/data/860730/000095014405008223/g96438e10vq.htm"
  },
  {
    "date": "2005-03-31",
    "symbol": "HCA",
    "reportedCurrency": "USD",
    "cik": "0000860730",
    "fillingDate": "2005-05-06",
    "acceptedDate": "2005-05-06 16:21:00",
    "calendarYear": "2005",
    "period": "Q1",
    "revenue": 6182000000,
    "costOfRevenue": 1051000000,
    "grossProfit": 5131000000,
    "grossProfitRatio": 0.8299902944,
    "researchAndDevelopmentExpenses": 0,
    "generalAndAdministrativeExpenses": 0,
    "sellingAndMarketingExpenses": 0,
    "sellingGeneralAndAdministrativeExpenses": 2443000000,
    "otherExpenses": 1821000000,
    "operatingExpenses": 4264000000,
    "costAndExpenses": 5315000000,
    "interestIncome": 0,
    "interestExpense": 164000000,
    "depreciationAndAmortization": 337000000,
    "ebitda": 1164000000,
    "ebitdaratio": 0.1882885797,
    "operatingIncome": 867000000,
    "operatingIncomeRatio": 0.1402458751,
    "totalOtherIncomeExpensesNet": -204000000,
    "incomeBeforeTax": 663000000,
    "incomeBeforeTaxRatio": 0.1072468457,
    "incomeTaxExpense": 249000000,
    "netIncome": 414000000,
    "netIncomeRatio": 0.0669686186,
    "eps": 0.97,
    "epsdiluted": 0.95,
    "weightedAverageShsOut": 427675000,
    "weightedAverageShsOutDil": 435660000,
    "link": "https://www.sec.gov/Archives/edgar/data/860730/000095014405005028/0000950144-05-005028-index.htm",
    "finalLink": "https://www.sec.gov/Archives/edgar/data/860730/000095014405005028/g94717e10vq.htm"
  },
  {
    "date": "2004-12-31",
    "symbol": "HCA",
    "reportedCurrency": "USD",
    "cik": "0000860730",
    "fillingDate": "2005-03-11",
    "acceptedDate": "2005-03-11 15:06:27",
    "calendarYear": "2004",
    "period": "Q4",
    "revenue": 5940000000,
    "costOfRevenue": 0,
    "grossProfit": 5940000000,
    "grossProfitRatio": 1,
    "researchAndDevelopmentExpenses": 0,
    "generalAndAdministrativeExpenses": 0,
    "sellingAndMarketingExpenses": 0,
    "sellingGeneralAndAdministrativeExpenses": 2402000000,
    "otherExpenses": 2853000000,
    "operatingExpenses": 5255000000,
    "costAndExpenses": 5255000000,
    "interestIncome": 0,
    "interestExpense": 0,
    "depreciationAndAmortization": 318000000,
    "ebitda": 1003000000,
    "ebitdaratio": 0.1688552189,
    "operatingIncome": 685000000,
    "operatingIncomeRatio": 0.1153198653,
    "totalOtherIncomeExpensesNet": -203000000,
    "incomeBeforeTax": 482000000,
    "incomeBeforeTaxRatio": 0.0811447811,
    "incomeTaxExpense": 160000000,
    "netIncome": 322000000,
    "netIncomeRatio": 0.0542087542,
    "eps": 0.75,
    "epsdiluted": 0.75,
    "weightedAverageShsOut": 427675000,
    "weightedAverageShsOutDil": 427675000,
    "link": "https://www.sec.gov/Archives/edgar/data/860730/000095014405002397/0000950144-05-002397-index.htm",
    "finalLink": "https://www.sec.gov/Archives/edgar/data/860730/000095014405002397/g93199e10vk.htm"
  },
  {
    "date": "2004-09-30",
    "symbol": "HCA",
    "reportedCurrency": "USD",
    "cik": "0000860730",
    "fillingDate": "2004-11-09",
    "acceptedDate": "2004-11-09 12:14:42",
    "calendarYear": "2004",
    "period": "Q3",
    "revenue": 5792000000,
    "costOfRevenue": 0,
    "grossProfit": 5792000000,
    "grossProfitRatio": 1,
    "researchAndDevelopmentExpenses": 0,
    "generalAndAdministrativeExpenses": 0,
    "sellingAndMarketingExpenses": 0,
    "sellingGeneralAndAdministrativeExpenses": 2350000000,
    "otherExpenses": 2891000000,
    "operatingExpenses": 5241000000,
    "costAndExpenses": 5241000000,
    "interestIncome": 0,
    "interestExpense": 138000000,
    "depreciationAndAmortization": 314000000,
    "ebitda": 877000000,
    "ebitdaratio": 0.1514157459,
    "operatingIncome": 551000000,
    "operatingIncomeRatio": 0.0951312155,
    "totalOtherIncomeExpensesNet": -184000000,
    "incomeBeforeTax": 367000000,
    "incomeBeforeTaxRatio": 0.0633632597,
    "incomeTaxExpense": 140000000,
    "netIncome": 227000000,
    "netIncomeRatio": 0.039191989,
    "eps": 0.47,
    "epsdiluted": 0.47,
    "weightedAverageShsOut": 481102000,
    "weightedAverageShsOutDil": 488484000,
    "link": "https://www.sec.gov/Archives/edgar/data/860730/000095014404010708/0000950144-04-010708-index.htm",
    "finalLink": "https://www.sec.gov/Archives/edgar/data/860730/000095014404010708/g91454e10vq.htm"
  },
  {
    "date": "2004-06-30",
    "symbol": "HCA",
    "reportedCurrency": "USD",
    "cik": "0000860730",
    "fillingDate": "2004-08-06",
    "acceptedDate": "2004-08-06 12:43:08",
    "calendarYear": "2004",
    "period": "Q2",
    "revenue": 5833000000,
    "costOfRevenue": 0,
    "grossProfit": 5833000000,
    "grossProfitRatio": 1,
    "researchAndDevelopmentExpenses": 0,
    "generalAndAdministrativeExpenses": 0,
    "sellingAndMarketingExpenses": 0,
    "sellingGeneralAndAdministrativeExpenses": 2334000000,
    "otherExpenses": 2763000000,
    "operatingExpenses": 5097000000,
    "costAndExpenses": 5097000000,
    "interestIncome": 0,
    "interestExpense": 136000000,
    "depreciationAndAmortization": 315000000,
    "ebitda": 1051000000,
    "ebitdaratio": 0.1801817247,
    "operatingIncome": 736000000,
    "operatingIncomeRatio": 0.1261786388,
    "totalOtherIncomeExpensesNet": -171000000,
    "incomeBeforeTax": 565000000,
    "incomeBeforeTaxRatio": 0.0968626779,
    "incomeTaxExpense": 213000000,
    "netIncome": 352000000,
    "netIncomeRatio": 0.0603463055,
    "eps": 0.73,
    "epsdiluted": 0.72,
    "weightedAverageShsOut": 482159000,
    "weightedAverageShsOutDil": 490261000,
    "link": "https://www.sec.gov/Archives/edgar/data/860730/000095014404007848/0000950144-04-007848-index.htm",
    "finalLink": "https://www.sec.gov/Archives/edgar/data/860730/000095014404007848/g90080e10vq.htm"
  },
  {
    "date": "2004-03-31",
    "symbol": "HCA",
    "reportedCurrency": "USD",
    "cik": "0000860730",
    "fillingDate": "2004-05-06",
    "acceptedDate": "2004-05-06 17:04:48",
    "calendarYear": "2004",
    "period": "Q1",
    "revenue": 5937000000,
    "costOfRevenue": 0,
    "grossProfit": 5937000000,
    "grossProfitRatio": 1,
    "researchAndDevelopmentExpenses": 0,
    "generalAndAdministrativeExpenses": 0,
    "sellingAndMarketingExpenses": 0,
    "sellingGeneralAndAdministrativeExpenses": 2333000000,
    "otherExpenses": 2872000000,
    "operatingExpenses": 5205000000,
    "costAndExpenses": 5205000000,
    "interestIncome": 0,
    "interestExpense": 135000000,
    "depreciationAndAmortization": 303000000,
    "ebitda": 1035000000,
    "ebitdaratio": 0.1743304699,
    "operatingIncome": 732000000,
    "operatingIncomeRatio": 0.1232945932,
    "totalOtherIncomeExpensesNet": -173000000,
    "incomeBeforeTax": 559000000,
    "incomeBeforeTaxRatio": 0.0941552973,
    "incomeTaxExpense": 214000000,
    "netIncome": 345000000,
    "netIncomeRatio": 0.0581101566,
    "eps": 0.71,
    "epsdiluted": 0.69,
    "weightedAverageShsOut": 487727000,
    "weightedAverageShsOutDil": 497621000,
    "link": "https://www.sec.gov/Archives/edgar/data/860730/000095014404004974/0000950144-04-004974-index.htm",
    "finalLink": "https://www.sec.gov/Archives/edgar/data/860730/000095014404004974/g88664e10vq.htm"
  },
  {
    "date": "2003-12-31",
    "symbol": "HCA",
    "reportedCurrency": "USD",
    "cik": "0000860730",
    "fillingDate": "2004-03-12",
    "acceptedDate": "2004-03-12 14:16:46",
    "calendarYear": "2003",
    "period": "Q4",
    "revenue": 5597000000,
    "costOfRevenue": 0,
    "grossProfit": 5597000000,
    "grossProfitRatio": 1,
    "researchAndDevelopmentExpenses": 0,
    "generalAndAdministrativeExpenses": 0,
    "sellingAndMarketingExpenses": 0,
    "sellingGeneralAndAdministrativeExpenses": 2219000000,
    "otherExpenses": 2718000000,
    "operatingExpenses": 4937000000,
    "costAndExpenses": 4937000000,
    "interestIncome": 0,
    "interestExpense": 0,
    "depreciationAndAmortization": 290000000,
    "ebitda": 950000000,
    "ebitdaratio": 0.169733786,
    "operatingIncome": 660000000,
    "operatingIncomeRatio": 0.1179203145,
    "totalOtherIncomeExpensesNet": -157000000,
    "incomeBeforeTax": 503000000,
    "incomeBeforeTaxRatio": 0.089869573,
    "incomeTaxExpense": 186000000,
    "netIncome": 317000000,
    "netIncomeRatio": 0.0566374844,
    "eps": 0.65,
    "epsdiluted": 0.65,
    "weightedAverageShsOut": 487722519,
    "weightedAverageShsOutDil": 487727000,
    "link": "https://www.sec.gov/Archives/edgar/data/860730/000095014404002392/0000950144-04-002392-index.htm",
    "finalLink": "https://www.sec.gov/Archives/edgar/data/860730/000095014404002392/g87412e10vk.htm"
  },
  {
    "date": "2003-09-30",
    "symbol": "HCA",
    "reportedCurrency": "USD",
    "cik": "0000860730",
    "fillingDate": "2003-11-13",
    "acceptedDate": "2003-11-13 12:20:32",
    "calendarYear": "2003",
    "period": "Q3",
    "revenue": 5471000000,
    "costOfRevenue": 0,
    "grossProfit": 5471000000,
    "grossProfitRatio": 1,
    "researchAndDevelopmentExpenses": 0,
    "generalAndAdministrativeExpenses": 0,
    "sellingAndMarketingExpenses": 0,
    "sellingGeneralAndAdministrativeExpenses": 2189000000,
    "otherExpenses": 2623000000,
    "operatingExpenses": 4812000000,
    "costAndExpenses": 4812000000,
    "interestIncome": 0,
    "interestExpense": 0,
    "depreciationAndAmortization": 283000000,
    "ebitda": 942000000,
    "ebitdaratio": 0.1721805886,
    "operatingIncome": 659000000,
    "operatingIncomeRatio": 0.1204532992,
    "totalOtherIncomeExpensesNet": -161000000,
    "incomeBeforeTax": 498000000,
    "incomeBeforeTaxRatio": 0.0910254067,
    "incomeTaxExpense": 192000000,
    "netIncome": 306000000,
    "netIncomeRatio": 0.055931274,
    "eps": 0.62,
    "epsdiluted": 0.61,
    "weightedAverageShsOut": 497424000,
    "weightedAverageShsOutDil": 505612000,
    "link": "https://www.sec.gov/Archives/edgar/data/860730/000095014403012752/0000950144-03-012752-index.htm",
    "finalLink": "https://www.sec.gov/Archives/edgar/data/860730/000095014403012752/g85400e10vq.htm"
  },
  {
    "date": "2003-06-30",
    "symbol": "HCA",
    "reportedCurrency": "USD",
    "cik": "0000860730",
    "fillingDate": "2003-08-11",
    "acceptedDate": "2003-08-11 16:14:55",
    "calendarYear": "2003",
    "period": "Q2",
    "revenue": 5467000000,
    "costOfRevenue": 0,
    "grossProfit": 5467000000,
    "grossProfitRatio": 1,
    "researchAndDevelopmentExpenses": 0,
    "generalAndAdministrativeExpenses": 0,
    "sellingAndMarketingExpenses": 0,
    "sellingGeneralAndAdministrativeExpenses": 2178000000,
    "otherExpenses": 2729000000,
    "operatingExpenses": 4907000000,
    "costAndExpenses": 4907000000,
    "interestIncome": 0,
    "interestExpense": 0,
    "depreciationAndAmortization": 278000000,
    "ebitda": 968000000,
    "ebitdaratio": 0.1770623742,
    "operatingIncome": 560000000,
    "operatingIncomeRatio": 0.1024327785,
    "totalOtherIncomeExpensesNet": -170000000,
    "incomeBeforeTax": 390000000,
    "incomeBeforeTaxRatio": 0.0713371136,
    "incomeTaxExpense": 150000000,
    "netIncome": 240000000,
    "netIncomeRatio": 0.0438997622,
    "eps": 0.47,
    "epsdiluted": 0.47,
    "weightedAverageShsOut": 506727000,
    "weightedAverageShsOutDil": 514412000,
    "link": "https://www.sec.gov/Archives/edgar/data/860730/000095014403009663/0000950144-03-009663-index.htm",
    "finalLink": "https://www.sec.gov/Archives/edgar/data/860730/000095014403009663/g83967e10vq.htm"
  },
  {
    "date": "2003-03-31",
    "symbol": "HCA",
    "reportedCurrency": "USD",
    "cik": "0000860730",
    "fillingDate": "2003-05-13",
    "acceptedDate": "2003-05-13 17:33:38",
    "calendarYear": "2003",
    "period": "Q1",
    "revenue": 5273000000,
    "costOfRevenue": 0,
    "grossProfit": 5273000000,
    "grossProfitRatio": 1,
    "researchAndDevelopmentExpenses": 0,
    "generalAndAdministrativeExpenses": 0,
    "sellingAndMarketingExpenses": 0,
    "sellingGeneralAndAdministrativeExpenses": 2096000000,
    "otherExpenses": 2259000000,
    "operatingExpenses": 4355000000,
    "costAndExpenses": 4355000000,
    "interestIncome": 0,
    "interestExpense": 0,
    "depreciationAndAmortization": 261000000,
    "ebitda": 261000000,
    "ebitdaratio": 0.0494974398,
    "operatingIncome": 918000000,
    "operatingIncomeRatio": 0.1740944434,
    "totalOtherIncomeExpensesNet": -153000000,
    "incomeBeforeTax": 765000000,
    "incomeBeforeTaxRatio": 0.1450787028,
    "incomeTaxExpense": 296000000,
    "netIncome": 469000000,
    "netIncomeRatio": 0.0889436753,
    "eps": 0.92,
    "epsdiluted": 0.9,
    "weightedAverageShsOut": 511287000,
    "weightedAverageShsOutDil": 522361000,
    "link": "https://www.sec.gov/Archives/edgar/data/860730/000095014403006577/0000950144-03-006577-index.htm",
    "finalLink": "https://www.sec.gov/Archives/edgar/data/860730/000095014403006577/g82193e10vq.htm"
  },
  {
    "date": "2002-12-31",
    "symbol": "HCA",
    "reportedCurrency": "USD",
    "cik": "0000860730",
    "fillingDate": "2003-03-28",
    "acceptedDate": "2003-03-28 17:16:34",
    "calendarYear": "2002",
    "period": "Q4",
    "revenue": 5024000000,
    "costOfRevenue": 0,
    "grossProfit": 5024000000,
    "grossProfitRatio": 1,
    "researchAndDevelopmentExpenses": 0,
    "generalAndAdministrativeExpenses": 0,
    "sellingAndMarketingExpenses": 0,
    "sellingGeneralAndAdministrativeExpenses": 2063000000,
    "otherExpenses": 2905000000,
    "operatingExpenses": 4968000000,
    "costAndExpenses": 4968000000,
    "interestIncome": 0,
    "interestExpense": 0,
    "depreciationAndAmortization": 258000000,
    "ebitda": 333000000,
    "ebitdaratio": 0.0662818471,
    "operatingIncome": 56000000,
    "operatingIncomeRatio": 0.0111464968,
    "totalOtherIncomeExpensesNet": -143000000,
    "incomeBeforeTax": -87000000,
    "incomeBeforeTaxRatio": -0.017316879,
    "incomeTaxExpense": 15000000,
    "netIncome": -102000000,
    "netIncomeRatio": -0.0203025478,
    "eps": -0.2,
    "epsdiluted": -0.2,
    "weightedAverageShsOut": 508528779,
    "weightedAverageShsOutDil": 511287000,
    "link": "https://www.sec.gov/Archives/edgar/data/860730/000095014403004080/0000950144-03-004080-index.htm",
    "finalLink": "https://www.sec.gov/Archives/edgar/data/860730/000095014403004080/g80778e10vk.htm"
  },
  {
    "date": "2002-09-30",
    "symbol": "HCA",
    "reportedCurrency": "USD",
    "cik": "0000860730",
    "fillingDate": "2002-11-14",
    "acceptedDate": "2002-11-13 17:59:42",
    "calendarYear": "2002",
    "period": "Q3",
    "revenue": 4929000000,
    "costOfRevenue": 0,
    "grossProfit": 4929000000,
    "grossProfitRatio": 1,
    "researchAndDevelopmentExpenses": 0,
    "generalAndAdministrativeExpenses": 0,
    "sellingAndMarketingExpenses": 0,
    "sellingGeneralAndAdministrativeExpenses": 1999000000,
    "otherExpenses": 2450000000,
    "operatingExpenses": 4449000000,
    "costAndExpenses": 4449000000,
    "interestIncome": 0,
    "interestExpense": 0,
    "depreciationAndAmortization": 253000000,
    "ebitda": 733000000,
    "ebitdaratio": 0.1487117062,
    "operatingIncome": 480000000,
    "operatingIncomeRatio": 0.0973828363,
    "totalOtherIncomeExpensesNet": -145000000,
    "incomeBeforeTax": 335000000,
    "incomeBeforeTaxRatio": 0.0679651045,
    "incomeTaxExpense": 135000000,
    "netIncome": 200000000,
    "netIncomeRatio": 0.0405761818,
    "eps": 0.39,
    "epsdiluted": 0.38,
    "weightedAverageShsOut": 513986000,
    "weightedAverageShsOutDil": 527260000,
    "link": "https://www.sec.gov/Archives/edgar/data/860730/000095014402011678/0000950144-02-011678-index.htm",
    "finalLink": "https://www.sec.gov/Archives/edgar/data/860730/000095014402011678/g78993e10vq.htm"
  },
  {
    "date": "2002-06-30",
    "symbol": "HCA",
    "reportedCurrency": "USD",
    "cik": "0000860730",
    "fillingDate": "2002-08-14",
    "acceptedDate": "2002-08-13 17:43:27",
    "calendarYear": "2002",
    "period": "Q2",
    "revenue": 4903000000,
    "costOfRevenue": 0,
    "grossProfit": 4903000000,
    "grossProfitRatio": 1,
    "researchAndDevelopmentExpenses": 0,
    "generalAndAdministrativeExpenses": 0,
    "sellingAndMarketingExpenses": 0,
    "sellingGeneralAndAdministrativeExpenses": 1960000000,
    "otherExpenses": 2212000000,
    "operatingExpenses": 4172000000,
    "costAndExpenses": 4172000000,
    "interestIncome": 0,
    "interestExpense": 0,
    "depreciationAndAmortization": 255000000,
    "ebitda": 986000000,
    "ebitdaratio": 0.2011013665,
    "operatingIncome": 731000000,
    "operatingIncomeRatio": 0.1490923924,
    "totalOtherIncomeExpensesNet": -150000000,
    "incomeBeforeTax": 581000000,
    "incomeBeforeTaxRatio": 0.1184988782,
    "incomeTaxExpense": 231000000,
    "netIncome": 350000000,
    "netIncomeRatio": 0.0713848664,
    "eps": 0.68,
    "epsdiluted": 0.66,
    "weightedAverageShsOut": 513185000,
    "weightedAverageShsOutDil": 528068000,
    "link": "https://www.sec.gov/Archives/edgar/data/860730/000095014402008475/0000950144-02-008475-index.htm",
    "finalLink": "https://www.sec.gov/Archives/edgar/data/860730/000095014402008475/g77539e10vq.htm"
  },
  {
    "date": "2002-03-31",
    "symbol": "HCA",
    "reportedCurrency": "USD",
    "cik": "0000860730",
    "fillingDate": "2002-05-10",
    "acceptedDate": "2002-05-10 17:15:03",
    "calendarYear": "2002",
    "period": "Q1",
    "revenue": 4873000000,
    "costOfRevenue": 0,
    "grossProfit": 4873000000,
    "grossProfitRatio": 1,
    "researchAndDevelopmentExpenses": 0,
    "generalAndAdministrativeExpenses": 0,
    "sellingAndMarketingExpenses": 0,
    "sellingGeneralAndAdministrativeExpenses": 1930000000,
    "otherExpenses": 2161000000,
    "operatingExpenses": 4091000000,
    "costAndExpenses": 4091000000,
    "interestIncome": 0,
    "interestExpense": 0,
    "depreciationAndAmortization": 244000000,
    "ebitda": 1026000000,
    "ebitdaratio": 0.2105479171,
    "operatingIncome": 782000000,
    "operatingIncomeRatio": 0.1604760928,
    "totalOtherIncomeExpensesNet": -156000000,
    "incomeBeforeTax": 626000000,
    "incomeBeforeTaxRatio": 0.1284629592,
    "incomeTaxExpense": 241000000,
    "netIncome": 385000000,
    "netIncomeRatio": 0.079006772,
    "eps": 0.76,
    "epsdiluted": 0.74,
    "weightedAverageShsOut": 508411000,
    "weightedAverageShsOutDil": 521588000,
    "link": "https://www.sec.gov/Archives/edgar/data/860730/000095014402005090/0000950144-02-005090-index.htm",
    "finalLink": "https://www.sec.gov/Archives/edgar/data/860730/000095014402005090/g75969e10-q.htm"
  },
  {
    "date": "2001-12-31",
    "symbol": "HCA",
    "reportedCurrency": "USD",
    "cik": "0000860730",
    "fillingDate": "2002-04-01",
    "acceptedDate": "2002-04-01 00:00:00",
    "calendarYear": "2001",
    "period": "Q4",
    "revenue": 4538000000,
    "costOfRevenue": 0,
    "grossProfit": 4538000000,
    "grossProfitRatio": 1,
    "researchAndDevelopmentExpenses": 0,
    "generalAndAdministrativeExpenses": 0,
    "sellingAndMarketingExpenses": 0,
    "sellingGeneralAndAdministrativeExpenses": 1867000000,
    "otherExpenses": 2396000000,
    "operatingExpenses": 4263000000,
    "costAndExpenses": 4263000000,
    "interestIncome": 0,
    "interestExpense": 0,
    "depreciationAndAmortization": 274000000,
    "ebitda": 549000000,
    "ebitdaratio": 0.1209784046,
    "operatingIncome": 275000000,
    "operatingIncomeRatio": 0.060599383,
    "totalOtherIncomeExpensesNet": -166000000,
    "incomeBeforeTax": 109000000,
    "incomeBeforeTaxRatio": 0.0240193918,
    "incomeTaxExpense": 51000000,
    "netIncome": 41000000,
    "netIncomeRatio": 0.0090348171,
    "eps": 0.0806,
    "epsdiluted": 0.0806,
    "weightedAverageShsOut": 508411000,
    "weightedAverageShsOutDil": 508411000,
    "link": "https://www.sec.gov/Archives/edgar/data/860730/000095014402003256/0000950144-02-003256-index.htm",
    "finalLink": "https://www.sec.gov/Archives/edgar/data/860730/000095014402003256/g74708e10-k405.txt"
  },
  {
    "date": "2001-09-30",
    "symbol": "HCA",
    "reportedCurrency": "USD",
    "cik": "0000860730",
    "fillingDate": "2001-11-14",
    "acceptedDate": "2001-11-14 00:00:00",
    "calendarYear": "2001",
    "period": "Q3",
    "revenue": 4438000000,
    "costOfRevenue": 0,
    "grossProfit": 4438000000,
    "grossProfitRatio": 1,
    "researchAndDevelopmentExpenses": 0,
    "generalAndAdministrativeExpenses": 0,
    "sellingAndMarketingExpenses": 0,
    "sellingGeneralAndAdministrativeExpenses": 1808000000,
    "otherExpenses": 2020000000,
    "operatingExpenses": 3828000000,
    "costAndExpenses": 3828000000,
    "interestIncome": 0,
    "interestExpense": 0,
    "depreciationAndAmortization": 255000000,
    "ebitda": 865000000,
    "ebitdaratio": 0.194907616,
    "operatingIncome": 610000000,
    "operatingIncomeRatio": 0.1374493015,
    "totalOtherIncomeExpensesNet": -170000000,
    "incomeBeforeTax": 423000000,
    "incomeBeforeTaxRatio": 0.0953132041,
    "incomeTaxExpense": 167000000,
    "netIncome": 256000000,
    "netIncomeRatio": 0.0576836413,
    "eps": 0.5,
    "epsdiluted": 0.48,
    "weightedAverageShsOut": 513873000,
    "weightedAverageShsOutDil": 529491000,
    "link": "https://www.sec.gov/Archives/edgar/data/860730/000095014401509091/0000950144-01-509091-index.htm",
    "finalLink": "https://www.sec.gov/Archives/edgar/data/860730/000095014401509091/g72542e10-q.htm"
  },
  {
    "date": "2001-06-30",
    "symbol": "HCA",
    "reportedCurrency": "USD",
    "cik": "0000860730",
    "fillingDate": "2001-08-14",
    "acceptedDate": "2001-08-14 00:00:00",
    "calendarYear": "2001",
    "period": "Q2",
    "revenue": 4476000000,
    "costOfRevenue": 0,
    "grossProfit": 4476000000,
    "grossProfitRatio": 1,
    "researchAndDevelopmentExpenses": 0,
    "generalAndAdministrativeExpenses": 0,
    "sellingAndMarketingExpenses": 0,
    "sellingGeneralAndAdministrativeExpenses": 1822000000,
    "otherExpenses": 2042000000,
    "operatingExpenses": 3864000000,
    "costAndExpenses": 3864000000,
    "interestIncome": 0,
    "interestExpense": 0,
    "depreciationAndAmortization": 262000000,
    "ebitda": 879000000,
    "ebitdaratio": 0.1963806971,
    "operatingIncome": 612000000,
    "operatingIncomeRatio": 0.1367292225,
    "totalOtherIncomeExpensesNet": -181000000,
    "incomeBeforeTax": 891000000,
    "incomeBeforeTaxRatio": 0.1990616622,
    "incomeTaxExpense": 168000000,
    "netIncome": 263000000,
    "netIncomeRatio": 0.0587578195,
    "eps": 0.49,
    "epsdiluted": 0.48,
    "weightedAverageShsOut": 531617000,
    "weightedAverageShsOutDil": 545815000,
    "link": "https://www.sec.gov/Archives/edgar/data/860730/000095014401505928/0000950144-01-505928-index.htm",
    "finalLink": "https://www.sec.gov/Archives/edgar/data/860730/000095014401505928/g70963e10-q.txt"
  },
  {
    "date": "2001-03-31",
    "symbol": "HCA",
    "reportedCurrency": "USD",
    "cik": "0000860730",
    "fillingDate": "2001-05-11",
    "acceptedDate": "2001-05-11 00:00:00",
    "calendarYear": "2001",
    "period": "Q1",
    "revenue": 4501000000,
    "costOfRevenue": 0,
    "grossProfit": 4501000000,
    "grossProfitRatio": 1,
    "researchAndDevelopmentExpenses": 0,
    "generalAndAdministrativeExpenses": 0,
    "sellingAndMarketingExpenses": 0,
    "sellingGeneralAndAdministrativeExpenses": 1782000000,
    "otherExpenses": 1991000000,
    "operatingExpenses": 3773000000,
    "costAndExpenses": 3773000000,
    "interestIncome": 0,
    "interestExpense": 0,
    "depreciationAndAmortization": 257000000,
    "ebitda": 985000000,
    "ebitdaratio": 0.2188402577,
    "operatingIncome": 728000000,
    "operatingIncomeRatio": 0.1617418351,
    "totalOtherIncomeExpensesNet": -186000000,
    "incomeBeforeTax": 542000000,
    "incomeBeforeTaxRatio": 0.120417685,
    "incomeTaxExpense": 216000000,
    "netIncome": 326000000,
    "netIncomeRatio": 0.0724283493,
    "eps": 0.6,
    "epsdiluted": 0.59,
    "weightedAverageShsOut": 541381000,
    "weightedAverageShsOutDil": 554818000,
    "link": "https://www.sec.gov/Archives/edgar/data/860730/000095014401502000/0000950144-01-502000-index.htm",
    "finalLink": "https://www.sec.gov/Archives/edgar/data/860730/000095014401502000/g69068e10-q.txt"
  },
  {
    "date": "2000-12-31",
    "symbol": "HCA",
    "reportedCurrency": "USD",
    "cik": "0000860730",
    "fillingDate": "2001-03-30",
    "acceptedDate": "2001-03-30 00:00:00",
    "calendarYear": "2000",
    "period": "Q4",
    "revenue": 4173000000,
    "costOfRevenue": 0,
    "grossProfit": 4173000000,
    "grossProfitRatio": 1,
    "researchAndDevelopmentExpenses": 0,
    "generalAndAdministrativeExpenses": 0,
    "sellingAndMarketingExpenses": 0,
    "sellingGeneralAndAdministrativeExpenses": 1683000000,
    "otherExpenses": 2208000000,
    "operatingExpenses": 3891000000,
    "costAndExpenses": 3891000000,
    "interestIncome": 0,
    "interestExpense": 0,
    "depreciationAndAmortization": 255000000,
    "ebitda": 637000000,
    "ebitdaratio": 0.1526479751,
    "operatingIncome": 282000000,
    "operatingIncomeRatio": 0.0675772825,
    "totalOtherIncomeExpensesNet": -181000000,
    "incomeBeforeTax": 101000000,
    "incomeBeforeTaxRatio": 0.0242032111,
    "incomeTaxExpense": 80000000,
    "netIncome": 21000000,
    "netIncomeRatio": 0.0050323508,
    "eps": 0.0388,
    "epsdiluted": 0.0388,
    "weightedAverageShsOut": 541381000,
    "weightedAverageShsOutDil": 541381000,
    "link": "https://www.sec.gov/Archives/edgar/data/860730/000095014401004301/0000950144-01-004301-index.htm",
    "finalLink": "https://www.sec.gov/Archives/edgar/data/860730/000095014401004301/g67490e10-k.txt"
  },
  {
    "date": "2000-09-30",
    "symbol": "HCA",
    "reportedCurrency": "USD",
    "cik": "0000860730",
    "fillingDate": "2000-11-08",
    "acceptedDate": "2000-11-08 00:00:00",
    "calendarYear": "2000",
    "period": "Q3",
    "revenue": 4093000000,
    "costOfRevenue": 0,
    "grossProfit": 4093000000,
    "grossProfitRatio": 1,
    "researchAndDevelopmentExpenses": 0,
    "generalAndAdministrativeExpenses": 0,
    "sellingAndMarketingExpenses": 0,
    "sellingGeneralAndAdministrativeExpenses": 1650000000,
    "otherExpenses": 1961000000,
    "operatingExpenses": 3611000000,
    "costAndExpenses": 3611000000,
    "interestIncome": 0,
    "interestExpense": 0,
    "depreciationAndAmortization": 257000000,
    "ebitda": 756000000,
    "ebitdaratio": 0.1847055949,
    "operatingIncome": 482000000,
    "operatingIncomeRatio": 0.1177620327,
    "totalOtherIncomeExpensesNet": -189000000,
    "incomeBeforeTax": 293000000,
    "incomeBeforeTaxRatio": 0.071585634,
    "incomeTaxExpense": 119000000,
    "netIncome": 174000000,
    "netIncomeRatio": 0.0425116052,
    "eps": 0.31,
    "epsdiluted": 0.31,
    "weightedAverageShsOut": 553642000,
    "weightedAverageShsOutDil": 566470000,
    "link": "https://www.sec.gov/Archives/edgar/data/860730/000095014400013130/0000950144-00-013130-index.htm",
    "finalLink": "https://www.sec.gov/Archives/edgar/data/860730/000095014400013130/g64930e10-q.txt"
  },
  {
    "date": "2000-06-30",
    "symbol": "HCA",
    "reportedCurrency": "USD",
    "cik": "0000860730",
    "fillingDate": "2000-08-07",
    "acceptedDate": "2000-08-07 00:00:00",
    "calendarYear": "2000",
    "period": "Q2",
    "revenue": 4133000000,
    "costOfRevenue": 0,
    "grossProfit": 4133000000,
    "grossProfitRatio": 1,
    "researchAndDevelopmentExpenses": 0,
    "generalAndAdministrativeExpenses": 0,
    "sellingAndMarketingExpenses": 0,
    "sellingGeneralAndAdministrativeExpenses": 1645000000,
    "otherExpenses": 2681000000,
    "operatingExpenses": 4326000000,
    "costAndExpenses": 4326000000,
    "interestIncome": 0,
    "interestExpense": 0,
    "depreciationAndAmortization": 265000000,
    "ebitda": 72000000,
    "ebitdaratio": 0.0174207597,
    "operatingIncome": -193000000,
    "operatingIncomeRatio": -0.0466973143,
    "totalOtherIncomeExpensesNet": -518000000,
    "incomeBeforeTax": -711000000,
    "incomeBeforeTaxRatio": -0.1720300024,
    "incomeTaxExpense": -98000000,
    "netIncome": -272000000,
    "netIncomeRatio": -0.065811759,
    "eps": -0.49,
    "epsdiluted": -0.49,
    "weightedAverageShsOut": 554759000,
    "weightedAverageShsOutDil": 554759000,
    "link": "https://www.sec.gov/Archives/edgar/data/860730/000095014400009475/0000950144-00-009475-index.htm",
    "finalLink": "https://www.sec.gov/Archives/edgar/data/860730/000095014400009475/e10-q.txt"
  },
  {
    "date": "2000-03-31",
    "symbol": "HCA",
    "reportedCurrency": "USD",
    "cik": "0000860730",
    "fillingDate": "2000-05-11",
    "acceptedDate": "2000-05-11 00:00:00",
    "calendarYear": "2000",
    "period": "Q1",
    "revenue": 4271000000,
    "costOfRevenue": 0,
    "grossProfit": 4271000000,
    "grossProfitRatio": 1,
    "researchAndDevelopmentExpenses": 0,
    "generalAndAdministrativeExpenses": 0,
    "sellingAndMarketingExpenses": 0,
    "sellingGeneralAndAdministrativeExpenses": 1661000000,
    "otherExpenses": 1960000000,
    "operatingExpenses": 3621000000,
    "costAndExpenses": 3621000000,
    "interestIncome": 0,
    "interestExpense": 0,
    "depreciationAndAmortization": 256000000,
    "ebitda": 906000000,
    "ebitdaratio": 0.2121283072,
    "operatingIncome": 650000000,
    "operatingIncomeRatio": 0.1521891829,
    "totalOtherIncomeExpensesNet": -158000000,
    "incomeBeforeTax": 492000000,
    "incomeBeforeTaxRatio": 0.1151955046,
    "incomeTaxExpense": 196000000,
    "netIncome": 296000000,
    "netIncomeRatio": 0.0693046125,
    "eps": 0.53,
    "epsdiluted": 0.52,
    "weightedAverageShsOut": 563239000,
    "weightedAverageShsOutDil": 573054000,
    "link": "https://www.sec.gov/Archives/edgar/data/860730/000095014400006323/0000950144-00-006323-index.html",
    "finalLink": "https://www.sec.gov/Archives/edgar/data/860730/000095014400006323/"
  },
  {
    "date": "1999-12-31",
    "symbol": "HCA",
    "reportedCurrency": "USD",
    "cik": "0000860730",
    "fillingDate": "2000-03-30",
    "acceptedDate": "2000-03-30 00:00:00",
    "calendarYear": "1999",
    "period": "Q4",
    "revenue": 3942000000,
    "costOfRevenue": 0,
    "grossProfit": 3942000000,
    "grossProfitRatio": 1,
    "researchAndDevelopmentExpenses": 0,
    "generalAndAdministrativeExpenses": 0,
    "sellingAndMarketingExpenses": 0,
    "sellingGeneralAndAdministrativeExpenses": 645000000,
    "otherExpenses": 7201000000,
    "operatingExpenses": 7846000000,
    "costAndExpenses": 3401000000,
    "interestIncome": 0,
    "interestExpense": 0,
    "depreciationAndAmortization": 1930000000,
    "ebitda": 2471000000,
    "ebitdaratio": 0.6268391679,
    "operatingIncome": 541000000,
    "operatingIncomeRatio": 0.1372399797,
    "totalOtherIncomeExpensesNet": -338000000,
    "incomeBeforeTax": 203000000,
    "incomeBeforeTaxRatio": 0.0514967022,
    "incomeTaxExpense": 112000000,
    "netIncome": 91000000,
    "netIncomeRatio": 0.0230847286,
    "eps": 0.16,
    "epsdiluted": 0.16,
    "weightedAverageShsOut": 563239000,
    "weightedAverageShsOutDil": 563239000,
    "link": "https://www.sec.gov/Archives/edgar/data/860730/000095014400004018/0000950144-00-004018-index.html",
    "finalLink": "https://www.sec.gov/Archives/edgar/data/860730/000095014400004018/"
  },
  {
    "date": "1999-09-30",
    "symbol": "HCA",
    "reportedCurrency": "USD",
    "cik": "0000860730",
    "fillingDate": "1999-11-15",
    "acceptedDate": "1999-11-15 00:00:00",
    "calendarYear": "1999",
    "period": "Q3",
    "revenue": 3899000000,
    "costOfRevenue": 1351000000,
    "grossProfit": 2548000000,
    "grossProfitRatio": 0.6535008977,
    "researchAndDevelopmentExpenses": 0,
    "generalAndAdministrativeExpenses": 0,
    "sellingAndMarketingExpenses": 0,
    "sellingGeneralAndAdministrativeExpenses": 1901000000,
    "otherExpenses": 262000000,
    "operatingExpenses": 2163000000,
    "costAndExpenses": 3514000000,
    "interestIncome": 0,
    "interestExpense": 0,
    "depreciationAndAmortization": -262000000,
    "ebitda": 647000000,
    "ebitdaratio": 0.1659399846,
    "operatingIncome": 385000000,
    "operatingIncomeRatio": 0.0987432675,
    "totalOtherIncomeExpensesNet": -151000000,
    "incomeBeforeTax": 234000000,
    "incomeBeforeTaxRatio": 0.0600153886,
    "incomeTaxExpense": 96000000,
    "netIncome": 138000000,
    "netIncomeRatio": 0.0353936907,
    "eps": 0.25,
    "epsdiluted": 0.24,
    "weightedAverageShsOut": 552000000,
    "weightedAverageShsOutDil": 575000000,
    "link": "https://www.sec.gov/Archives/edgar/data/860730/000095014499013344/0000950144-99-013344-index.html",
    "finalLink": "https://www.sec.gov/Archives/edgar/data/860730/000095014499013344/"
  },
  {
    "date": "1999-06-30",
    "symbol": "HCA",
    "reportedCurrency": "USD",
    "cik": "0000860730",
    "fillingDate": "1999-08-10",
    "acceptedDate": "1999-08-10 00:00:00",
    "calendarYear": "1999",
    "period": "Q2",
    "revenue": 4161000000,
    "costOfRevenue": 1480000000,
    "grossProfit": 2681000000,
    "grossProfitRatio": 0.6443162701,
    "researchAndDevelopmentExpenses": 0,
    "generalAndAdministrativeExpenses": 0,
    "sellingAndMarketingExpenses": 0,
    "sellingGeneralAndAdministrativeExpenses": 2005000000,
    "otherExpenses": 278000000,
    "operatingExpenses": 2283000000,
    "costAndExpenses": 3763000000,
    "interestIncome": 0,
    "interestExpense": 0,
    "depreciationAndAmortization": -278000000,
    "ebitda": 676000000,
    "ebitdaratio": 0.1624609469,
    "operatingIncome": 398000000,
    "operatingIncomeRatio": 0.0956500841,
    "totalOtherIncomeExpensesNet": -178000000,
    "incomeBeforeTax": 220000000,
    "incomeBeforeTaxRatio": 0.0528719058,
    "incomeTaxExpense": 114000000,
    "netIncome": 106000000,
    "netIncomeRatio": 0.0254746455,
    "eps": 0.18,
    "epsdiluted": 0.18,
    "weightedAverageShsOut": 588888889,
    "weightedAverageShsOutDil": 588888889,
    "link": "https://www.sec.gov/Archives/edgar/data/860730/000095014499009792/0000950144-99-009792-index.html",
    "finalLink": "https://www.sec.gov/Archives/edgar/data/860730/000095014499009792/"
  },
  {
    "date": "1999-03-31",
    "symbol": "HCA",
    "reportedCurrency": "USD",
    "cik": "0000860730",
    "fillingDate": "1999-05-14",
    "acceptedDate": "1999-05-14 00:00:00",
    "calendarYear": "1999",
    "period": "Q1",
    "revenue": 4655000000,
    "costOfRevenue": 1614000000,
    "grossProfit": 3041000000,
    "grossProfitRatio": 0.6532760473,
    "researchAndDevelopmentExpenses": 0,
    "generalAndAdministrativeExpenses": 0,
    "sellingAndMarketingExpenses": 0,
    "sellingGeneralAndAdministrativeExpenses": 2198000000,
    "otherExpenses": 296000000,
    "operatingExpenses": 2494000000,
    "costAndExpenses": 4108000000,
    "interestIncome": 0,
    "interestExpense": 0,
    "depreciationAndAmortization": -296000000,
    "ebitda": 843000000,
    "ebitdaratio": 0.1810955961,
    "operatingIncome": 547000000,
    "operatingIncomeRatio": 0.1175080559,
    "totalOtherIncomeExpensesNet": 23000000,
    "incomeBeforeTax": 570000000,
    "incomeBeforeTaxRatio": 0.1224489796,
    "incomeTaxExpense": 248000000,
    "netIncome": 322000000,
    "netIncomeRatio": 0.0691729323,
    "eps": 0.5,
    "epsdiluted": 0.5,
    "weightedAverageShsOut": 644000000,
    "weightedAverageShsOutDil": 644000000,
    "link": "https://www.sec.gov/Archives/edgar/data/860730/000095014499006087/0000950144-99-006087-index.html",
    "finalLink": "https://www.sec.gov/Archives/edgar/data/860730/"
  },
  {
    "date": "1998-12-31",
    "symbol": "HCA",
    "reportedCurrency": "USD",
    "cik": "0000860730",
    "fillingDate": "1999-03-30",
    "acceptedDate": "1999-03-30 00:00:00",
    "calendarYear": "1998",
    "period": "Q4",
    "revenue": 4420000000,
    "costOfRevenue": 0,
    "grossProfit": 4420000000,
    "grossProfitRatio": 1,
    "researchAndDevelopmentExpenses": 0,
    "generalAndAdministrativeExpenses": 0,
    "sellingAndMarketingExpenses": 0,
    "sellingGeneralAndAdministrativeExpenses": 848000000,
    "otherExpenses": 8115000000,
    "operatingExpenses": 8963000000,
    "costAndExpenses": 3953000000,
    "interestIncome": 0,
    "interestExpense": 0,
    "depreciationAndAmortization": 2179000000,
    "ebitda": 2646000000,
    "ebitdaratio": 0.5986425339,
    "operatingIncome": 467000000,
    "operatingIncomeRatio": 0.1056561086,
    "totalOtherIncomeExpensesNet": -452000000,
    "incomeBeforeTax": 15000000,
    "incomeBeforeTaxRatio": 0.0033936652,
    "incomeTaxExpense": 38000000,
    "netIncome": -42000000,
    "netIncomeRatio": -0.0095022624,
    "eps": -0.0652,
    "epsdiluted": -0.0652,
    "weightedAverageShsOut": 637744995,
    "weightedAverageShsOutDil": 644000000,
    "link": "https://www.sec.gov/Archives/edgar/data/860730/000095014499003522/0000950144-99-003522-index.html",
    "finalLink": "https://www.sec.gov/Archives/edgar/data/860730/"
  },
  {
    "date": "1998-09-30",
    "symbol": "HCA",
    "reportedCurrency": "USD",
    "cik": "0000860730",
    "fillingDate": "1998-11-12",
    "acceptedDate": "1998-11-12 00:00:00",
    "calendarYear": "1998",
    "period": "Q3",
    "revenue": 4579000000,
    "costOfRevenue": 1644000000,
    "grossProfit": 2935000000,
    "grossProfitRatio": 0.640969644,
    "researchAndDevelopmentExpenses": 0,
    "generalAndAdministrativeExpenses": 0,
    "sellingAndMarketingExpenses": 0,
    "sellingGeneralAndAdministrativeExpenses": 2269000000,
    "otherExpenses": 312000000,
    "operatingExpenses": 2581000000,
    "costAndExpenses": 4225000000,
    "interestIncome": 0,
    "interestExpense": 0,
    "depreciationAndAmortization": -312000000,
    "ebitda": 666000000,
    "ebitdaratio": 0.1454466041,
    "operatingIncome": 354000000,
    "operatingIncomeRatio": 0.0773094562,
    "totalOtherIncomeExpensesNet": 40000000,
    "incomeBeforeTax": 394000000,
    "incomeBeforeTaxRatio": 0.086044988,
    "incomeTaxExpense": 231000000,
    "netIncome": 146000000,
    "netIncomeRatio": 0.031884691,
    "eps": 0.22,
    "epsdiluted": 0.22,
    "weightedAverageShsOut": 663636364,
    "weightedAverageShsOutDil": 663636364,
    "link": "https://www.sec.gov/Archives/edgar/data/860730/000093066198002322/0000930661-98-002322-index.html",
    "finalLink": "https://www.sec.gov/Archives/edgar/data/860730/"
  },
  {
    "date": "1998-06-30",
    "symbol": "HCA",
    "reportedCurrency": "USD",
    "cik": "0000860730",
    "fillingDate": "1998-08-13",
    "acceptedDate": "1998-08-13 00:00:00",
    "calendarYear": "1998",
    "period": "Q2",
    "revenue": 4781000000,
    "costOfRevenue": 1680000000,
    "grossProfit": 3101000000,
    "grossProfitRatio": 0.6486090776,
    "researchAndDevelopmentExpenses": 0,
    "generalAndAdministrativeExpenses": 0,
    "sellingAndMarketingExpenses": 0,
    "sellingGeneralAndAdministrativeExpenses": 2338000000,
    "otherExpenses": 311000000,
    "operatingExpenses": 2649000000,
    "costAndExpenses": 4329000000,
    "interestIncome": 0,
    "interestExpense": 0,
    "depreciationAndAmortization": -311000000,
    "ebitda": 761000000,
    "ebitdaratio": 0.1591717214,
    "operatingIncome": 452000000,
    "operatingIncomeRatio": 0.094540891,
    "totalOtherIncomeExpensesNet": -161000000,
    "incomeBeforeTax": 291000000,
    "incomeBeforeTaxRatio": 0.0608659276,
    "incomeTaxExpense": 118000000,
    "netIncome": 78000000,
    "netIncomeRatio": 0.0163145785,
    "eps": 0.12,
    "epsdiluted": 0.12,
    "weightedAverageShsOut": 650000000,
    "weightedAverageShsOutDil": 650000000,
    "link": "https://www.sec.gov/Archives/edgar/data/860730/000093066198001760/0000930661-98-001760-index.html",
    "finalLink": "https://www.sec.gov/Archives/edgar/data/860730/"
  },
  {
    "date": "1998-03-31",
    "symbol": "HCA",
    "reportedCurrency": "USD",
    "cik": "0000860730",
    "fillingDate": "1998-05-11",
    "acceptedDate": "1998-05-11 00:00:00",
    "calendarYear": "1998",
    "period": "Q1",
    "revenue": 4901000000,
    "costOfRevenue": 1686000000,
    "grossProfit": 3215000000,
    "grossProfitRatio": 0.6559885738,
    "researchAndDevelopmentExpenses": 0,
    "generalAndAdministrativeExpenses": 0,
    "sellingAndMarketingExpenses": 0,
    "sellingGeneralAndAdministrativeExpenses": 2356000000,
    "otherExpenses": 309000000,
    "operatingExpenses": 2665000000,
    "costAndExpenses": 4351000000,
    "interestIncome": 0,
    "interestExpense": 0,
    "depreciationAndAmortization": -309000000,
    "ebitda": 855000000,
    "ebitdaratio": 0.174454193,
    "operatingIncome": 550000000,
    "operatingIncomeRatio": 0.1122219955,
    "totalOtherIncomeExpensesNet": -169000000,
    "incomeBeforeTax": 381000000,
    "incomeBeforeTaxRatio": 0.0777392369,
    "incomeTaxExpense": 162000000,
    "netIncome": 197000000,
    "netIncomeRatio": 0.0401958784,
    "eps": 0.31,
    "epsdiluted": 0.31,
    "weightedAverageShsOut": 635483871,
    "weightedAverageShsOutDil": 635483871,
    "link": "https://www.sec.gov/Archives/edgar/data/860730/000093066198001058/0000930661-98-001058-index.html",
    "finalLink": "https://www.sec.gov/Archives/edgar/data/860730/"
  },
  {
    "date": "1997-12-31",
    "symbol": "HCA",
    "reportedCurrency": "USD",
    "cik": "0000860730",
    "fillingDate": "1998-03-31",
    "acceptedDate": "1998-03-31 00:00:00",
    "calendarYear": "1997",
    "period": "Q4",
    "revenue": 4374000000,
    "costOfRevenue": 0,
    "grossProfit": 4374000000,
    "grossProfitRatio": 1,
    "researchAndDevelopmentExpenses": 0,
    "generalAndAdministrativeExpenses": 0,
    "sellingAndMarketingExpenses": 0,
    "sellingGeneralAndAdministrativeExpenses": 1034000000,
    "otherExpenses": 9094000000,
    "operatingExpenses": 10128000000,
    "costAndExpenses": 5190000000,
    "interestIncome": 0,
    "interestExpense": 0,
    "depreciationAndAmortization": 2161000000,
    "ebitda": 1345000000,
    "ebitdaratio": 0.3074988569,
    "operatingIncome": -816000000,
    "operatingIncomeRatio": -0.1865569273,
    "totalOtherIncomeExpensesNet": -349000000,
    "incomeBeforeTax": -1165000000,
    "incomeBeforeTaxRatio": -0.2663465935,
    "incomeTaxExpense": -416000000,
    "netIncome": -1293000000,
    "netIncomeRatio": -0.2956104252,
    "eps": -2.03,
    "epsdiluted": -2.03,
    "weightedAverageShsOut": 635483871,
    "weightedAverageShsOutDil": 635483871,
    "link": "https://www.sec.gov/Archives/edgar/data/860730/000093066198000717/0000930661-98-000717-index.html",
    "finalLink": "https://www.sec.gov/Archives/edgar/data/860730/"
  },
  {
    "date": "1997-09-30",
    "symbol": "HCA",
    "reportedCurrency": "USD",
    "cik": "0000860730",
    "fillingDate": "1997-11-13",
    "acceptedDate": "1997-11-13 00:00:00",
    "calendarYear": "1997",
    "period": "Q3",
    "revenue": 4612000000,
    "costOfRevenue": 1676000000,
    "grossProfit": 2936000000,
    "grossProfitRatio": 0.6366001735,
    "researchAndDevelopmentExpenses": 0,
    "generalAndAdministrativeExpenses": 0,
    "sellingAndMarketingExpenses": 0,
    "sellingGeneralAndAdministrativeExpenses": 2264000000,
    "otherExpenses": 319000000,
    "operatingExpenses": 2583000000,
    "costAndExpenses": 4259000000,
    "interestIncome": 0,
    "interestExpense": 0,
    "depreciationAndAmortization": -310000000,
    "ebitda": 672000000,
    "ebitdaratio": 0.1457068517,
    "operatingIncome": 353000000,
    "operatingIncomeRatio": 0.0765394623,
    "totalOtherIncomeExpensesNet": -203000000,
    "incomeBeforeTax": 150000000,
    "incomeBeforeTaxRatio": 0.0325238508,
    "incomeTaxExpense": 59000000,
    "netIncome": 97000000,
    "netIncomeRatio": 0.0210320902,
    "eps": 0.16,
    "epsdiluted": 0.16,
    "weightedAverageShsOut": 606250000,
    "weightedAverageShsOutDil": 606250000,
    "link": "https://www.sec.gov/Archives/edgar/data/860730/000093066197002616/0000930661-97-002616-index.html",
    "finalLink": "https://www.sec.gov/Archives/edgar/data/860730/"
  },
  {
    "date": "1997-06-30",
    "symbol": "HCA",
    "reportedCurrency": "USD",
    "cik": "0000860730",
    "fillingDate": "1997-06-30",
    "acceptedDate": "1997-06-29 20:00:00",
    "calendarYear": "1997",
    "period": "Q2",
    "revenue": 5187000000,
    "costOfRevenue": 1706000000,
    "grossProfit": 3481000000,
    "grossProfitRatio": 0.671100829,
    "researchAndDevelopmentExpenses": 0,
    "generalAndAdministrativeExpenses": 0,
    "sellingAndMarketingExpenses": 0,
    "sellingGeneralAndAdministrativeExpenses": 2345000000,
    "otherExpenses": 313000000,
    "operatingExpenses": 2658000000,
    "costAndExpenses": 4364000000,
    "interestIncome": 0,
    "interestExpense": 0,
    "depreciationAndAmortization": -313000000,
    "ebitda": 1101000000,
    "ebitdaratio": 0.2122614228,
    "operatingIncome": 823000000,
    "operatingIncomeRatio": 0.1586658955,
    "totalOtherIncomeExpensesNet": -135000000,
    "incomeBeforeTax": 688000000,
    "incomeBeforeTaxRatio": 0.1326392905,
    "incomeTaxExpense": 276000000,
    "netIncome": 412000000,
    "netIncomeRatio": 0.0794293426,
    "eps": 0.62,
    "epsdiluted": 0.62,
    "weightedAverageShsOut": 664516129,
    "weightedAverageShsOutDil": 664516129,
    "link": "",
    "finalLink": ""
  },
  {
    "date": "1997-03-31",
    "symbol": "HCA",
    "reportedCurrency": "USD",
    "cik": "0000860730",
    "fillingDate": "1997-05-15",
    "acceptedDate": "1997-05-15 00:00:00",
    "calendarYear": "1997",
    "period": "Q1",
    "revenue": 5328000000,
    "costOfRevenue": 1763000000,
    "grossProfit": 3565000000,
    "grossProfitRatio": 0.6691066066,
    "researchAndDevelopmentExpenses": 0,
    "generalAndAdministrativeExpenses": 0,
    "sellingAndMarketingExpenses": 0,
    "sellingGeneralAndAdministrativeExpenses": 2364000000,
    "otherExpenses": 300000000,
    "operatingExpenses": 2664000000,
    "costAndExpenses": 4427000000,
    "interestIncome": 0,
    "interestExpense": 0,
    "depreciationAndAmortization": -300000000,
    "ebitda": 1139000000,
    "ebitdaratio": 0.2137762763,
    "operatingIncome": 901000000,
    "operatingIncomeRatio": 0.1691066066,
    "totalOtherIncomeExpensesNet": -98000000,
    "incomeBeforeTax": 800000000,
    "incomeBeforeTaxRatio": 0.1501501502,
    "incomeTaxExpense": 321000000,
    "netIncome": 479000000,
    "netIncomeRatio": 0.0899024024,
    "eps": 0.63,
    "epsdiluted": 0.62,
    "weightedAverageShsOut": 671428571,
    "weightedAverageShsOutDil": 682258065,
    "link": "https://www.sec.gov/Archives/edgar/data/860730/000093066197001297/0000930661-97-001297-index.html",
    "finalLink": "https://www.sec.gov/Archives/edgar/data/860730/"
  },
  {
    "date": "1996-12-31",
    "symbol": "HCA",
    "reportedCurrency": "USD",
    "cik": "0000860730",
    "fillingDate": "1996-12-31",
    "acceptedDate": "1996-12-30 19:00:00",
    "calendarYear": "1996",
    "period": "Q4",
    "revenue": 5138000000,
    "costOfRevenue": 0,
    "grossProfit": 5138000000,
    "grossProfitRatio": 1,
    "researchAndDevelopmentExpenses": 0,
    "generalAndAdministrativeExpenses": 0,
    "sellingAndMarketingExpenses": 0,
    "sellingGeneralAndAdministrativeExpenses": 1094000000,
    "otherExpenses": 8064000000,
    "operatingExpenses": 9158000000,
    "costAndExpenses": 4160000000,
    "interestIncome": 0,
    "interestExpense": 0,
    "depreciationAndAmortization": 2004000000,
    "ebitda": 2982000000,
    "ebitdaratio": 0.5803814714,
    "operatingIncome": 978000000,
    "operatingIncomeRatio": 0.1903464383,
    "totalOtherIncomeExpensesNet": -285000000,
    "incomeBeforeTax": 693000000,
    "incomeBeforeTaxRatio": 0.1348773842,
    "incomeTaxExpense": 279000000,
    "netIncome": 414000000,
    "netIncomeRatio": 0.0805760996,
    "eps": 0.54,
    "epsdiluted": 0.54,
    "weightedAverageShsOut": 760317460,
    "weightedAverageShsOutDil": 760317460,
    "link": "",
    "finalLink": ""
  },
  {
    "date": "1996-09-30",
    "symbol": "HCA",
    "reportedCurrency": "USD",
    "cik": "0000860730",
    "fillingDate": "1996-11-12",
    "acceptedDate": "1996-11-12 00:00:00",
    "calendarYear": "1996",
    "period": "Q3",
    "revenue": 4887000000,
    "costOfRevenue": 1681000000,
    "grossProfit": 3206000000,
    "grossProfitRatio": 0.6560261919,
    "researchAndDevelopmentExpenses": 0,
    "generalAndAdministrativeExpenses": 0,
    "sellingAndMarketingExpenses": 0,
    "sellingGeneralAndAdministrativeExpenses": 2266000000,
    "otherExpenses": 302000000,
    "operatingExpenses": 2568000000,
    "costAndExpenses": 4249000000,
    "interestIncome": 0,
    "interestExpense": 0,
    "depreciationAndAmortization": -302000000,
    "ebitda": 901000000,
    "ebitdaratio": 0.1843666871,
    "operatingIncome": 638000000,
    "operatingIncomeRatio": 0.1305504399,
    "totalOtherIncomeExpensesNet": -119000000,
    "incomeBeforeTax": 519000000,
    "incomeBeforeTaxRatio": 0.1062001228,
    "incomeTaxExpense": 208000000,
    "netIncome": 311000000,
    "netIncomeRatio": 0.0636382239,
    "eps": 0.47,
    "epsdiluted": 0.47,
    "weightedAverageShsOut": 661702128,
    "weightedAverageShsOutDil": 661702128,
    "link": "https://www.sec.gov/Archives/edgar/data/860730/000093066196001526/0000930661-96-001526-index.html",
    "finalLink": "https://www.sec.gov/Archives/edgar/data/860730/"
  },
  {
    "date": "1996-06-30",
    "symbol": "HCA",
    "reportedCurrency": "USD",
    "cik": "0000860730",
    "fillingDate": "1996-08-09",
    "acceptedDate": "1996-08-09 00:00:00",
    "calendarYear": "1996",
    "period": "Q2",
    "revenue": 4933000000,
    "costOfRevenue": 1675000000,
    "grossProfit": 3258000000,
    "grossProfitRatio": 0.6604500304,
    "researchAndDevelopmentExpenses": 0,
    "generalAndAdministrativeExpenses": 0,
    "sellingAndMarketingExpenses": 0,
    "sellingGeneralAndAdministrativeExpenses": 2253000000,
    "otherExpenses": 279000000,
    "operatingExpenses": 2532000000,
    "costAndExpenses": 4207000000,
    "interestIncome": 0,
    "interestExpense": 0,
    "depreciationAndAmortization": -279000000,
    "ebitda": 1005000000,
    "ebitdaratio": 0.2037299818,
    "operatingIncome": 726000000,
    "operatingIncomeRatio": 0.1471721062,
    "totalOtherIncomeExpensesNet": -118000000,
    "incomeBeforeTax": 608000000,
    "incomeBeforeTaxRatio": 0.1232515711,
    "incomeTaxExpense": 244000000,
    "netIncome": 364000000,
    "netIncomeRatio": 0.0737887695,
    "eps": 0.54,
    "epsdiluted": 0.54,
    "weightedAverageShsOut": 674074074,
    "weightedAverageShsOutDil": 674074074,
    "link": "https://www.sec.gov/Archives/edgar/data/860730/000093066196000959/0000930661-96-000959-index.html",
    "finalLink": "https://www.sec.gov/Archives/edgar/data/860730/"
  },
  {
    "date": "1996-03-31",
    "symbol": "HCA",
    "reportedCurrency": "USD",
    "cik": "0000860730",
    "fillingDate": "1996-05-10",
    "acceptedDate": "1996-05-10 00:00:00",
    "calendarYear": "1996",
    "period": "Q1",
    "revenue": 4951000000,
    "costOfRevenue": 1642000000,
    "grossProfit": 3309000000,
    "grossProfitRatio": 0.6683498283,
    "researchAndDevelopmentExpenses": 0,
    "generalAndAdministrativeExpenses": 0,
    "sellingAndMarketingExpenses": 0,
    "sellingGeneralAndAdministrativeExpenses": 2229000000,
    "otherExpenses": 268000000,
    "operatingExpenses": 2497000000,
    "costAndExpenses": 4139000000,
    "interestIncome": 0,
    "interestExpense": 0,
    "depreciationAndAmortization": -268000000,
    "ebitda": 1039000000,
    "ebitdaratio": 0.2098565946,
    "operatingIncome": 812000000,
    "operatingIncomeRatio": 0.1640072713,
    "totalOtherIncomeExpensesNet": -117000000,
    "incomeBeforeTax": 695000000,
    "incomeBeforeTaxRatio": 0.1403756817,
    "incomeTaxExpense": 279000000,
    "netIncome": 416000000,
    "netIncomeRatio": 0.0840234296,
    "eps": 0.62,
    "epsdiluted": 0.61,
    "weightedAverageShsOut": 670967742,
    "weightedAverageShsOutDil": 681967213,
    "link": "https://www.sec.gov/Archives/edgar/data/860730/000093066196000381/0000930661-96-000381-index.html",
    "finalLink": "https://www.sec.gov/Archives/edgar/data/860730/"
  },
  {
    "date": "1995-12-31",
    "symbol": "HCA",
    "reportedCurrency": "USD",
    "cik": "0000860730",
    "fillingDate": "1996-04-01",
    "acceptedDate": "1996-04-01 00:00:00",
    "calendarYear": "1995",
    "period": "Q4",
    "revenue": 4583000000,
    "costOfRevenue": 0,
    "grossProfit": 4583000000,
    "grossProfitRatio": 1,
    "researchAndDevelopmentExpenses": 0,
    "generalAndAdministrativeExpenses": 0,
    "sellingAndMarketingExpenses": 0,
    "sellingGeneralAndAdministrativeExpenses": 1064000000,
    "otherExpenses": 7512000000,
    "operatingExpenses": 8576000000,
    "costAndExpenses": 4166000000,
    "interestIncome": 0,
    "interestExpense": 0,
    "depreciationAndAmortization": 1711000000,
    "ebitda": 2128000000,
    "ebitdaratio": 0.4643246782,
    "operatingIncome": 417000000,
    "operatingIncomeRatio": 0.0909884355,
    "totalOtherIncomeExpensesNet": 173000000,
    "incomeBeforeTax": 590000000,
    "incomeBeforeTaxRatio": 0.1287366354,
    "incomeTaxExpense": 236000000,
    "netIncome": 354000000,
    "netIncomeRatio": 0.0772419812,
    "eps": 0.53,
    "epsdiluted": 0.53,
    "weightedAverageShsOut": 646111111,
    "weightedAverageShsOutDil": 670967742,
    "link": "https://www.sec.gov/Archives/edgar/data/860730/000093066196000230/0000930661-96-000230-index.html",
    "finalLink": "https://www.sec.gov/Archives/edgar/data/860730/"
  },
  {
    "date": "1995-09-30",
    "symbol": "HCA",
    "reportedCurrency": "USD",
    "cik": "0000860730",
    "fillingDate": "1995-11-13",
    "acceptedDate": "1995-11-13 00:00:00",
    "calendarYear": "1995",
    "period": "Q3",
    "revenue": 4371000000,
    "costOfRevenue": 1505000000,
    "grossProfit": 2866000000,
    "grossProfitRatio": 0.6556851979,
    "researchAndDevelopmentExpenses": 0,
    "generalAndAdministrativeExpenses": 0,
    "sellingAndMarketingExpenses": 0,
    "sellingGeneralAndAdministrativeExpenses": 2046000000,
    "otherExpenses": 251000000,
    "operatingExpenses": 2297000000,
    "costAndExpenses": 3802000000,
    "interestIncome": 0,
    "interestExpense": 0,
    "depreciationAndAmortization": -251000000,
    "ebitda": 791000000,
    "ebitdaratio": 0.1809654541,
    "operatingIncome": 569000000,
    "operatingIncomeRatio": 0.1301761611,
    "totalOtherIncomeExpensesNet": -112000000,
    "incomeBeforeTax": 457000000,
    "incomeBeforeTaxRatio": 0.1045527339,
    "incomeTaxExpense": 183000000,
    "netIncome": 267000000,
    "netIncomeRatio": 0.06108442,
    "eps": 0.4,
    "epsdiluted": 0.4,
    "weightedAverageShsOut": 667500000,
    "weightedAverageShsOutDil": 667500000,
    "link": "https://www.sec.gov/Archives/edgar/data/860730/000093066195000430/0000930661-95-000430-index.html",
    "finalLink": "https://www.sec.gov/Archives/edgar/data/860730/"
  }
]