[
  {
    "date": "2025-08-03",
    "symbol": "HD",
    "reportedCurrency": "USD",
    "cik": "0000354950",
    "fillingDate": "2025-08-26",
    "acceptedDate": "2025-08-25 17:53:51",
    "calendarYear": "2025",
    "period": "Q2",
    "revenue": 45277000000,
    "costOfRevenue": 30152000000,
    "grossProfit": 15125000000,
    "grossProfitRatio": 0.3340548181,
    "researchAndDevelopmentExpenses": 0,
    "generalAndAdministrativeExpenses": 0,
    "sellingAndMarketingExpenses": 0,
    "sellingGeneralAndAdministrativeExpenses": 7764000000,
    "otherExpenses": 806000000,
    "operatingExpenses": 8570000000,
    "costAndExpenses": 38722000000,
    "interestIncome": 25000000,
    "interestExpense": 575000000,
    "depreciationAndAmortization": 608000000,
    "ebitda": 7188000000,
    "ebitdaratio": 0.1587561013,
    "operatingIncome": 6555000000,
    "operatingIncomeRatio": 0.1447754931,
    "totalOtherIncomeExpensesNet": -550000000,
    "incomeBeforeTax": 6005000000,
    "incomeBeforeTaxRatio": 0.1326280451,
    "incomeTaxExpense": 1454000000,
    "netIncome": 4551000000,
    "netIncomeRatio": 0.1005146101,
    "eps": 4.59,
    "epsdiluted": 4.58,
    "weightedAverageShsOut": 992000000,
    "weightedAverageShsOutDil": 994000000,
    "link": "https://www.sec.gov/Archives/edgar/data/354950/000035495025000217/0000354950-25-000217-index.htm",
    "finalLink": "https://www.sec.gov/Archives/edgar/data/354950/000035495025000217/hd-20250803.htm"
  },
  {
    "date": "2025-05-04",
    "symbol": "HD",
    "reportedCurrency": "USD",
    "cik": "0000354950",
    "fillingDate": "2025-05-28",
    "acceptedDate": "2025-05-27 17:48:16",
    "calendarYear": "2025",
    "period": "Q1",
    "revenue": 39856000000,
    "costOfRevenue": 26397000000,
    "grossProfit": 13459000000,
    "grossProfitRatio": 0.3376906865,
    "researchAndDevelopmentExpenses": 0,
    "generalAndAdministrativeExpenses": 0,
    "sellingAndMarketingExpenses": 0,
    "sellingGeneralAndAdministrativeExpenses": 7530000000,
    "otherExpenses": 796000000,
    "operatingExpenses": 8326000000,
    "costAndExpenses": 34723000000,
    "interestIncome": 24000000,
    "interestExpense": 615000000,
    "depreciationAndAmortization": 994000000,
    "ebitda": 6151000000,
    "ebitdaratio": 0.1543305901,
    "operatingIncome": 5133000000,
    "operatingIncomeRatio": 0.1287886391,
    "totalOtherIncomeExpensesNet": -591000000,
    "incomeBeforeTax": 4542000000,
    "incomeBeforeTaxRatio": 0.1139602569,
    "incomeTaxExpense": 1109000000,
    "netIncome": 3433000000,
    "netIncomeRatio": 0.0861350863,
    "eps": 3.46,
    "epsdiluted": 3.45,
    "weightedAverageShsOut": 992000000,
    "weightedAverageShsOutDil": 994000000,
    "link": "https://www.sec.gov/Archives/edgar/data/354950/000035495025000165/0000354950-25-000165-index.htm",
    "finalLink": "https://www.sec.gov/Archives/edgar/data/354950/000035495025000165/hd-20250504.htm"
  },
  {
    "date": "2025-02-02",
    "symbol": "HD",
    "reportedCurrency": "USD",
    "cik": "0000354950",
    "fillingDate": "2025-03-21",
    "acceptedDate": "2025-03-20 18:36:42",
    "calendarYear": "2024",
    "period": "Q4",
    "revenue": 39704000000,
    "costOfRevenue": 26670000000,
    "grossProfit": 13034000000,
    "grossProfitRatio": 0.3282792666,
    "researchAndDevelopmentExpenses": 0,
    "generalAndAdministrativeExpenses": 7725000000,
    "sellingAndMarketingExpenses": 0,
    "sellingGeneralAndAdministrativeExpenses": 7725000000,
    "otherExpenses": 814000000,
    "operatingExpenses": 8539000000,
    "costAndExpenses": 35209000000,
    "interestIncome": 30000000,
    "interestExpense": 638000000,
    "depreciationAndAmortization": 1009000000,
    "ebitda": 5534000000,
    "ebitdaratio": 0.1393814225,
    "operatingIncome": 4495000000,
    "operatingIncomeRatio": 0.1132127745,
    "totalOtherIncomeExpensesNet": -608000000,
    "incomeBeforeTax": 3887000000,
    "incomeBeforeTaxRatio": 0.097899456,
    "incomeTaxExpense": 890000000,
    "netIncome": 2997000000,
    "netIncomeRatio": 0.0754835785,
    "eps": 3.02,
    "epsdiluted": 3.02,
    "weightedAverageShsOut": 991000000,
    "weightedAverageShsOutDil": 994000000,
    "link": "https://www.sec.gov/Archives/edgar/data/354950/000035495025000085/0000354950-25-000085-index.htm",
    "finalLink": "https://www.sec.gov/Archives/edgar/data/354950/000035495025000085/hd-20250202.htm"
  },
  {
    "date": "2024-10-27",
    "symbol": "HD",
    "reportedCurrency": "USD",
    "cik": "0000354950",
    "fillingDate": "2024-11-19",
    "acceptedDate": "2024-11-18 18:28:53",
    "calendarYear": "2024",
    "period": "Q3",
    "revenue": 40217000000,
    "costOfRevenue": 26792000000,
    "grossProfit": 13425000000,
    "grossProfitRatio": 0.3338140587,
    "researchAndDevelopmentExpenses": 0,
    "generalAndAdministrativeExpenses": 0,
    "sellingAndMarketingExpenses": 0,
    "sellingGeneralAndAdministrativeExpenses": 7212000000,
    "otherExpenses": 795000000,
    "operatingExpenses": 8007000000,
    "costAndExpenses": 34799000000,
    "interestIncome": 30000000,
    "interestExpense": 625000000,
    "depreciationAndAmortization": 995000000,
    "ebitda": 6413000000,
    "ebitdaratio": 0.1594599299,
    "operatingIncome": 5418000000,
    "operatingIncomeRatio": 0.1347191486,
    "totalOtherIncomeExpensesNet": -595000000,
    "incomeBeforeTax": 4823000000,
    "incomeBeforeTaxRatio": 0.1199244101,
    "incomeTaxExpense": 1175000000,
    "netIncome": 3648000000,
    "netIncomeRatio": 0.0907079096,
    "eps": 3.68,
    "epsdiluted": 3.67,
    "weightedAverageShsOut": 991000000,
    "weightedAverageShsOutDil": 993000000,
    "link": "https://www.sec.gov/Archives/edgar/data/354950/000035495024000240/0000354950-24-000240-index.htm",
    "finalLink": "https://www.sec.gov/Archives/edgar/data/354950/000035495024000240/hd-20241027.htm"
  },
  {
    "date": "2024-07-28",
    "symbol": "HD",
    "reportedCurrency": "USD",
    "cik": "0000354950",
    "fillingDate": "2024-08-20",
    "acceptedDate": "2024-08-19 17:50:05",
    "calendarYear": "2024",
    "period": "Q2",
    "revenue": 43175000000,
    "costOfRevenue": 28759000000,
    "grossProfit": 14416000000,
    "grossProfitRatio": 0.3338969311,
    "researchAndDevelopmentExpenses": 0,
    "generalAndAdministrativeExpenses": 0,
    "sellingAndMarketingExpenses": 0,
    "sellingGeneralAndAdministrativeExpenses": 7144000000,
    "otherExpenses": 738000000,
    "operatingExpenses": 7882000000,
    "costAndExpenses": 36641000000,
    "interestIncome": 84000000,
    "interestExpense": 573000000,
    "depreciationAndAmortization": 920000000,
    "ebitda": 7538000000,
    "ebitdaratio": 0.1745917776,
    "operatingIncome": 6534000000,
    "operatingIncomeRatio": 0.1513375796,
    "totalOtherIncomeExpensesNet": -489000000,
    "incomeBeforeTax": 6045000000,
    "incomeBeforeTaxRatio": 0.1400115808,
    "incomeTaxExpense": 1484000000,
    "netIncome": 4561000000,
    "netIncomeRatio": 0.1056398379,
    "eps": 4.61,
    "epsdiluted": 4.6,
    "weightedAverageShsOut": 990000000,
    "weightedAverageShsOutDil": 992000000,
    "link": "https://www.sec.gov/Archives/edgar/data/354950/000035495024000201/0000354950-24-000201-index.htm",
    "finalLink": "https://www.sec.gov/Archives/edgar/data/354950/000035495024000201/hd-20240728.htm"
  },
  {
    "date": "2024-04-28",
    "symbol": "HD",
    "reportedCurrency": "USD",
    "cik": "0000354950",
    "fillingDate": "2024-05-21",
    "acceptedDate": "2024-05-20 18:05:58",
    "calendarYear": "2024",
    "period": "Q1",
    "revenue": 36418000000,
    "costOfRevenue": 23985000000,
    "grossProfit": 12433000000,
    "grossProfitRatio": 0.3413971113,
    "researchAndDevelopmentExpenses": 0,
    "generalAndAdministrativeExpenses": 0,
    "sellingAndMarketingExpenses": 0,
    "sellingGeneralAndAdministrativeExpenses": 6667000000,
    "otherExpenses": 687000000,
    "operatingExpenses": 7354000000,
    "costAndExpenses": 31339000000,
    "interestIncome": 57000000,
    "interestExpense": 485000000,
    "depreciationAndAmortization": 837000000,
    "ebitda": 5973000000,
    "ebitdaratio": 0.1640123016,
    "operatingIncome": 5079000000,
    "operatingIncomeRatio": 0.1394640013,
    "totalOtherIncomeExpensesNet": -428000000,
    "incomeBeforeTax": 4651000000,
    "incomeBeforeTaxRatio": 0.1277115712,
    "incomeTaxExpense": 1051000000,
    "netIncome": 3600000000,
    "netIncomeRatio": 0.0988522159,
    "eps": 3.64,
    "epsdiluted": 3.63,
    "weightedAverageShsOut": 989000000,
    "weightedAverageShsOutDil": 992000000,
    "link": "https://www.sec.gov/Archives/edgar/data/354950/000035495024000152/0000354950-24-000152-index.htm",
    "finalLink": "https://www.sec.gov/Archives/edgar/data/354950/000035495024000152/hd-20240428.htm"
  },
  {
    "date": "2024-01-28",
    "symbol": "HD",
    "reportedCurrency": "USD",
    "cik": "0000354950",
    "fillingDate": "2024-03-13",
    "acceptedDate": "2024-03-13 16:31:59",
    "calendarYear": "2023",
    "period": "Q4",
    "revenue": 34786000000,
    "costOfRevenue": 23278000000,
    "grossProfit": 11508000000,
    "grossProfitRatio": 0.3308227448,
    "researchAndDevelopmentExpenses": 0,
    "generalAndAdministrativeExpenses": 5579000000,
    "sellingAndMarketingExpenses": 1100000000,
    "sellingGeneralAndAdministrativeExpenses": 6679000000,
    "otherExpenses": 686000000,
    "operatingExpenses": 7365000000,
    "costAndExpenses": 30643000000,
    "interestIncome": 55000000,
    "interestExpense": 513000000,
    "depreciationAndAmortization": 832000000,
    "ebitda": 5030000000,
    "ebitdaratio": 0.1445984017,
    "operatingIncome": 4143000000,
    "operatingIncomeRatio": 0.1190996378,
    "totalOtherIncomeExpensesNet": -458000000,
    "incomeBeforeTax": 3685000000,
    "incomeBeforeTaxRatio": 0.1059334215,
    "incomeTaxExpense": 884000000,
    "netIncome": 2801000000,
    "netIncomeRatio": 0.0805208992,
    "eps": 2.83,
    "epsdiluted": 2.82,
    "weightedAverageShsOut": 991000000,
    "weightedAverageShsOutDil": 994000000,
    "link": "https://www.sec.gov/Archives/edgar/data/354950/000035495024000062/0000354950-24-000062-index.htm",
    "finalLink": "https://www.sec.gov/Archives/edgar/data/354950/000035495024000062/hd-20240128.htm"
  },
  {
    "date": "2023-10-29",
    "symbol": "HD",
    "reportedCurrency": "USD",
    "cik": "0000354950",
    "fillingDate": "2023-11-21",
    "acceptedDate": "2023-11-20 17:41:31",
    "calendarYear": "2023",
    "period": "Q3",
    "revenue": 37710000000,
    "costOfRevenue": 24972000000,
    "grossProfit": 12738000000,
    "grossProfitRatio": 0.337788385,
    "researchAndDevelopmentExpenses": 0,
    "generalAndAdministrativeExpenses": 0,
    "sellingAndMarketingExpenses": 0,
    "sellingGeneralAndAdministrativeExpenses": 6649000000,
    "otherExpenses": 683000000,
    "operatingExpenses": 7332000000,
    "costAndExpenses": 32304000000,
    "interestIncome": 49000000,
    "interestExpense": 487000000,
    "depreciationAndAmortization": 827000000,
    "ebitda": 6282000000,
    "ebitdaratio": 0.1665871122,
    "operatingIncome": 5406000000,
    "operatingIncomeRatio": 0.1433571997,
    "totalOtherIncomeExpensesNet": -438000000,
    "incomeBeforeTax": 4968000000,
    "incomeBeforeTaxRatio": 0.1317422434,
    "incomeTaxExpense": 1158000000,
    "netIncome": 3810000000,
    "netIncomeRatio": 0.1010342084,
    "eps": 3.83,
    "epsdiluted": 3.81,
    "weightedAverageShsOut": 996000000,
    "weightedAverageShsOutDil": 999000000,
    "link": "https://www.sec.gov/Archives/edgar/data/354950/000035495023000240/0000354950-23-000240-index.htm",
    "finalLink": "https://www.sec.gov/Archives/edgar/data/354950/000035495023000240/hd-20231029.htm"
  },
  {
    "date": "2023-07-30",
    "symbol": "HD",
    "reportedCurrency": "USD",
    "cik": "0000354950",
    "fillingDate": "2023-08-22",
    "acceptedDate": "2023-08-21 17:46:19",
    "calendarYear": "2023",
    "period": "Q2",
    "revenue": 42916000000,
    "costOfRevenue": 28759000000,
    "grossProfit": 14157000000,
    "grossProfitRatio": 0.329876969,
    "researchAndDevelopmentExpenses": 0,
    "generalAndAdministrativeExpenses": 0,
    "sellingAndMarketingExpenses": 0,
    "sellingGeneralAndAdministrativeExpenses": 6915000000,
    "otherExpenses": 653000000,
    "operatingExpenses": 7568000000,
    "costAndExpenses": 36327000000,
    "interestIncome": 41000000,
    "interestExpense": 469000000,
    "depreciationAndAmortization": 795000000,
    "ebitda": 7425000000,
    "ebitdaratio": 0.1730123963,
    "operatingIncome": 6589000000,
    "operatingIncomeRatio": 0.1535324821,
    "totalOtherIncomeExpensesNet": -428000000,
    "incomeBeforeTax": 6161000000,
    "incomeBeforeTaxRatio": 0.1435595116,
    "incomeTaxExpense": 1502000000,
    "netIncome": 4659000000,
    "netIncomeRatio": 0.1085609097,
    "eps": 4.66,
    "epsdiluted": 4.65,
    "weightedAverageShsOut": 1000000000,
    "weightedAverageShsOutDil": 1003000000,
    "link": "https://www.sec.gov/Archives/edgar/data/354950/000035495023000185/0000354950-23-000185-index.htm",
    "finalLink": "https://www.sec.gov/Archives/edgar/data/354950/000035495023000185/hd-20230730.htm"
  },
  {
    "date": "2023-04-30",
    "symbol": "HD",
    "reportedCurrency": "USD",
    "cik": "0000354950",
    "fillingDate": "2023-05-23",
    "acceptedDate": "2023-05-22 17:42:46",
    "calendarYear": "2023",
    "period": "Q1",
    "revenue": 37257000000,
    "costOfRevenue": 24700000000,
    "grossProfit": 12557000000,
    "grossProfitRatio": 0.3370373353,
    "researchAndDevelopmentExpenses": 0,
    "generalAndAdministrativeExpenses": 0,
    "sellingAndMarketingExpenses": 0,
    "sellingGeneralAndAdministrativeExpenses": 6355000000,
    "otherExpenses": 651000000,
    "operatingExpenses": 7006000000,
    "costAndExpenses": 31706000000,
    "interestIncome": 33000000,
    "interestExpense": 474000000,
    "depreciationAndAmortization": 793000000,
    "ebitda": 6377000000,
    "ebitdaratio": 0.1711624661,
    "operatingIncome": 5551000000,
    "operatingIncomeRatio": 0.1489921357,
    "totalOtherIncomeExpensesNet": -441000000,
    "incomeBeforeTax": 5110000000,
    "incomeBeforeTaxRatio": 0.1371554339,
    "incomeTaxExpense": 1237000000,
    "netIncome": 3873000000,
    "netIncomeRatio": 0.1039536195,
    "eps": 3.83,
    "epsdiluted": 3.82,
    "weightedAverageShsOut": 1010000000,
    "weightedAverageShsOutDil": 1013000000,
    "link": "https://www.sec.gov/Archives/edgar/data/354950/000035495023000144/0000354950-23-000144-index.htm",
    "finalLink": "https://www.sec.gov/Archives/edgar/data/354950/000035495023000144/hd-20230430.htm"
  },
  {
    "date": "2023-01-29",
    "symbol": "HD",
    "reportedCurrency": "USD",
    "cik": "0000354950",
    "fillingDate": "2023-03-15",
    "acceptedDate": "2023-03-15 16:22:15",
    "calendarYear": "2022",
    "period": "Q4",
    "revenue": 35831000000,
    "costOfRevenue": 23905000000,
    "grossProfit": 11926000000,
    "grossProfitRatio": 0.332840278,
    "researchAndDevelopmentExpenses": 0,
    "generalAndAdministrativeExpenses": 6549000000,
    "sellingAndMarketingExpenses": 0,
    "sellingGeneralAndAdministrativeExpenses": 6549000000,
    "otherExpenses": 625000000,
    "operatingExpenses": 7174000000,
    "costAndExpenses": 31079000000,
    "interestIncome": 43000000,
    "interestExpense": 451000000,
    "depreciationAndAmortization": 759000000,
    "ebitda": 5554000000,
    "ebitdaratio": 0.1550054422,
    "operatingIncome": 4752000000,
    "operatingIncomeRatio": 0.1326225894,
    "totalOtherIncomeExpensesNet": -408000000,
    "incomeBeforeTax": 4344000000,
    "incomeBeforeTaxRatio": 0.1212358014,
    "incomeTaxExpense": 982000000,
    "netIncome": 3362000000,
    "netIncomeRatio": 0.0938293656,
    "eps": 3.31,
    "epsdiluted": 3.3,
    "weightedAverageShsOut": 1015000000,
    "weightedAverageShsOutDil": 1018000000,
    "link": "https://www.sec.gov/Archives/edgar/data/354950/000035495023000059/0000354950-23-000059-index.htm",
    "finalLink": "https://www.sec.gov/Archives/edgar/data/354950/000035495023000059/hd-20230129.htm"
  },
  {
    "date": "2022-10-30",
    "symbol": "HD",
    "reportedCurrency": "USD",
    "cik": "0000354950",
    "fillingDate": "2022-11-22",
    "acceptedDate": "2022-11-21 17:47:45",
    "calendarYear": "2022",
    "period": "Q3",
    "revenue": 38872000000,
    "costOfRevenue": 25648000000,
    "grossProfit": 13224000000,
    "grossProfitRatio": 0.3401934554,
    "researchAndDevelopmentExpenses": 0,
    "generalAndAdministrativeExpenses": 0,
    "sellingAndMarketingExpenses": 0,
    "sellingGeneralAndAdministrativeExpenses": 6468000000,
    "otherExpenses": 608000000,
    "operatingExpenses": 7076000000,
    "costAndExpenses": 32724000000,
    "interestIncome": 7000000,
    "interestExpense": 413000000,
    "depreciationAndAmortization": 743000000,
    "ebitda": 6898000000,
    "ebitdaratio": 0.1774542087,
    "operatingIncome": 6148000000,
    "operatingIncomeRatio": 0.1581601153,
    "totalOtherIncomeExpensesNet": -406000000,
    "incomeBeforeTax": 5742000000,
    "incomeBeforeTaxRatio": 0.1477155793,
    "incomeTaxExpense": 1403000000,
    "netIncome": 4339000000,
    "netIncomeRatio": 0.1116227619,
    "eps": 4.25,
    "epsdiluted": 4.24,
    "weightedAverageShsOut": 1020000000,
    "weightedAverageShsOutDil": 1023000000,
    "link": "https://www.sec.gov/Archives/edgar/data/354950/000035495022000239/0000354950-22-000239-index.htm",
    "finalLink": "https://www.sec.gov/Archives/edgar/data/354950/000035495022000239/hd-20221030.htm"
  },
  {
    "date": "2022-07-31",
    "symbol": "HD",
    "reportedCurrency": "USD",
    "cik": "0000354950",
    "fillingDate": "2022-08-23",
    "acceptedDate": "2022-08-22 17:50:39",
    "calendarYear": "2022",
    "period": "Q2",
    "revenue": 43792000000,
    "costOfRevenue": 29309000000,
    "grossProfit": 14483000000,
    "grossProfitRatio": 0.3307225064,
    "researchAndDevelopmentExpenses": 0,
    "generalAndAdministrativeExpenses": 0,
    "sellingAndMarketingExpenses": 0,
    "sellingGeneralAndAdministrativeExpenses": 6657000000,
    "otherExpenses": 616000000,
    "operatingExpenses": 7273000000,
    "costAndExpenses": 36582000000,
    "interestIncome": 2000000,
    "interestExpense": 381000000,
    "depreciationAndAmortization": 746000000,
    "ebitda": 7958000000,
    "ebitdaratio": 0.1817226891,
    "operatingIncome": 7210000000,
    "operatingIncomeRatio": 0.1646419437,
    "totalOtherIncomeExpensesNet": -379000000,
    "incomeBeforeTax": 6831000000,
    "incomeBeforeTaxRatio": 0.155987395,
    "incomeTaxExpense": 1658000000,
    "netIncome": 5173000000,
    "netIncomeRatio": 0.1181265985,
    "eps": 5.06,
    "epsdiluted": 5.05,
    "weightedAverageShsOut": 1023000000,
    "weightedAverageShsOutDil": 1025000000,
    "link": "https://www.sec.gov/Archives/edgar/data/354950/000035495022000193/0000354950-22-000193-index.htm",
    "finalLink": "https://www.sec.gov/Archives/edgar/data/354950/000035495022000193/hd-20220731.htm"
  },
  {
    "date": "2022-05-01",
    "symbol": "HD",
    "reportedCurrency": "USD",
    "cik": "0000354950",
    "fillingDate": "2022-05-24",
    "acceptedDate": "2022-05-23 17:52:20",
    "calendarYear": "2022",
    "period": "Q1",
    "revenue": 38908000000,
    "costOfRevenue": 25763000000,
    "grossProfit": 13145000000,
    "grossProfitRatio": 0.3378482574,
    "researchAndDevelopmentExpenses": 0,
    "generalAndAdministrativeExpenses": 0,
    "sellingAndMarketingExpenses": 0,
    "sellingGeneralAndAdministrativeExpenses": 6610000000,
    "otherExpenses": 606000000,
    "operatingExpenses": 7216000000,
    "costAndExpenses": 32979000000,
    "interestIncome": 3000000,
    "interestExpense": 372000000,
    "depreciationAndAmortization": 727000000,
    "ebitda": 6659000000,
    "ebitdaratio": 0.1711473219,
    "operatingIncome": 5929000000,
    "operatingIncomeRatio": 0.1523851136,
    "totalOtherIncomeExpensesNet": -369000000,
    "incomeBeforeTax": 5560000000,
    "incomeBeforeTaxRatio": 0.1429012028,
    "incomeTaxExpense": 1329000000,
    "netIncome": 4231000000,
    "netIncomeRatio": 0.1087437031,
    "eps": 4.11,
    "epsdiluted": 4.09,
    "weightedAverageShsOut": 1030000000,
    "weightedAverageShsOutDil": 1034000000,
    "link": "https://www.sec.gov/Archives/edgar/data/354950/000035495022000158/0000354950-22-000158-index.htm",
    "finalLink": "https://www.sec.gov/Archives/edgar/data/354950/000035495022000158/hd-20220501.htm"
  },
  {
    "date": "2022-01-30",
    "symbol": "HD",
    "reportedCurrency": "USD",
    "cik": "0000354950",
    "fillingDate": "2022-03-23",
    "acceptedDate": "2022-03-23 16:25:53",
    "calendarYear": "2021",
    "period": "Q4",
    "revenue": 35719000000,
    "costOfRevenue": 23857000000,
    "grossProfit": 11862000000,
    "grossProfitRatio": 0.3320921638,
    "researchAndDevelopmentExpenses": 0,
    "generalAndAdministrativeExpenses": 5387000000,
    "sellingAndMarketingExpenses": 1044000000,
    "sellingGeneralAndAdministrativeExpenses": 6431000000,
    "otherExpenses": 606000000,
    "operatingExpenses": 7037000000,
    "costAndExpenses": 30894000000,
    "interestIncome": 18000000,
    "interestExpense": 341000000,
    "depreciationAndAmortization": 734000000,
    "ebitda": 5577000000,
    "ebitdaratio": 0.1561353901,
    "operatingIncome": 4825000000,
    "operatingIncomeRatio": 0.1350821692,
    "totalOtherIncomeExpensesNet": -323000000,
    "incomeBeforeTax": 4502000000,
    "incomeBeforeTaxRatio": 0.1260393628,
    "incomeTaxExpense": 1150000000,
    "netIncome": 3352000000,
    "netIncomeRatio": 0.0938436126,
    "eps": 3.23,
    "epsdiluted": 3.21,
    "weightedAverageShsOut": 1038000000,
    "weightedAverageShsOutDil": 1043000000,
    "link": "https://www.sec.gov/Archives/edgar/data/354950/000035495022000070/0000354950-22-000070-index.htm",
    "finalLink": "https://www.sec.gov/Archives/edgar/data/354950/000035495022000070/hd-20220130.htm"
  },
  {
    "date": "2021-10-31",
    "symbol": "HD",
    "reportedCurrency": "USD",
    "cik": "0000354950",
    "fillingDate": "2021-11-23",
    "acceptedDate": "2021-11-22 17:44:32",
    "calendarYear": "2021",
    "period": "Q3",
    "revenue": 36820000000,
    "costOfRevenue": 24257000000,
    "grossProfit": 12563000000,
    "grossProfitRatio": 0.3412004345,
    "researchAndDevelopmentExpenses": 0,
    "generalAndAdministrativeExpenses": 0,
    "sellingAndMarketingExpenses": 0,
    "sellingGeneralAndAdministrativeExpenses": 6168000000,
    "otherExpenses": 600000000,
    "operatingExpenses": 6768000000,
    "costAndExpenses": 31025000000,
    "interestIncome": 15000000,
    "interestExpense": 341000000,
    "depreciationAndAmortization": 714000000,
    "ebitda": 6524000000,
    "ebitdaratio": 0.1771863118,
    "operatingIncome": 5795000000,
    "operatingIncomeRatio": 0.1573872895,
    "totalOtherIncomeExpensesNet": -326000000,
    "incomeBeforeTax": 5469000000,
    "incomeBeforeTaxRatio": 0.1485334058,
    "incomeTaxExpense": 1340000000,
    "netIncome": 4129000000,
    "netIncomeRatio": 0.1121401412,
    "eps": 3.94,
    "epsdiluted": 3.92,
    "weightedAverageShsOut": 1049000000,
    "weightedAverageShsOutDil": 1053000000,
    "link": "https://www.sec.gov/Archives/edgar/data/354950/000035495021000234/0000354950-21-000234-index.htm",
    "finalLink": "https://www.sec.gov/Archives/edgar/data/354950/000035495021000234/hd-20211031.htm"
  },
  {
    "date": "2021-08-01",
    "symbol": "HD",
    "reportedCurrency": "USD",
    "cik": "0000354950",
    "fillingDate": "2021-08-24",
    "acceptedDate": "2021-08-23 17:47:11",
    "calendarYear": "2021",
    "period": "Q2",
    "revenue": 41118000000,
    "costOfRevenue": 27453000000,
    "grossProfit": 13665000000,
    "grossProfitRatio": 0.3323362031,
    "researchAndDevelopmentExpenses": 0,
    "generalAndAdministrativeExpenses": 0,
    "sellingAndMarketingExpenses": 0,
    "sellingGeneralAndAdministrativeExpenses": 6433000000,
    "otherExpenses": 593000000,
    "operatingExpenses": 7026000000,
    "costAndExpenses": 34479000000,
    "interestIncome": 5000000,
    "interestExpense": 326000000,
    "depreciationAndAmortization": 711000000,
    "ebitda": 7355000000,
    "ebitdaratio": 0.1788754317,
    "operatingIncome": 6639000000,
    "operatingIncomeRatio": 0.1614621334,
    "totalOtherIncomeExpensesNet": -321000000,
    "incomeBeforeTax": 6318000000,
    "incomeBeforeTaxRatio": 0.1536553334,
    "incomeTaxExpense": 1511000000,
    "netIncome": 4807000000,
    "netIncomeRatio": 0.1169074371,
    "eps": 4.54,
    "epsdiluted": 4.53,
    "weightedAverageShsOut": 1058000000,
    "weightedAverageShsOutDil": 1062000000,
    "link": "https://www.sec.gov/Archives/edgar/data/354950/000035495021000189/0000354950-21-000189-index.htm",
    "finalLink": "https://www.sec.gov/Archives/edgar/data/354950/000035495021000189/hd-20210801.htm"
  },
  {
    "date": "2021-05-02",
    "symbol": "HD",
    "reportedCurrency": "USD",
    "cik": "0000354950",
    "fillingDate": "2021-05-25",
    "acceptedDate": "2021-05-24 17:55:43",
    "calendarYear": "2021",
    "period": "Q1",
    "revenue": 37500000000,
    "costOfRevenue": 24758000000,
    "grossProfit": 12742000000,
    "grossProfitRatio": 0.3397866667,
    "researchAndDevelopmentExpenses": 0,
    "generalAndAdministrativeExpenses": 0,
    "sellingAndMarketingExpenses": 0,
    "sellingGeneralAndAdministrativeExpenses": 6374000000,
    "otherExpenses": 587000000,
    "operatingExpenses": 6961000000,
    "costAndExpenses": 31719000000,
    "interestIncome": 6000000,
    "interestExpense": 339000000,
    "depreciationAndAmortization": 703000000,
    "ebitda": 6490000000,
    "ebitdaratio": 0.1730666667,
    "operatingIncome": 5781000000,
    "operatingIncomeRatio": 0.15416,
    "totalOtherIncomeExpensesNet": -333000000,
    "incomeBeforeTax": 5448000000,
    "incomeBeforeTaxRatio": 0.14528,
    "incomeTaxExpense": 1303000000,
    "netIncome": 4145000000,
    "netIncomeRatio": 0.1105333333,
    "eps": 3.87,
    "epsdiluted": 3.86,
    "weightedAverageShsOut": 1071000000,
    "weightedAverageShsOutDil": 1075000000,
    "link": "https://www.sec.gov/Archives/edgar/data/354950/000035495021000147/0000354950-21-000147-index.htm",
    "finalLink": "https://www.sec.gov/Archives/edgar/data/354950/000035495021000147/hd-20210502.htm"
  },
  {
    "date": "2021-01-31",
    "symbol": "HD",
    "reportedCurrency": "USD",
    "cik": "0000354950",
    "fillingDate": "2021-03-24",
    "acceptedDate": "2021-03-24 16:46:14",
    "calendarYear": "2020",
    "period": "Q4",
    "revenue": 32261000000,
    "costOfRevenue": 21430000000,
    "grossProfit": 10831000000,
    "grossProfitRatio": 0.3357304485,
    "researchAndDevelopmentExpenses": 0,
    "generalAndAdministrativeExpenses": 5278000000,
    "sellingAndMarketingExpenses": 909000000,
    "sellingGeneralAndAdministrativeExpenses": 6187000000,
    "otherExpenses": 561000000,
    "operatingExpenses": 6748000000,
    "costAndExpenses": 28178000000,
    "interestIncome": 10000000,
    "interestExpense": 337000000,
    "depreciationAndAmortization": 666000000,
    "ebitda": 4759000000,
    "ebitdaratio": 0.1475155761,
    "operatingIncome": 4083000000,
    "operatingIncomeRatio": 0.1265614829,
    "totalOtherIncomeExpensesNet": -327000000,
    "incomeBeforeTax": 3756000000,
    "incomeBeforeTaxRatio": 0.1164254053,
    "incomeTaxExpense": 899000000,
    "netIncome": 2857000000,
    "netIncomeRatio": 0.0885589411,
    "eps": 2.66,
    "epsdiluted": 2.65,
    "weightedAverageShsOut": 1074000000,
    "weightedAverageShsOutDil": 1078000000,
    "link": "https://www.sec.gov/Archives/edgar/data/354950/000035495021000089/0000354950-21-000089-index.htm",
    "finalLink": "https://www.sec.gov/Archives/edgar/data/354950/000035495021000089/hd-20210131.htm"
  },
  {
    "date": "2020-11-01",
    "symbol": "HD",
    "reportedCurrency": "USD",
    "cik": "0000354950",
    "fillingDate": "2020-11-24",
    "acceptedDate": "2020-11-23 18:13:22",
    "calendarYear": "2020",
    "period": "Q3",
    "revenue": 33536000000,
    "costOfRevenue": 22080000000,
    "grossProfit": 11456000000,
    "grossProfitRatio": 0.3416030534,
    "researchAndDevelopmentExpenses": 0,
    "generalAndAdministrativeExpenses": 0,
    "sellingAndMarketingExpenses": 0,
    "sellingGeneralAndAdministrativeExpenses": 6076000000,
    "otherExpenses": 528000000,
    "operatingExpenses": 6604000000,
    "costAndExpenses": 28684000000,
    "interestIncome": 11000000,
    "interestExpense": 340000000,
    "depreciationAndAmortization": 631000000,
    "ebitda": 5494000000,
    "ebitdaratio": 0.1638239504,
    "operatingIncome": 4852000000,
    "operatingIncomeRatio": 0.1446803435,
    "totalOtherIncomeExpensesNet": -329000000,
    "incomeBeforeTax": 4523000000,
    "incomeBeforeTaxRatio": 0.1348699905,
    "incomeTaxExpense": 1091000000,
    "netIncome": 3432000000,
    "netIncomeRatio": 0.1023377863,
    "eps": 3.2,
    "epsdiluted": 3.18,
    "weightedAverageShsOut": 1073000000,
    "weightedAverageShsOutDil": 1078000000,
    "link": "https://www.sec.gov/Archives/edgar/data/354950/000035495020000103/0000354950-20-000103-index.htm",
    "finalLink": "https://www.sec.gov/Archives/edgar/data/354950/000035495020000103/hd-20201101.htm"
  },
  {
    "date": "2020-08-02",
    "symbol": "HD",
    "reportedCurrency": "USD",
    "cik": "0000354950",
    "fillingDate": "2020-08-25",
    "acceptedDate": "2020-08-24 18:14:05",
    "calendarYear": "2020",
    "period": "Q2",
    "revenue": 38053000000,
    "costOfRevenue": 25112000000,
    "grossProfit": 12941000000,
    "grossProfitRatio": 0.3400783118,
    "researchAndDevelopmentExpenses": 0,
    "generalAndAdministrativeExpenses": 0,
    "sellingAndMarketingExpenses": 0,
    "sellingGeneralAndAdministrativeExpenses": 6355000000,
    "otherExpenses": 519000000,
    "operatingExpenses": 6874000000,
    "costAndExpenses": 31986000000,
    "interestIncome": 9000000,
    "interestExpense": 346000000,
    "depreciationAndAmortization": 615000000,
    "ebitda": 6691000000,
    "ebitdaratio": 0.1758337056,
    "operatingIncome": 6067000000,
    "operatingIncomeRatio": 0.1594355241,
    "totalOtherIncomeExpensesNet": -337000000,
    "incomeBeforeTax": 5730000000,
    "incomeBeforeTaxRatio": 0.150579455,
    "incomeTaxExpense": 1398000000,
    "netIncome": 4332000000,
    "netIncomeRatio": 0.1138412215,
    "eps": 4.04,
    "epsdiluted": 4.02,
    "weightedAverageShsOut": 1073000000,
    "weightedAverageShsOutDil": 1077000000,
    "link": "https://www.sec.gov/Archives/edgar/data/354950/000035495020000068/0000354950-20-000068-index.htm",
    "finalLink": "https://www.sec.gov/Archives/edgar/data/354950/000035495020000068/hd-20200802.htm"
  },
  {
    "date": "2020-05-03",
    "symbol": "HD",
    "reportedCurrency": "USD",
    "cik": "0000354950",
    "fillingDate": "2020-05-27",
    "acceptedDate": "2020-05-26 19:59:23",
    "calendarYear": "2020",
    "period": "Q1",
    "revenue": 28260000000,
    "costOfRevenue": 18635000000,
    "grossProfit": 9625000000,
    "grossProfitRatio": 0.3405874027,
    "researchAndDevelopmentExpenses": 0,
    "generalAndAdministrativeExpenses": 0,
    "sellingAndMarketingExpenses": 0,
    "sellingGeneralAndAdministrativeExpenses": 5829000000,
    "otherExpenses": 520000000,
    "operatingExpenses": 6349000000,
    "costAndExpenses": 24984000000,
    "interestIncome": 17000000,
    "interestExpense": 324000000,
    "depreciationAndAmortization": 607000000,
    "ebitda": 3900000000,
    "ebitdaratio": 0.1380042463,
    "operatingIncome": 3276000000,
    "operatingIncomeRatio": 0.1159235669,
    "totalOtherIncomeExpensesNet": -307000000,
    "incomeBeforeTax": 2969000000,
    "incomeBeforeTaxRatio": 0.1050601557,
    "incomeTaxExpense": 724000000,
    "netIncome": 2245000000,
    "netIncomeRatio": 0.0794409059,
    "eps": 2.09,
    "epsdiluted": 2.08,
    "weightedAverageShsOut": 1073000000,
    "weightedAverageShsOutDil": 1077000000,
    "link": "https://www.sec.gov/Archives/edgar/data/354950/000035495020000041/0000354950-20-000041-index.htm",
    "finalLink": "https://www.sec.gov/Archives/edgar/data/354950/000035495020000041/hd-20200503.htm"
  },
  {
    "date": "2020-02-02",
    "symbol": "HD",
    "reportedCurrency": "USD",
    "cik": "0000354950",
    "fillingDate": "2020-03-25",
    "acceptedDate": "2020-03-25 16:41:53",
    "calendarYear": "2019",
    "period": "Q4",
    "revenue": 25782000000,
    "costOfRevenue": 17046000000,
    "grossProfit": 8736000000,
    "grossProfitRatio": 0.3388410519,
    "researchAndDevelopmentExpenses": 0,
    "generalAndAdministrativeExpenses": 3910000000,
    "sellingAndMarketingExpenses": 904000000,
    "sellingGeneralAndAdministrativeExpenses": 4814000000,
    "otherExpenses": 519000000,
    "operatingExpenses": 5333000000,
    "costAndExpenses": 22379000000,
    "interestIncome": 17000000,
    "interestExpense": 309000000,
    "depreciationAndAmortization": 595000000,
    "ebitda": 4015000000,
    "ebitdaratio": 0.155728803,
    "operatingIncome": 3403000000,
    "operatingIncomeRatio": 0.1319913118,
    "totalOtherIncomeExpensesNet": -292000000,
    "incomeBeforeTax": 3111000000,
    "incomeBeforeTaxRatio": 0.1206655806,
    "incomeTaxExpense": 630000000,
    "netIncome": 2481000000,
    "netIncomeRatio": 0.0962299279,
    "eps": 2.29,
    "epsdiluted": 2.28,
    "weightedAverageShsOut": 1083000000,
    "weightedAverageShsOutDil": 1088000000,
    "link": "https://www.sec.gov/Archives/edgar/data/354950/000035495020000015/0000354950-20-000015-index.htm",
    "finalLink": "https://www.sec.gov/Archives/edgar/data/354950/000035495020000015/hd10k02022020.htm"
  },
  {
    "date": "2019-11-03",
    "symbol": "HD",
    "reportedCurrency": "USD",
    "cik": "0000354950",
    "fillingDate": "2019-11-26",
    "acceptedDate": "2019-11-25 17:56:16",
    "calendarYear": "2019",
    "period": "Q3",
    "revenue": 27223000000,
    "costOfRevenue": 17836000000,
    "grossProfit": 9387000000,
    "grossProfitRatio": 0.3448187195,
    "researchAndDevelopmentExpenses": 0,
    "generalAndAdministrativeExpenses": 4942000000,
    "sellingAndMarketingExpenses": 0,
    "sellingGeneralAndAdministrativeExpenses": 4942000000,
    "otherExpenses": 498000000,
    "operatingExpenses": 5440000000,
    "costAndExpenses": 23276000000,
    "interestIncome": 22000000,
    "interestExpense": 302000000,
    "depreciationAndAmortization": 594000000,
    "ebitda": 4563000000,
    "ebitdaratio": 0.1676156191,
    "operatingIncome": 3947000000,
    "operatingIncomeRatio": 0.1449876942,
    "totalOtherIncomeExpensesNet": -280000000,
    "incomeBeforeTax": 3667000000,
    "incomeBeforeTaxRatio": 0.1347022738,
    "incomeTaxExpense": 898000000,
    "netIncome": 2769000000,
    "netIncomeRatio": 0.1017154612,
    "eps": 2.54,
    "epsdiluted": 2.53,
    "weightedAverageShsOut": 1089000000,
    "weightedAverageShsOutDil": 1094000000,
    "link": "https://www.sec.gov/Archives/edgar/data/354950/000035495019000066/0000354950-19-000066-index.htm",
    "finalLink": "https://www.sec.gov/Archives/edgar/data/354950/000035495019000066/hd10q11032019.htm"
  },
  {
    "date": "2019-08-04",
    "symbol": "HD",
    "reportedCurrency": "USD",
    "cik": "0000354950",
    "fillingDate": "2019-08-27",
    "acceptedDate": "2019-08-26 18:07:04",
    "calendarYear": "2019",
    "period": "Q2",
    "revenue": 30839000000,
    "costOfRevenue": 20407000000,
    "grossProfit": 10432000000,
    "grossProfitRatio": 0.338272966,
    "researchAndDevelopmentExpenses": 0,
    "generalAndAdministrativeExpenses": 5044000000,
    "sellingAndMarketingExpenses": 0,
    "sellingGeneralAndAdministrativeExpenses": 5044000000,
    "otherExpenses": 492000000,
    "operatingExpenses": 5536000000,
    "costAndExpenses": 25943000000,
    "interestIncome": 19000000,
    "interestExpense": 302000000,
    "depreciationAndAmortization": 560000000,
    "ebitda": 5475000000,
    "ebitdaratio": 0.1775349395,
    "operatingIncome": 4896000000,
    "operatingIncomeRatio": 0.1587600117,
    "totalOtherIncomeExpensesNet": -283000000,
    "incomeBeforeTax": 4613000000,
    "incomeBeforeTaxRatio": 0.1495833198,
    "incomeTaxExpense": 1134000000,
    "netIncome": 3479000000,
    "netIncomeRatio": 0.1128116995,
    "eps": 3.18,
    "epsdiluted": 3.17,
    "weightedAverageShsOut": 1095000000,
    "weightedAverageShsOutDil": 1099000000,
    "link": "https://www.sec.gov/Archives/edgar/data/354950/000035495019000057/0000354950-19-000057-index.htm",
    "finalLink": "https://www.sec.gov/Archives/edgar/data/354950/000035495019000057/hd10q08042019.htm"
  },
  {
    "date": "2019-05-05",
    "symbol": "HD",
    "reportedCurrency": "USD",
    "cik": "0000354950",
    "fillingDate": "2019-05-29",
    "acceptedDate": "2019-05-28 18:14:51",
    "calendarYear": "2019",
    "period": "Q1",
    "revenue": 26381000000,
    "costOfRevenue": 17364000000,
    "grossProfit": 9017000000,
    "grossProfitRatio": 0.341799022,
    "researchAndDevelopmentExpenses": 0,
    "generalAndAdministrativeExpenses": 4940000000,
    "sellingAndMarketingExpenses": 0,
    "sellingGeneralAndAdministrativeExpenses": 4940000000,
    "otherExpenses": 480000000,
    "operatingExpenses": 5420000000,
    "costAndExpenses": 22784000000,
    "interestIncome": 15000000,
    "interestExpense": 288000000,
    "depreciationAndAmortization": 547000000,
    "ebitda": 4159000000,
    "ebitdaratio": 0.15765134,
    "operatingIncome": 3597000000,
    "operatingIncomeRatio": 0.1363481293,
    "totalOtherIncomeExpensesNet": -273000000,
    "incomeBeforeTax": 3324000000,
    "incomeBeforeTaxRatio": 0.1259997726,
    "incomeTaxExpense": 811000000,
    "netIncome": 2513000000,
    "netIncomeRatio": 0.0952579508,
    "eps": 2.28,
    "epsdiluted": 2.27,
    "weightedAverageShsOut": 1101000000,
    "weightedAverageShsOutDil": 1106000000,
    "link": "https://www.sec.gov/Archives/edgar/data/354950/000035495019000024/0000354950-19-000024-index.htm",
    "finalLink": "https://www.sec.gov/Archives/edgar/data/354950/000035495019000024/hd_10qx05052019.htm"
  },
  {
    "date": "2019-02-03",
    "symbol": "HD",
    "reportedCurrency": "USD",
    "cik": "0000354950",
    "fillingDate": "2019-03-28",
    "acceptedDate": "2019-03-28 16:42:29",
    "calendarYear": "2018",
    "period": "Q4",
    "revenue": 26491000000,
    "costOfRevenue": 17464000000,
    "grossProfit": 9027000000,
    "grossProfitRatio": 0.3407572383,
    "researchAndDevelopmentExpenses": 0,
    "generalAndAdministrativeExpenses": 4001000000,
    "sellingAndMarketingExpenses": 921000000,
    "sellingGeneralAndAdministrativeExpenses": 4922000000,
    "otherExpenses": 727000000,
    "operatingExpenses": 5649000000,
    "costAndExpenses": 23113000000,
    "interestIncome": 20000000,
    "interestExpense": 269000000,
    "depreciationAndAmortization": 549000000,
    "ebitda": 3931000000,
    "ebitdaratio": 0.1483900193,
    "operatingIncome": 3378000000,
    "operatingIncomeRatio": 0.1275150051,
    "totalOtherIncomeExpensesNet": -265000000,
    "incomeBeforeTax": 3113000000,
    "incomeBeforeTaxRatio": 0.1175116077,
    "incomeTaxExpense": 769000000,
    "netIncome": 2344000000,
    "netIncomeRatio": 0.088482881,
    "eps": 2.1,
    "epsdiluted": 2.09,
    "weightedAverageShsOut": 1116000000,
    "weightedAverageShsOutDil": 1121000000,
    "link": "https://www.sec.gov/Archives/edgar/data/354950/000035495019000010/0000354950-19-000010-index.htm",
    "finalLink": "https://www.sec.gov/Archives/edgar/data/354950/000035495019000010/hd_10kx02032019.htm"
  },
  {
    "date": "2018-10-28",
    "symbol": "HD",
    "reportedCurrency": "USD",
    "cik": "0000354950",
    "fillingDate": "2018-11-20",
    "acceptedDate": "2018-11-19 17:59:21",
    "calendarYear": "2018",
    "period": "Q3",
    "revenue": 26302000000,
    "costOfRevenue": 17151000000,
    "grossProfit": 9151000000,
    "grossProfitRatio": 0.3479203102,
    "researchAndDevelopmentExpenses": 0,
    "generalAndAdministrativeExpenses": 4808000000,
    "sellingAndMarketingExpenses": 0,
    "sellingGeneralAndAdministrativeExpenses": 4808000000,
    "otherExpenses": 473000000,
    "operatingExpenses": 5281000000,
    "costAndExpenses": 22432000000,
    "interestIncome": 25000000,
    "interestExpense": 249000000,
    "depreciationAndAmortization": 541000000,
    "ebitda": 4436000000,
    "ebitdaratio": 0.1686563759,
    "operatingIncome": 3870000000,
    "operatingIncomeRatio": 0.1471370998,
    "totalOtherIncomeExpensesNet": -224000000,
    "incomeBeforeTax": 3646000000,
    "incomeBeforeTaxRatio": 0.1386206372,
    "incomeTaxExpense": 779000000,
    "netIncome": 2867000000,
    "netIncomeRatio": 0.1090031176,
    "eps": 2.53,
    "epsdiluted": 2.51,
    "weightedAverageShsOut": 1135000000,
    "weightedAverageShsOutDil": 1141000000,
    "link": "https://www.sec.gov/Archives/edgar/data/354950/000035495018000065/0000354950-18-000065-index.htm",
    "finalLink": "https://www.sec.gov/Archives/edgar/data/354950/000035495018000065/hd_10qx10282018.htm"
  },
  {
    "date": "2018-07-29",
    "symbol": "HD",
    "reportedCurrency": "USD",
    "cik": "0000354950",
    "fillingDate": "2018-08-21",
    "acceptedDate": "2018-08-20 18:39:10",
    "calendarYear": "2018",
    "period": "Q2",
    "revenue": 30463000000,
    "costOfRevenue": 20098000000,
    "grossProfit": 10365000000,
    "grossProfitRatio": 0.3402488264,
    "researchAndDevelopmentExpenses": 0,
    "generalAndAdministrativeExpenses": 5004000000,
    "sellingAndMarketingExpenses": 0,
    "sellingGeneralAndAdministrativeExpenses": 5004000000,
    "otherExpenses": 460000000,
    "operatingExpenses": 5464000000,
    "costAndExpenses": 25562000000,
    "interestIncome": 26000000,
    "interestExpense": 272000000,
    "depreciationAndAmortization": 530000000,
    "ebitda": 5457000000,
    "ebitdaratio": 0.1791353445,
    "operatingIncome": 4901000000,
    "operatingIncomeRatio": 0.160883695,
    "totalOtherIncomeExpensesNet": -246000000,
    "incomeBeforeTax": 4655000000,
    "incomeBeforeTaxRatio": 0.1528083249,
    "incomeTaxExpense": 1149000000,
    "netIncome": 3506000000,
    "netIncomeRatio": 0.1150904376,
    "eps": 3.06,
    "epsdiluted": 3.05,
    "weightedAverageShsOut": 1144000000,
    "weightedAverageShsOutDil": 1149000000,
    "link": "https://www.sec.gov/Archives/edgar/data/354950/000035495018000051/0000354950-18-000051-index.htm",
    "finalLink": "https://www.sec.gov/Archives/edgar/data/354950/000035495018000051/hd_10qx07292018.htm"
  },
  {
    "date": "2018-04-29",
    "symbol": "HD",
    "reportedCurrency": "USD",
    "cik": "0000354950",
    "fillingDate": "2018-05-22",
    "acceptedDate": "2018-05-21 18:12:31",
    "calendarYear": "2018",
    "period": "Q1",
    "revenue": 24947000000,
    "costOfRevenue": 16330000000,
    "grossProfit": 8617000000,
    "grossProfitRatio": 0.345412274,
    "researchAndDevelopmentExpenses": 0,
    "generalAndAdministrativeExpenses": 4779000000,
    "sellingAndMarketingExpenses": 0,
    "sellingGeneralAndAdministrativeExpenses": 4779000000,
    "otherExpenses": 457000000,
    "operatingExpenses": 5236000000,
    "costAndExpenses": 21566000000,
    "interestIncome": 22000000,
    "interestExpense": 261000000,
    "depreciationAndAmortization": 532000000,
    "ebitda": 3935000000,
    "ebitdaratio": 0.1577343969,
    "operatingIncome": 3381000000,
    "operatingIncomeRatio": 0.1355273179,
    "totalOtherIncomeExpensesNet": -239000000,
    "incomeBeforeTax": 3142000000,
    "incomeBeforeTaxRatio": 0.1259470077,
    "incomeTaxExpense": 738000000,
    "netIncome": 2404000000,
    "netIncomeRatio": 0.0963642923,
    "eps": 2.09,
    "epsdiluted": 2.08,
    "weightedAverageShsOut": 1152000000,
    "weightedAverageShsOutDil": 1158000000,
    "link": "https://www.sec.gov/Archives/edgar/data/354950/000035495018000034/0000354950-18-000034-index.htm",
    "finalLink": "https://www.sec.gov/Archives/edgar/data/354950/000035495018000034/hd_10qx04292018.htm"
  },
  {
    "date": "2018-01-28",
    "symbol": "HD",
    "reportedCurrency": "USD",
    "cik": "0000354950",
    "fillingDate": "2018-03-22",
    "acceptedDate": "2018-03-22 16:56:00",
    "calendarYear": "2017",
    "period": "Q4",
    "revenue": 23883000000,
    "costOfRevenue": 15790000000,
    "grossProfit": 8093000000,
    "grossProfitRatio": 0.3388602772,
    "researchAndDevelopmentExpenses": 0,
    "generalAndAdministrativeExpenses": 3473000000,
    "sellingAndMarketingExpenses": 797000000,
    "sellingGeneralAndAdministrativeExpenses": 4270000000,
    "otherExpenses": 634000000,
    "operatingExpenses": 4904000000,
    "costAndExpenses": 20694000000,
    "interestIncome": 23000000,
    "interestExpense": 269000000,
    "depreciationAndAmortization": 529000000,
    "ebitda": 3741000000,
    "ebitdaratio": 0.1566386132,
    "operatingIncome": 3189000000,
    "operatingIncomeRatio": 0.133525939,
    "totalOtherIncomeExpensesNet": -246000000,
    "incomeBeforeTax": 2943000000,
    "incomeBeforeTaxRatio": 0.1232257254,
    "incomeTaxExpense": 1164000000,
    "netIncome": 1779000000,
    "netIncomeRatio": 0.0744881296,
    "eps": 1.53,
    "epsdiluted": 1.52,
    "weightedAverageShsOut": 1160000000,
    "weightedAverageShsOutDil": 1167000000,
    "link": "https://www.sec.gov/Archives/edgar/data/354950/000035495018000019/0000354950-18-000019-index.htm",
    "finalLink": "https://www.sec.gov/Archives/edgar/data/354950/000035495018000019/hd_10k01282018.htm"
  },
  {
    "date": "2017-10-29",
    "symbol": "HD",
    "reportedCurrency": "USD",
    "cik": "0000354950",
    "fillingDate": "2017-11-21",
    "acceptedDate": "2017-11-20 18:13:00",
    "calendarYear": "2017",
    "period": "Q3",
    "revenue": 25026000000,
    "costOfRevenue": 16378000000,
    "grossProfit": 8648000000,
    "grossProfitRatio": 0.345560617,
    "researchAndDevelopmentExpenses": 0,
    "generalAndAdministrativeExpenses": 4514000000,
    "sellingAndMarketingExpenses": 0,
    "sellingGeneralAndAdministrativeExpenses": 4514000000,
    "otherExpenses": 454000000,
    "operatingExpenses": 4968000000,
    "costAndExpenses": 21346000000,
    "interestIncome": 22000000,
    "interestExpense": 269000000,
    "depreciationAndAmortization": 518000000,
    "ebitda": 4220000000,
    "ebitdaratio": 0.1686246304,
    "operatingIncome": 3680000000,
    "operatingIncomeRatio": 0.147047071,
    "totalOtherIncomeExpensesNet": -247000000,
    "incomeBeforeTax": 3433000000,
    "incomeBeforeTaxRatio": 0.1371773356,
    "incomeTaxExpense": 1268000000,
    "netIncome": 2165000000,
    "netIncomeRatio": 0.0865100296,
    "eps": 1.85,
    "epsdiluted": 1.84,
    "weightedAverageShsOut": 1168000000,
    "weightedAverageShsOutDil": 1174000000,
    "link": "https://www.sec.gov/Archives/edgar/data/354950/000035495017000046/0000354950-17-000046-index.htm",
    "finalLink": "https://www.sec.gov/Archives/edgar/data/354950/000035495017000046/hd_10qx10292017.htm"
  },
  {
    "date": "2017-07-30",
    "symbol": "HD",
    "reportedCurrency": "USD",
    "cik": "0000354950",
    "fillingDate": "2017-08-22",
    "acceptedDate": "2017-08-21 19:06:28",
    "calendarYear": "2017",
    "period": "Q2",
    "revenue": 28108000000,
    "costOfRevenue": 18647000000,
    "grossProfit": 9461000000,
    "grossProfitRatio": 0.3365945638,
    "researchAndDevelopmentExpenses": 0,
    "generalAndAdministrativeExpenses": 4549000000,
    "sellingAndMarketingExpenses": 0,
    "sellingGeneralAndAdministrativeExpenses": 4549000000,
    "otherExpenses": 449000000,
    "operatingExpenses": 4998000000,
    "costAndExpenses": 23645000000,
    "interestIncome": 16000000,
    "interestExpense": 265000000,
    "depreciationAndAmortization": 510000000,
    "ebitda": 4989000000,
    "ebitdaratio": 0.1774939519,
    "operatingIncome": 4463000000,
    "operatingIncomeRatio": 0.1587804184,
    "totalOtherIncomeExpensesNet": -249000000,
    "incomeBeforeTax": 4214000000,
    "incomeBeforeTaxRatio": 0.1499217305,
    "incomeTaxExpense": 1542000000,
    "netIncome": 2672000000,
    "netIncomeRatio": 0.0950619041,
    "eps": 2.26,
    "epsdiluted": 2.25,
    "weightedAverageShsOut": 1183000000,
    "weightedAverageShsOutDil": 1189000000,
    "link": "https://www.sec.gov/Archives/edgar/data/354950/000035495017000032/0000354950-17-000032-index.htm",
    "finalLink": "https://www.sec.gov/Archives/edgar/data/354950/000035495017000032/hd_10qx07302017.htm"
  },
  {
    "date": "2017-04-30",
    "symbol": "HD",
    "reportedCurrency": "USD",
    "cik": "0000354950",
    "fillingDate": "2017-05-23",
    "acceptedDate": "2017-05-22 18:28:07",
    "calendarYear": "2017",
    "period": "Q1",
    "revenue": 23887000000,
    "costOfRevenue": 15733000000,
    "grossProfit": 8154000000,
    "grossProfitRatio": 0.3413572236,
    "researchAndDevelopmentExpenses": 0,
    "generalAndAdministrativeExpenses": 0,
    "sellingAndMarketingExpenses": 0,
    "sellingGeneralAndAdministrativeExpenses": 4361000000,
    "otherExpenses": 444000000,
    "operatingExpenses": 4805000000,
    "costAndExpenses": 20538000000,
    "interestIncome": 13000000,
    "interestExpense": 254000000,
    "depreciationAndAmortization": 505000000,
    "ebitda": 3867000000,
    "ebitdaratio": 0.161887219,
    "operatingIncome": 3349000000,
    "operatingIncomeRatio": 0.1402017834,
    "totalOtherIncomeExpensesNet": -241000000,
    "incomeBeforeTax": 3108000000,
    "incomeBeforeTaxRatio": 0.1301126136,
    "incomeTaxExpense": 1094000000,
    "netIncome": 2014000000,
    "netIncomeRatio": 0.0843136434,
    "eps": 1.68,
    "epsdiluted": 1.67,
    "weightedAverageShsOut": 1198000000,
    "weightedAverageShsOutDil": 1204000000,
    "link": "https://www.sec.gov/Archives/edgar/data/354950/000035495017000014/0000354950-17-000014-index.htm",
    "finalLink": "https://www.sec.gov/Archives/edgar/data/354950/000035495017000014/hd_10qx04302017.htm"
  },
  {
    "date": "2017-01-29",
    "symbol": "HD",
    "reportedCurrency": "USD",
    "cik": "0000354950",
    "fillingDate": "2017-03-23",
    "acceptedDate": "2017-03-23 16:29:46",
    "calendarYear": "2016",
    "period": "Q4",
    "revenue": 22207000000,
    "costOfRevenue": 14654000000,
    "grossProfit": 7553000000,
    "grossProfitRatio": 0.3401179808,
    "researchAndDevelopmentExpenses": 0,
    "generalAndAdministrativeExpenses": 3394000000,
    "sellingAndMarketingExpenses": 789000000,
    "sellingGeneralAndAdministrativeExpenses": 4183000000,
    "otherExpenses": 443000000,
    "operatingExpenses": 4626000000,
    "costAndExpenses": 19280000000,
    "interestIncome": 11000000,
    "interestExpense": 246000000,
    "depreciationAndAmortization": 499000000,
    "ebitda": 3437000000,
    "ebitdaratio": 0.1547710181,
    "operatingIncome": 2927000000,
    "operatingIncomeRatio": 0.1318052866,
    "totalOtherIncomeExpensesNet": -235000000,
    "incomeBeforeTax": 2692000000,
    "incomeBeforeTaxRatio": 0.1212230378,
    "incomeTaxExpense": 948000000,
    "netIncome": 1744000000,
    "netIncomeRatio": 0.0785337957,
    "eps": 1.45,
    "epsdiluted": 1.44,
    "weightedAverageShsOut": 1206000000,
    "weightedAverageShsOutDil": 1211000000,
    "link": "https://www.sec.gov/Archives/edgar/data/354950/000035495017000005/0000354950-17-000005-index.htm",
    "finalLink": "https://www.sec.gov/Archives/edgar/data/354950/000035495017000005/hd-01292017x10xk.htm"
  },
  {
    "date": "2016-10-30",
    "symbol": "HD",
    "reportedCurrency": "USD",
    "cik": "0000354950",
    "fillingDate": "2016-11-22",
    "acceptedDate": "2016-11-21 19:02:56",
    "calendarYear": "2016",
    "period": "Q3",
    "revenue": 23154000000,
    "costOfRevenue": 15112000000,
    "grossProfit": 8042000000,
    "grossProfitRatio": 0.3473265958,
    "researchAndDevelopmentExpenses": 0,
    "generalAndAdministrativeExpenses": 4280000000,
    "sellingAndMarketingExpenses": 0,
    "sellingGeneralAndAdministrativeExpenses": 4280000000,
    "otherExpenses": 442000000,
    "operatingExpenses": 4722000000,
    "costAndExpenses": 19834000000,
    "interestIncome": 10000000,
    "interestExpense": 246000000,
    "depreciationAndAmortization": 496000000,
    "ebitda": 3826000000,
    "ebitdaratio": 0.165241427,
    "operatingIncome": 3320000000,
    "operatingIncomeRatio": 0.1433877516,
    "totalOtherIncomeExpensesNet": -236000000,
    "incomeBeforeTax": 3084000000,
    "incomeBeforeTaxRatio": 0.1331951283,
    "incomeTaxExpense": 1115000000,
    "netIncome": 1969000000,
    "netIncomeRatio": 0.0850393021,
    "eps": 1.61,
    "epsdiluted": 1.6,
    "weightedAverageShsOut": 1224000000,
    "weightedAverageShsOutDil": 1229000000,
    "link": "https://www.sec.gov/Archives/edgar/data/354950/000035495016000094/0000354950-16-000094-index.htm",
    "finalLink": "https://www.sec.gov/Archives/edgar/data/354950/000035495016000094/hd_10qx10302016.htm"
  },
  {
    "date": "2016-07-31",
    "symbol": "HD",
    "reportedCurrency": "USD",
    "cik": "0000354950",
    "fillingDate": "2016-08-23",
    "acceptedDate": "2016-08-22 18:18:52",
    "calendarYear": "2016",
    "period": "Q2",
    "revenue": 26472000000,
    "costOfRevenue": 17545000000,
    "grossProfit": 8927000000,
    "grossProfitRatio": 0.3372242369,
    "researchAndDevelopmentExpenses": 0,
    "generalAndAdministrativeExpenses": 0,
    "sellingAndMarketingExpenses": 0,
    "sellingGeneralAndAdministrativeExpenses": 4388000000,
    "otherExpenses": 436000000,
    "operatingExpenses": 4824000000,
    "costAndExpenses": 22369000000,
    "interestIncome": 8000000,
    "interestExpense": 236000000,
    "depreciationAndAmortization": 492000000,
    "ebitda": 4595000000,
    "ebitdaratio": 0.1735796313,
    "operatingIncome": 4103000000,
    "operatingIncomeRatio": 0.1549939559,
    "totalOtherIncomeExpensesNet": -228000000,
    "incomeBeforeTax": 3875000000,
    "incomeBeforeTaxRatio": 0.1463810819,
    "incomeTaxExpense": 1434000000,
    "netIncome": 2441000000,
    "netIncomeRatio": 0.0922106377,
    "eps": 1.98,
    "epsdiluted": 1.97,
    "weightedAverageShsOut": 1235000000,
    "weightedAverageShsOutDil": 1240000000,
    "link": "https://www.sec.gov/Archives/edgar/data/354950/000035495016000082/0000354950-16-000082-index.htm",
    "finalLink": "https://www.sec.gov/Archives/edgar/data/354950/000035495016000082/hd_10qx07312016.htm"
  },
  {
    "date": "2016-05-01",
    "symbol": "HD",
    "reportedCurrency": "USD",
    "cik": "0000354950",
    "fillingDate": "2016-05-24",
    "acceptedDate": "2016-05-23 18:40:09",
    "calendarYear": "2016",
    "period": "Q1",
    "revenue": 22762000000,
    "costOfRevenue": 14971000000,
    "grossProfit": 7791000000,
    "grossProfitRatio": 0.3422809946,
    "researchAndDevelopmentExpenses": 0,
    "generalAndAdministrativeExpenses": 4281000000,
    "sellingAndMarketingExpenses": 0,
    "sellingGeneralAndAdministrativeExpenses": 4281000000,
    "otherExpenses": 433000000,
    "operatingExpenses": 4714000000,
    "costAndExpenses": 19685000000,
    "interestIncome": 7000000,
    "interestExpense": 244000000,
    "depreciationAndAmortization": 486000000,
    "ebitda": 3563000000,
    "ebitdaratio": 0.1565328179,
    "operatingIncome": 3077000000,
    "operatingIncomeRatio": 0.1351814428,
    "totalOtherIncomeExpensesNet": -237000000,
    "incomeBeforeTax": 2840000000,
    "incomeBeforeTaxRatio": 0.1247693524,
    "incomeTaxExpense": 1037000000,
    "netIncome": 1803000000,
    "netIncomeRatio": 0.0792109656,
    "eps": 1.45,
    "epsdiluted": 1.44,
    "weightedAverageShsOut": 1247000000,
    "weightedAverageShsOutDil": 1252000000,
    "link": "https://www.sec.gov/Archives/edgar/data/354950/000035495016000065/0000354950-16-000065-index.htm",
    "finalLink": "https://www.sec.gov/Archives/edgar/data/354950/000035495016000065/hd_10qx05012016.htm"
  },
  {
    "date": "2016-01-31",
    "symbol": "HD",
    "reportedCurrency": "USD",
    "cik": "0000354950",
    "fillingDate": "2016-03-24",
    "acceptedDate": "2016-03-24 16:05:36",
    "calendarYear": "2015",
    "period": "Q4",
    "revenue": 20980000000,
    "costOfRevenue": 13824000000,
    "grossProfit": 7156000000,
    "grossProfitRatio": 0.3410867493,
    "researchAndDevelopmentExpenses": 0,
    "generalAndAdministrativeExpenses": 12623000000,
    "sellingAndMarketingExpenses": -8445000000,
    "sellingGeneralAndAdministrativeExpenses": 4178000000,
    "otherExpenses": 429000000,
    "operatingExpenses": 4607000000,
    "costAndExpenses": 18431000000,
    "interestIncome": 6000000,
    "interestExpense": 242000000,
    "depreciationAndAmortization": 479000000,
    "ebitda": 3034000000,
    "ebitdaratio": 0.144613918,
    "operatingIncome": 2549000000,
    "operatingIncomeRatio": 0.1214966635,
    "totalOtherIncomeExpensesNet": -236000000,
    "incomeBeforeTax": 2313000000,
    "incomeBeforeTaxRatio": 0.1102478551,
    "incomeTaxExpense": 842000000,
    "netIncome": 1471000000,
    "netIncomeRatio": 0.0701143947,
    "eps": 1.17,
    "epsdiluted": 1.17,
    "weightedAverageShsOut": 1252000000,
    "weightedAverageShsOutDil": 1259000000,
    "link": "https://www.sec.gov/Archives/edgar/data/354950/000035495016000060/0000354950-16-000060-index.htm",
    "finalLink": "https://www.sec.gov/Archives/edgar/data/354950/000035495016000060/hd-1312016x10xk.htm"
  },
  {
    "date": "2015-11-01",
    "symbol": "HD",
    "reportedCurrency": "USD",
    "cik": "0000354950",
    "fillingDate": "2015-11-24",
    "acceptedDate": "2015-11-23 17:47:23",
    "calendarYear": "2015",
    "period": "Q3",
    "revenue": 21819000000,
    "costOfRevenue": 14254000000,
    "grossProfit": 7565000000,
    "grossProfitRatio": 0.3467161648,
    "researchAndDevelopmentExpenses": 0,
    "generalAndAdministrativeExpenses": 4161000000,
    "sellingAndMarketingExpenses": 0,
    "sellingGeneralAndAdministrativeExpenses": 4161000000,
    "otherExpenses": 423000000,
    "operatingExpenses": 4584000000,
    "costAndExpenses": 18838000000,
    "interestIncome": 7000000,
    "interestExpense": 247000000,
    "depreciationAndAmortization": 469000000,
    "ebitda": 3450000000,
    "ebitdaratio": 0.1581190705,
    "operatingIncome": 2981000000,
    "operatingIncomeRatio": 0.1366240433,
    "totalOtherIncomeExpensesNet": -240000000,
    "incomeBeforeTax": 2741000000,
    "incomeBeforeTaxRatio": 0.1256244557,
    "incomeTaxExpense": 1016000000,
    "netIncome": 1725000000,
    "netIncomeRatio": 0.0790595353,
    "eps": 1.36,
    "epsdiluted": 1.35,
    "weightedAverageShsOut": 1268000000,
    "weightedAverageShsOutDil": 1274000000,
    "link": "https://www.sec.gov/Archives/edgar/data/354950/000035495015000049/0000354950-15-000049-index.htm",
    "finalLink": "https://www.sec.gov/Archives/edgar/data/354950/000035495015000049/hd_10qx11012015.htm"
  },
  {
    "date": "2015-08-02",
    "symbol": "HD",
    "reportedCurrency": "USD",
    "cik": "0000354950",
    "fillingDate": "2015-08-25",
    "acceptedDate": "2015-08-24 18:15:14",
    "calendarYear": "2015",
    "period": "Q2",
    "revenue": 24829000000,
    "costOfRevenue": 16464000000,
    "grossProfit": 8365000000,
    "grossProfitRatio": 0.3369044263,
    "researchAndDevelopmentExpenses": 0,
    "generalAndAdministrativeExpenses": 4299000000,
    "sellingAndMarketingExpenses": 0,
    "sellingGeneralAndAdministrativeExpenses": 4299000000,
    "otherExpenses": 419000000,
    "operatingExpenses": 4718000000,
    "costAndExpenses": 21182000000,
    "interestIncome": 149000000,
    "interestExpense": 233000000,
    "depreciationAndAmortization": 461000000,
    "ebitda": 4108000000,
    "ebitdaratio": 0.1654516896,
    "operatingIncome": 3647000000,
    "operatingIncomeRatio": 0.1468846913,
    "totalOtherIncomeExpensesNet": -84000000,
    "incomeBeforeTax": 3563000000,
    "incomeBeforeTaxRatio": 0.1435015506,
    "incomeTaxExpense": 1329000000,
    "netIncome": 2234000000,
    "netIncomeRatio": 0.089975432,
    "eps": 1.74,
    "epsdiluted": 1.73,
    "weightedAverageShsOut": 1283000000,
    "weightedAverageShsOutDil": 1289000000,
    "link": "https://www.sec.gov/Archives/edgar/data/354950/000035495015000033/0000354950-15-000033-index.htm",
    "finalLink": "https://www.sec.gov/Archives/edgar/data/354950/000035495015000033/hd_10qx08022015.htm"
  },
  {
    "date": "2015-05-03",
    "symbol": "HD",
    "reportedCurrency": "USD",
    "cik": "0000354950",
    "fillingDate": "2015-05-27",
    "acceptedDate": "2015-05-26 18:21:38",
    "calendarYear": "2015",
    "period": "Q1",
    "revenue": 20891000000,
    "costOfRevenue": 13712000000,
    "grossProfit": 7179000000,
    "grossProfitRatio": 0.3436408023,
    "researchAndDevelopmentExpenses": 0,
    "generalAndAdministrativeExpenses": 4163000000,
    "sellingAndMarketingExpenses": 0,
    "sellingGeneralAndAdministrativeExpenses": 4163000000,
    "otherExpenses": 419000000,
    "operatingExpenses": 4582000000,
    "costAndExpenses": 18294000000,
    "interestIncome": 4000000,
    "interestExpense": 197000000,
    "depreciationAndAmortization": 454000000,
    "ebitda": 3042000000,
    "ebitdaratio": 0.1456129434,
    "operatingIncome": 2597000000,
    "operatingIncomeRatio": 0.1243119046,
    "totalOtherIncomeExpensesNet": -193000000,
    "incomeBeforeTax": 2404000000,
    "incomeBeforeTaxRatio": 0.1150734766,
    "incomeTaxExpense": 825000000,
    "netIncome": 1579000000,
    "netIncomeRatio": 0.0755827868,
    "eps": 1.22,
    "epsdiluted": 1.21,
    "weightedAverageShsOut": 1298000000,
    "weightedAverageShsOutDil": 1305000000,
    "link": "https://www.sec.gov/Archives/edgar/data/354950/000035495015000018/0000354950-15-000018-index.htm",
    "finalLink": "https://www.sec.gov/Archives/edgar/data/354950/000035495015000018/hd_10qx05032015.htm"
  },
  {
    "date": "2015-02-01",
    "symbol": "HD",
    "reportedCurrency": "USD",
    "cik": "0000354950",
    "fillingDate": "2015-03-26",
    "acceptedDate": "2015-03-26 16:03:43",
    "calendarYear": "2014",
    "period": "Q4",
    "revenue": 19162000000,
    "costOfRevenue": 12439000000,
    "grossProfit": 6723000000,
    "grossProfitRatio": 0.3508506419,
    "researchAndDevelopmentExpenses": 0,
    "generalAndAdministrativeExpenses": 3571000000,
    "sellingAndMarketingExpenses": 554000000,
    "sellingGeneralAndAdministrativeExpenses": 4125000000,
    "otherExpenses": 407000000,
    "operatingExpenses": 4532000000,
    "costAndExpenses": 16971000000,
    "interestIncome": 115000000,
    "interestExpense": 213000000,
    "depreciationAndAmortization": 441000000,
    "ebitda": 2602000000,
    "ebitdaratio": 0.1357895836,
    "operatingIncome": 2191000000,
    "operatingIncomeRatio": 0.114340883,
    "totalOtherIncomeExpensesNet": -98000000,
    "incomeBeforeTax": 2093000000,
    "incomeBeforeTaxRatio": 0.1092265943,
    "incomeTaxExpense": 714000000,
    "netIncome": 1379000000,
    "netIncomeRatio": 0.0719653481,
    "eps": 1.06,
    "epsdiluted": 1.05,
    "weightedAverageShsOut": 1306000000,
    "weightedAverageShsOutDil": 1314000000,
    "link": "https://www.sec.gov/Archives/edgar/data/354950/000035495015000008/0000354950-15-000008-index.htm",
    "finalLink": "https://www.sec.gov/Archives/edgar/data/354950/000035495015000008/hd-212015x10xk.htm"
  },
  {
    "date": "2014-11-02",
    "symbol": "HD",
    "reportedCurrency": "USD",
    "cik": "0000354950",
    "fillingDate": "2014-11-25",
    "acceptedDate": "2014-11-24 18:39:32",
    "calendarYear": "2014",
    "period": "Q3",
    "revenue": 20516000000,
    "costOfRevenue": 13331000000,
    "grossProfit": 7185000000,
    "grossProfitRatio": 0.3502144668,
    "researchAndDevelopmentExpenses": 0,
    "generalAndAdministrativeExpenses": 4217000000,
    "sellingAndMarketingExpenses": 0,
    "sellingGeneralAndAdministrativeExpenses": 4217000000,
    "otherExpenses": 415000000,
    "operatingExpenses": 4632000000,
    "costAndExpenses": 17963000000,
    "interestIncome": 105000000,
    "interestExpense": 218000000,
    "depreciationAndAmortization": 449000000,
    "ebitda": 3002000000,
    "ebitdaratio": 0.1463248197,
    "operatingIncome": 2553000000,
    "operatingIncomeRatio": 0.1244394619,
    "totalOtherIncomeExpensesNet": -113000000,
    "incomeBeforeTax": 2440000000,
    "incomeBeforeTaxRatio": 0.1189315656,
    "incomeTaxExpense": 903000000,
    "netIncome": 1537000000,
    "netIncomeRatio": 0.0749171378,
    "eps": 1.16,
    "epsdiluted": 1.15,
    "weightedAverageShsOut": 1327000000,
    "weightedAverageShsOutDil": 1334000000,
    "link": "https://www.sec.gov/Archives/edgar/data/354950/000035495014000047/0000354950-14-000047-index.htm",
    "finalLink": "https://www.sec.gov/Archives/edgar/data/354950/000035495014000047/hd_10qx11022014.htm"
  },
  {
    "date": "2014-08-03",
    "symbol": "HD",
    "reportedCurrency": "USD",
    "cik": "0000354950",
    "fillingDate": "2014-08-27",
    "acceptedDate": "2014-08-27 16:00:23",
    "calendarYear": "2014",
    "period": "Q2",
    "revenue": 23811000000,
    "costOfRevenue": 15650000000,
    "grossProfit": 8161000000,
    "grossProfitRatio": 0.3427407501,
    "researchAndDevelopmentExpenses": 0,
    "generalAndAdministrativeExpenses": 4146000000,
    "sellingAndMarketingExpenses": 152000000,
    "sellingGeneralAndAdministrativeExpenses": 4298000000,
    "otherExpenses": 415000000,
    "operatingExpenses": 4713000000,
    "costAndExpenses": 20363000000,
    "interestIncome": 17000000,
    "interestExpense": 208000000,
    "depreciationAndAmortization": 449000000,
    "ebitda": 3897000000,
    "ebitdaratio": 0.1636638528,
    "operatingIncome": 3448000000,
    "operatingIncomeRatio": 0.144807022,
    "totalOtherIncomeExpensesNet": -191000000,
    "incomeBeforeTax": 3257000000,
    "incomeBeforeTaxRatio": 0.1367855193,
    "incomeTaxExpense": 1207000000,
    "netIncome": 2050000000,
    "netIncomeRatio": 0.0860946621,
    "eps": 1.52,
    "epsdiluted": 1.52,
    "weightedAverageShsOut": 1346000000,
    "weightedAverageShsOutDil": 1353000000,
    "link": "https://www.sec.gov/Archives/edgar/data/354950/000035495014000032/0000354950-14-000032-index.htm",
    "finalLink": "https://www.sec.gov/Archives/edgar/data/354950/000035495014000032/hd_10qx08032014.htm"
  },
  {
    "date": "2014-05-04",
    "symbol": "HD",
    "reportedCurrency": "USD",
    "cik": "0000354950",
    "fillingDate": "2014-05-28",
    "acceptedDate": "2014-05-28 16:02:25",
    "calendarYear": "2014",
    "period": "Q1",
    "revenue": 19687000000,
    "costOfRevenue": 12802000000,
    "grossProfit": 6885000000,
    "grossProfitRatio": 0.3497231676,
    "researchAndDevelopmentExpenses": 0,
    "generalAndAdministrativeExpenses": 4067000000,
    "sellingAndMarketingExpenses": 127000000,
    "sellingGeneralAndAdministrativeExpenses": 4194000000,
    "otherExpenses": 414000000,
    "operatingExpenses": 4608000000,
    "costAndExpenses": 17410000000,
    "interestIncome": 100000000,
    "interestExpense": 191000000,
    "depreciationAndAmortization": 447000000,
    "ebitda": 2724000000,
    "ebitdaratio": 0.1383654188,
    "operatingIncome": 2277000000,
    "operatingIncomeRatio": 0.1156600803,
    "totalOtherIncomeExpensesNet": -91000000,
    "incomeBeforeTax": 2186000000,
    "incomeBeforeTaxRatio": 0.1110377406,
    "incomeTaxExpense": 807000000,
    "netIncome": 1379000000,
    "netIncomeRatio": 0.0700462234,
    "eps": 1.01,
    "epsdiluted": 1,
    "weightedAverageShsOut": 1367000000,
    "weightedAverageShsOutDil": 1376000000,
    "link": "https://www.sec.gov/Archives/edgar/data/354950/000035495014000017/0000354950-14-000017-index.htm",
    "finalLink": "https://www.sec.gov/Archives/edgar/data/354950/000035495014000017/hd_10qx05042014.htm"
  },
  {
    "date": "2014-02-02",
    "symbol": "HD",
    "reportedCurrency": "USD",
    "cik": "0000354950",
    "fillingDate": "2014-03-27",
    "acceptedDate": "2014-03-27 16:14:17",
    "calendarYear": "2013",
    "period": "Q4",
    "revenue": 17696000000,
    "costOfRevenue": 11504000000,
    "grossProfit": 6192000000,
    "grossProfitRatio": 0.3499095841,
    "researchAndDevelopmentExpenses": 0,
    "generalAndAdministrativeExpenses": 4024000000,
    "sellingAndMarketingExpenses": 0,
    "sellingGeneralAndAdministrativeExpenses": 4024000000,
    "otherExpenses": 407000000,
    "operatingExpenses": 4431000000,
    "costAndExpenses": 15935000000,
    "interestIncome": 4000000,
    "interestExpense": 182000000,
    "depreciationAndAmortization": 440000000,
    "ebitda": 2201000000,
    "ebitdaratio": 0.1243783906,
    "operatingIncome": 1761000000,
    "operatingIncomeRatio": 0.0995140145,
    "totalOtherIncomeExpensesNet": -178000000,
    "incomeBeforeTax": 1583000000,
    "incomeBeforeTaxRatio": 0.0894552441,
    "incomeTaxExpense": 570000000,
    "netIncome": 1013000000,
    "netIncomeRatio": 0.057244575,
    "eps": 0.73,
    "epsdiluted": 0.73,
    "weightedAverageShsOut": 1382000000,
    "weightedAverageShsOutDil": 1391000000,
    "link": "https://www.sec.gov/Archives/edgar/data/354950/000035495014000008/0000354950-14-000008-index.htm",
    "finalLink": "https://www.sec.gov/Archives/edgar/data/354950/000035495014000008/hd-222014x10xk.htm"
  },
  {
    "date": "2013-11-03",
    "symbol": "HD",
    "reportedCurrency": "USD",
    "cik": "0000354950",
    "fillingDate": "2013-11-27",
    "acceptedDate": "2013-11-27 08:00:40",
    "calendarYear": "2013",
    "period": "Q3",
    "revenue": 19470000000,
    "costOfRevenue": 12672000000,
    "grossProfit": 6798000000,
    "grossProfitRatio": 0.3491525424,
    "researchAndDevelopmentExpenses": 0,
    "generalAndAdministrativeExpenses": 4096000000,
    "sellingAndMarketingExpenses": 0,
    "sellingGeneralAndAdministrativeExpenses": 4096000000,
    "otherExpenses": 409000000,
    "operatingExpenses": 4505000000,
    "costAndExpenses": 17177000000,
    "interestIncome": 3000000,
    "interestExpense": 191000000,
    "depreciationAndAmortization": 440000000,
    "ebitda": 2733000000,
    "ebitdaratio": 0.1403697997,
    "operatingIncome": 2293000000,
    "operatingIncomeRatio": 0.1177709296,
    "totalOtherIncomeExpensesNet": -188000000,
    "incomeBeforeTax": 2105000000,
    "incomeBeforeTaxRatio": 0.1081150488,
    "incomeTaxExpense": 754000000,
    "netIncome": 1351000000,
    "netIncomeRatio": 0.0693888033,
    "eps": 0.96,
    "epsdiluted": 0.95,
    "weightedAverageShsOut": 1408000000,
    "weightedAverageShsOutDil": 1417000000,
    "link": "https://www.sec.gov/Archives/edgar/data/354950/000035495013000047/0000354950-13-000047-index.htm",
    "finalLink": "https://www.sec.gov/Archives/edgar/data/354950/000035495013000047/hd_10qx11032013.htm"
  },
  {
    "date": "2013-08-04",
    "symbol": "HD",
    "reportedCurrency": "USD",
    "cik": "0000354950",
    "fillingDate": "2013-08-28",
    "acceptedDate": "2013-08-28 16:00:46",
    "calendarYear": "2013",
    "period": "Q2",
    "revenue": 22522000000,
    "costOfRevenue": 14801000000,
    "grossProfit": 7721000000,
    "grossProfitRatio": 0.3428203534,
    "researchAndDevelopmentExpenses": 0,
    "generalAndAdministrativeExpenses": 4294000000,
    "sellingAndMarketingExpenses": 0,
    "sellingGeneralAndAdministrativeExpenses": 4294000000,
    "otherExpenses": 409000000,
    "operatingExpenses": 4703000000,
    "costAndExpenses": 19504000000,
    "interestIncome": 2000000,
    "interestExpense": 174000000,
    "depreciationAndAmortization": 442000000,
    "ebitda": 3462000000,
    "ebitdaratio": 0.1537163662,
    "operatingIncome": 3018000000,
    "operatingIncomeRatio": 0.1340023089,
    "totalOtherIncomeExpensesNet": -172000000,
    "incomeBeforeTax": 2846000000,
    "incomeBeforeTaxRatio": 0.1263653317,
    "incomeTaxExpense": 1051000000,
    "netIncome": 1795000000,
    "netIncomeRatio": 0.079699849,
    "eps": 1.25,
    "epsdiluted": 1.24,
    "weightedAverageShsOut": 1434000000,
    "weightedAverageShsOutDil": 1443000000,
    "link": "https://www.sec.gov/Archives/edgar/data/354950/000035495013000032/0000354950-13-000032-index.htm",
    "finalLink": "https://www.sec.gov/Archives/edgar/data/354950/000035495013000032/hd_10qx08042013.htm"
  },
  {
    "date": "2013-05-05",
    "symbol": "HD",
    "reportedCurrency": "USD",
    "cik": "0000354950",
    "fillingDate": "2013-05-29",
    "acceptedDate": "2013-05-29 16:06:07",
    "calendarYear": "2013",
    "period": "Q1",
    "revenue": 19124000000,
    "costOfRevenue": 12445000000,
    "grossProfit": 6679000000,
    "grossProfitRatio": 0.3492470195,
    "researchAndDevelopmentExpenses": 0,
    "generalAndAdministrativeExpenses": 4183000000,
    "sellingAndMarketingExpenses": 0,
    "sellingGeneralAndAdministrativeExpenses": 4183000000,
    "otherExpenses": 402000000,
    "operatingExpenses": 4585000000,
    "costAndExpenses": 17030000000,
    "interestIncome": 3000000,
    "interestExpense": 164000000,
    "depreciationAndAmortization": 435000000,
    "ebitda": 2532000000,
    "ebitdaratio": 0.1323990797,
    "operatingIncome": 2094000000,
    "operatingIncomeRatio": 0.1094959214,
    "totalOtherIncomeExpensesNet": -161000000,
    "incomeBeforeTax": 1933000000,
    "incomeBeforeTaxRatio": 0.1010771805,
    "incomeTaxExpense": 707000000,
    "netIncome": 1226000000,
    "netIncomeRatio": 0.0641079272,
    "eps": 0.84,
    "epsdiluted": 0.83,
    "weightedAverageShsOut": 1468000000,
    "weightedAverageShsOutDil": 1478000000,
    "link": "https://www.sec.gov/Archives/edgar/data/354950/000035495013000015/0000354950-13-000015-index.htm",
    "finalLink": "https://www.sec.gov/Archives/edgar/data/354950/000035495013000015/hd_10qx05052013.htm"
  },
  {
    "date": "2013-02-03",
    "symbol": "HD",
    "reportedCurrency": "USD",
    "cik": "0000354950",
    "fillingDate": "2013-03-28",
    "acceptedDate": "2013-03-28 16:22:36",
    "calendarYear": "2012",
    "period": "Q4",
    "revenue": 18246000000,
    "costOfRevenue": 11880000000,
    "grossProfit": 6366000000,
    "grossProfitRatio": 0.3488983887,
    "researchAndDevelopmentExpenses": 0,
    "generalAndAdministrativeExpenses": 4217000000,
    "sellingAndMarketingExpenses": 0,
    "sellingGeneralAndAdministrativeExpenses": 4217000000,
    "otherExpenses": 399000000,
    "operatingExpenses": 4616000000,
    "costAndExpenses": 16496000000,
    "interestIncome": 6000000,
    "interestExpense": 166000000,
    "depreciationAndAmortization": 427000000,
    "ebitda": 2183000000,
    "ebitdaratio": 0.1196426614,
    "operatingIncome": 1750000000,
    "operatingIncomeRatio": 0.0959114326,
    "totalOtherIncomeExpensesNet": -160000000,
    "incomeBeforeTax": 1590000000,
    "incomeBeforeTaxRatio": 0.0871423874,
    "incomeTaxExpense": 569000000,
    "netIncome": 1021000000,
    "netIncomeRatio": 0.0559574701,
    "eps": 0.69,
    "epsdiluted": 0.68,
    "weightedAverageShsOut": 1479000000,
    "weightedAverageShsOutDil": 1491000000,
    "link": "https://www.sec.gov/Archives/edgar/data/354950/000035495013000008/0000354950-13-000008-index.htm",
    "finalLink": "https://www.sec.gov/Archives/edgar/data/354950/000035495013000008/hd-232013x10xk.htm"
  },
  {
    "date": "2012-10-28",
    "symbol": "HD",
    "reportedCurrency": "USD",
    "cik": "0000354950",
    "fillingDate": "2012-11-21",
    "acceptedDate": "2012-11-21 16:06:49",
    "calendarYear": "2012",
    "period": "Q3",
    "revenue": 18130000000,
    "costOfRevenue": 11863000000,
    "grossProfit": 6267000000,
    "grossProfitRatio": 0.34567016,
    "researchAndDevelopmentExpenses": 0,
    "generalAndAdministrativeExpenses": 4139000000,
    "sellingAndMarketingExpenses": 0,
    "sellingGeneralAndAdministrativeExpenses": 4139000000,
    "otherExpenses": 395000000,
    "operatingExpenses": 4534000000,
    "costAndExpenses": 16397000000,
    "interestIncome": 5000000,
    "interestExpense": 155000000,
    "depreciationAndAmortization": 424000000,
    "ebitda": 2162000000,
    "ebitdaratio": 0.1192498621,
    "operatingIncome": 1733000000,
    "operatingIncomeRatio": 0.0955874242,
    "totalOtherIncomeExpensesNet": -150000000,
    "incomeBeforeTax": 1583000000,
    "incomeBeforeTaxRatio": 0.0873138445,
    "incomeTaxExpense": 636000000,
    "netIncome": 947000000,
    "netIncomeRatio": 0.0522338665,
    "eps": 0.64,
    "epsdiluted": 0.63,
    "weightedAverageShsOut": 1487000000,
    "weightedAverageShsOutDil": 1498000000,
    "link": "https://www.sec.gov/Archives/edgar/data/354950/000035495012000035/0000354950-12-000035-index.htm",
    "finalLink": "https://www.sec.gov/Archives/edgar/data/354950/000035495012000035/hd_10qx10282012.htm"
  },
  {
    "date": "2012-07-29",
    "symbol": "HD",
    "reportedCurrency": "USD",
    "cik": "0000354950",
    "fillingDate": "2012-08-22",
    "acceptedDate": "2012-08-22 16:04:26",
    "calendarYear": "2012",
    "period": "Q2",
    "revenue": 20570000000,
    "costOfRevenue": 13544000000,
    "grossProfit": 7026000000,
    "grossProfitRatio": 0.3415653865,
    "researchAndDevelopmentExpenses": 0,
    "generalAndAdministrativeExpenses": 4066000000,
    "sellingAndMarketingExpenses": 0,
    "sellingGeneralAndAdministrativeExpenses": 4066000000,
    "otherExpenses": 391000000,
    "operatingExpenses": 4457000000,
    "costAndExpenses": 18001000000,
    "interestIncome": 4000000,
    "interestExpense": 155000000,
    "depreciationAndAmortization": 423000000,
    "ebitda": 2996000000,
    "ebitdaratio": 0.1456490034,
    "operatingIncome": 2569000000,
    "operatingIncomeRatio": 0.1248906174,
    "totalOtherIncomeExpensesNet": -151000000,
    "incomeBeforeTax": 2418000000,
    "incomeBeforeTaxRatio": 0.1175498298,
    "incomeTaxExpense": 886000000,
    "netIncome": 1532000000,
    "netIncomeRatio": 0.0744773943,
    "eps": 1.02,
    "epsdiluted": 1.01,
    "weightedAverageShsOut": 1501000000,
    "weightedAverageShsOutDil": 1512000000,
    "link": "https://www.sec.gov/Archives/edgar/data/354950/000035495012000024/0000354950-12-000024-index.htm",
    "finalLink": "https://www.sec.gov/Archives/edgar/data/354950/000035495012000024/hd_10qx07292012.htm"
  },
  {
    "date": "2012-04-29",
    "symbol": "HD",
    "reportedCurrency": "USD",
    "cik": "0000354950",
    "fillingDate": "2012-05-24",
    "acceptedDate": "2012-05-24 16:04:56",
    "calendarYear": "2012",
    "period": "Q1",
    "revenue": 17808000000,
    "costOfRevenue": 11625000000,
    "grossProfit": 6183000000,
    "grossProfitRatio": 0.347203504,
    "researchAndDevelopmentExpenses": 0,
    "generalAndAdministrativeExpenses": 4086000000,
    "sellingAndMarketingExpenses": 0,
    "sellingGeneralAndAdministrativeExpenses": 4086000000,
    "otherExpenses": 383000000,
    "operatingExpenses": 4469000000,
    "costAndExpenses": 16094000000,
    "interestIncome": 5000000,
    "interestExpense": 156000000,
    "depreciationAndAmortization": 410000000,
    "ebitda": 2196000000,
    "ebitdaratio": 0.1233153639,
    "operatingIncome": 1714000000,
    "operatingIncomeRatio": 0.0962488769,
    "totalOtherIncomeExpensesNet": -84000000,
    "incomeBeforeTax": 1630000000,
    "incomeBeforeTaxRatio": 0.0915318958,
    "incomeTaxExpense": 595000000,
    "netIncome": 1035000000,
    "netIncomeRatio": 0.0581199461,
    "eps": 0.68,
    "epsdiluted": 0.68,
    "weightedAverageShsOut": 1522000000,
    "weightedAverageShsOutDil": 1531000000,
    "link": "https://www.sec.gov/Archives/edgar/data/354950/000035495012000012/0000354950-12-000012-index.htm",
    "finalLink": "https://www.sec.gov/Archives/edgar/data/354950/000035495012000012/hd_10qx04292012.htm"
  },
  {
    "date": "2012-01-29",
    "symbol": "HD",
    "reportedCurrency": "USD",
    "cik": "0000354950",
    "fillingDate": "2012-03-22",
    "acceptedDate": "2012-03-22 16:14:41",
    "calendarYear": "2011",
    "period": "Q4",
    "revenue": 16014000000,
    "costOfRevenue": 10417000000,
    "grossProfit": 5597000000,
    "grossProfitRatio": 0.3495066817,
    "researchAndDevelopmentExpenses": 0,
    "generalAndAdministrativeExpenses": 3877000000,
    "sellingAndMarketingExpenses": 0,
    "sellingGeneralAndAdministrativeExpenses": 3877000000,
    "otherExpenses": 390000000,
    "operatingExpenses": 4267000000,
    "costAndExpenses": 14684000000,
    "interestIncome": 4000000,
    "interestExpense": 154000000,
    "depreciationAndAmortization": 417000000,
    "ebitda": 1751000000,
    "ebitdaratio": 0.1093418259,
    "operatingIncome": 1330000000,
    "operatingIncomeRatio": 0.0830523292,
    "totalOtherIncomeExpensesNet": -150000000,
    "incomeBeforeTax": 1180000000,
    "incomeBeforeTaxRatio": 0.0736855252,
    "incomeTaxExpense": 406000000,
    "netIncome": 774000000,
    "netIncomeRatio": 0.0483327089,
    "eps": 0.5,
    "epsdiluted": 0.5,
    "weightedAverageShsOut": 1532000000,
    "weightedAverageShsOutDil": 1535000000,
    "link": "https://www.sec.gov/Archives/edgar/data/354950/000035495012000003/0000354950-12-000003-index.htm",
    "finalLink": "https://www.sec.gov/Archives/edgar/data/354950/000035495012000003/hd-1292012x10xk.htm"
  },
  {
    "date": "2011-10-30",
    "symbol": "HD",
    "reportedCurrency": "USD",
    "cik": "0000354950",
    "fillingDate": "2011-11-29",
    "acceptedDate": "2011-11-29 16:15:39",
    "calendarYear": "2011",
    "period": "Q3",
    "revenue": 17326000000,
    "costOfRevenue": 11365000000,
    "grossProfit": 5961000000,
    "grossProfitRatio": 0.3440494055,
    "researchAndDevelopmentExpenses": 0,
    "generalAndAdministrativeExpenses": 3956000000,
    "sellingAndMarketingExpenses": 0,
    "sellingGeneralAndAdministrativeExpenses": 3956000000,
    "otherExpenses": 390000000,
    "operatingExpenses": 4346000000,
    "costAndExpenses": 15711000000,
    "interestIncome": 4000000,
    "interestExpense": 162000000,
    "depreciationAndAmortization": 416000000,
    "ebitda": 2035000000,
    "ebitdaratio": 0.117453538,
    "operatingIncome": 1615000000,
    "operatingIncomeRatio": 0.093212513,
    "totalOtherIncomeExpensesNet": -158000000,
    "incomeBeforeTax": 1457000000,
    "incomeBeforeTaxRatio": 0.0840932702,
    "incomeTaxExpense": 523000000,
    "netIncome": 934000000,
    "netIncomeRatio": 0.0539074224,
    "eps": 0.61,
    "epsdiluted": 0.6,
    "weightedAverageShsOut": 1540000000,
    "weightedAverageShsOutDil": 1548000000,
    "link": "https://www.sec.gov/Archives/edgar/data/354950/000035495011000005/0000354950-11-000005-index.htm",
    "finalLink": "https://www.sec.gov/Archives/edgar/data/354950/000035495011000005/hd_10qx10302011.htm"
  },
  {
    "date": "2011-07-31",
    "symbol": "HD",
    "reportedCurrency": "USD",
    "cik": "0000354950",
    "fillingDate": "2011-09-01",
    "acceptedDate": "2011-09-01 16:18:50",
    "calendarYear": "2011",
    "period": "Q2",
    "revenue": 20232000000,
    "costOfRevenue": 13356000000,
    "grossProfit": 6876000000,
    "grossProfitRatio": 0.3398576512,
    "researchAndDevelopmentExpenses": 0,
    "generalAndAdministrativeExpenses": 0,
    "sellingAndMarketingExpenses": 0,
    "sellingGeneralAndAdministrativeExpenses": 4186000000,
    "otherExpenses": 396000000,
    "operatingExpenses": 4582000000,
    "costAndExpenses": 17938000000,
    "interestIncome": 3000000,
    "interestExpense": 149000000,
    "depreciationAndAmortization": 425000000,
    "ebitda": 2722000000,
    "ebitdaratio": 0.1345393436,
    "operatingIncome": 2294000000,
    "operatingIncomeRatio": 0.1133847371,
    "totalOtherIncomeExpensesNet": -146000000,
    "incomeBeforeTax": 2148000000,
    "incomeBeforeTaxRatio": 0.106168446,
    "incomeTaxExpense": 785000000,
    "netIncome": 1363000000,
    "netIncomeRatio": 0.0673685251,
    "eps": 0.87,
    "epsdiluted": 0.86,
    "weightedAverageShsOut": 1568000000,
    "weightedAverageShsOutDil": 1577000000,
    "link": "https://www.sec.gov/Archives/edgar/data/354950/000119312511239167/0001193125-11-239167-index.htm",
    "finalLink": "https://www.sec.gov/Archives/edgar/data/354950/000119312511239167/d10q.htm"
  },
  {
    "date": "2011-05-01",
    "symbol": "HD",
    "reportedCurrency": "USD",
    "cik": "0000354950",
    "fillingDate": "2011-06-02",
    "acceptedDate": "2011-06-02 16:06:22",
    "calendarYear": "2011",
    "period": "Q1",
    "revenue": 16823000000,
    "costOfRevenue": 10995000000,
    "grossProfit": 5828000000,
    "grossProfitRatio": 0.3464304821,
    "researchAndDevelopmentExpenses": 0,
    "generalAndAdministrativeExpenses": 4009000000,
    "sellingAndMarketingExpenses": 0,
    "sellingGeneralAndAdministrativeExpenses": 4009000000,
    "otherExpenses": 397000000,
    "operatingExpenses": 4406000000,
    "costAndExpenses": 15401000000,
    "interestIncome": 2000000,
    "interestExpense": 141000000,
    "depreciationAndAmortization": 424000000,
    "ebitda": 1848000000,
    "ebitdaratio": 0.1098496107,
    "operatingIncome": 1422000000,
    "operatingIncomeRatio": 0.0845271355,
    "totalOtherIncomeExpensesNet": -139000000,
    "incomeBeforeTax": 1283000000,
    "incomeBeforeTaxRatio": 0.0762646377,
    "incomeTaxExpense": 471000000,
    "netIncome": 812000000,
    "netIncomeRatio": 0.0482672532,
    "eps": 0.51,
    "epsdiluted": 0.5,
    "weightedAverageShsOut": 1599000000,
    "weightedAverageShsOutDil": 1611000000,
    "link": "https://www.sec.gov/Archives/edgar/data/354950/000119312511157199/0001193125-11-157199-index.htm",
    "finalLink": "https://www.sec.gov/Archives/edgar/data/354950/000119312511157199/d10q.htm"
  },
  {
    "date": "2011-01-30",
    "symbol": "HD",
    "reportedCurrency": "USD",
    "cik": "0000354950",
    "fillingDate": "2011-03-24",
    "acceptedDate": "2011-03-24 16:21:02",
    "calendarYear": "2010",
    "period": "Q4",
    "revenue": 15126000000,
    "costOfRevenue": 9883000000,
    "grossProfit": 5243000000,
    "grossProfitRatio": 0.346621711,
    "researchAndDevelopmentExpenses": 0,
    "generalAndAdministrativeExpenses": 3807000000,
    "sellingAndMarketingExpenses": 0,
    "sellingGeneralAndAdministrativeExpenses": 3807000000,
    "otherExpenses": 399000000,
    "operatingExpenses": 4206000000,
    "costAndExpenses": 14089000000,
    "interestIncome": 4000000,
    "interestExpense": 91000000,
    "depreciationAndAmortization": 426000000,
    "ebitda": 1467000000,
    "ebitdaratio": 0.0969853233,
    "operatingIncome": 1037000000,
    "operatingIncomeRatio": 0.0685574507,
    "totalOtherIncomeExpensesNet": -87000000,
    "incomeBeforeTax": 950000000,
    "incomeBeforeTaxRatio": 0.0628057649,
    "incomeTaxExpense": 363000000,
    "netIncome": 587000000,
    "netIncomeRatio": 0.0388073516,
    "eps": 0.36,
    "epsdiluted": 0.36,
    "weightedAverageShsOut": 1621000000,
    "weightedAverageShsOutDil": 1626000000,
    "link": "https://www.sec.gov/Archives/edgar/data/354950/000119312511076501/0001193125-11-076501-index.htm",
    "finalLink": "https://www.sec.gov/Archives/edgar/data/354950/000119312511076501/d10k.htm"
  },
  {
    "date": "2010-10-31",
    "symbol": "HD",
    "reportedCurrency": "USD",
    "cik": "0000354950",
    "fillingDate": "2010-12-02",
    "acceptedDate": "2010-12-02 16:05:55",
    "calendarYear": "2010",
    "period": "Q3",
    "revenue": 16598000000,
    "costOfRevenue": 10913000000,
    "grossProfit": 5685000000,
    "grossProfitRatio": 0.3425111459,
    "researchAndDevelopmentExpenses": 0,
    "generalAndAdministrativeExpenses": 0,
    "sellingAndMarketingExpenses": 0,
    "sellingGeneralAndAdministrativeExpenses": 3837000000,
    "otherExpenses": 400000000,
    "operatingExpenses": 4237000000,
    "costAndExpenses": 15150000000,
    "interestIncome": 4000000,
    "interestExpense": 146000000,
    "depreciationAndAmortization": 426000000,
    "ebitda": 1878000000,
    "ebitdaratio": 0.1131461622,
    "operatingIncome": 1448000000,
    "operatingIncomeRatio": 0.0872394264,
    "totalOtherIncomeExpensesNet": -142000000,
    "incomeBeforeTax": 1306000000,
    "incomeBeforeTaxRatio": 0.0786841788,
    "incomeTaxExpense": 472000000,
    "netIncome": 834000000,
    "netIncomeRatio": 0.0502470177,
    "eps": 0.51,
    "epsdiluted": 0.5,
    "weightedAverageShsOut": 1637000000,
    "weightedAverageShsOutDil": 1646000000,
    "link": "https://www.sec.gov/Archives/edgar/data/354950/000119312510272940/0001193125-10-272940-index.htm",
    "finalLink": "https://www.sec.gov/Archives/edgar/data/354950/000119312510272940/d10q.htm"
  },
  {
    "date": "2010-08-01",
    "symbol": "HD",
    "reportedCurrency": "USD",
    "cik": "0000354950",
    "fillingDate": "2010-09-02",
    "acceptedDate": "2010-09-02 16:08:42",
    "calendarYear": "2010",
    "period": "Q2",
    "revenue": 19410000000,
    "costOfRevenue": 12828000000,
    "grossProfit": 6582000000,
    "grossProfitRatio": 0.3391035549,
    "researchAndDevelopmentExpenses": 0,
    "generalAndAdministrativeExpenses": 4127000000,
    "sellingAndMarketingExpenses": 0,
    "sellingGeneralAndAdministrativeExpenses": 4127000000,
    "otherExpenses": 406000000,
    "operatingExpenses": 4533000000,
    "costAndExpenses": 17361000000,
    "interestIncome": 3000000,
    "interestExpense": 151000000,
    "depreciationAndAmortization": 455000000,
    "ebitda": 2507000000,
    "ebitdaratio": 0.1291602267,
    "operatingIncome": 2049000000,
    "operatingIncomeRatio": 0.1055641422,
    "totalOtherIncomeExpensesNet": -148000000,
    "incomeBeforeTax": 1901000000,
    "incomeBeforeTaxRatio": 0.0979392066,
    "incomeTaxExpense": 709000000,
    "netIncome": 1192000000,
    "netIncomeRatio": 0.0614116435,
    "eps": 0.72,
    "epsdiluted": 0.72,
    "weightedAverageShsOut": 1653000000,
    "weightedAverageShsOutDil": 1663000000,
    "link": "https://www.sec.gov/Archives/edgar/data/354950/000119312510203898/0001193125-10-203898-index.htm",
    "finalLink": "https://www.sec.gov/Archives/edgar/data/354950/000119312510203898/d10q.htm"
  },
  {
    "date": "2010-05-02",
    "symbol": "HD",
    "reportedCurrency": "USD",
    "cik": "0000354950",
    "fillingDate": "2010-06-03",
    "acceptedDate": "2010-06-03 16:22:40",
    "calendarYear": "2010",
    "period": "Q1",
    "revenue": 16863000000,
    "costOfRevenue": 11069000000,
    "grossProfit": 5794000000,
    "grossProfitRatio": 0.3435924806,
    "researchAndDevelopmentExpenses": 0,
    "generalAndAdministrativeExpenses": 4078000000,
    "sellingAndMarketingExpenses": 0,
    "sellingGeneralAndAdministrativeExpenses": 4078000000,
    "otherExpenses": 411000000,
    "operatingExpenses": 4489000000,
    "costAndExpenses": 15558000000,
    "interestIncome": 4000000,
    "interestExpense": 142000000,
    "depreciationAndAmortization": 411000000,
    "ebitda": 1669000000,
    "ebitdaratio": 0.0989740853,
    "operatingIncome": 1305000000,
    "operatingIncomeRatio": 0.0773883651,
    "totalOtherIncomeExpensesNet": -189000000,
    "incomeBeforeTax": 1116000000,
    "incomeBeforeTaxRatio": 0.0661803949,
    "incomeTaxExpense": 391000000,
    "netIncome": 725000000,
    "netIncomeRatio": 0.0429935361,
    "eps": 0.43,
    "epsdiluted": 0.43,
    "weightedAverageShsOut": 1677000000,
    "weightedAverageShsOutDil": 1688000000,
    "link": "https://www.sec.gov/Archives/edgar/data/354950/000119312510132167/0001193125-10-132167-index.htm",
    "finalLink": "https://www.sec.gov/Archives/edgar/data/354950/000119312510132167/d10q.htm"
  },
  {
    "date": "2010-01-31",
    "symbol": "HD",
    "reportedCurrency": "USD",
    "cik": "0000354950",
    "fillingDate": "2010-03-25",
    "acceptedDate": "2010-03-25 16:38:52",
    "calendarYear": "2009",
    "period": "Q4",
    "revenue": 14569000000,
    "costOfRevenue": 9556000000,
    "grossProfit": 5013000000,
    "grossProfitRatio": 0.3440867596,
    "researchAndDevelopmentExpenses": 0,
    "generalAndAdministrativeExpenses": 0,
    "sellingAndMarketingExpenses": -137000000,
    "sellingGeneralAndAdministrativeExpenses": 3869000000,
    "otherExpenses": 417000000,
    "operatingExpenses": 4286000000,
    "costAndExpenses": 13842000000,
    "interestIncome": 3000000,
    "interestExpense": 161000000,
    "depreciationAndAmortization": 442000000,
    "ebitda": 1009000000,
    "ebitdaratio": 0.0692566408,
    "operatingIncome": 727000000,
    "operatingIncomeRatio": 0.0499004736,
    "totalOtherIncomeExpensesNet": -321000000,
    "incomeBeforeTax": 406000000,
    "incomeBeforeTaxRatio": 0.0278673897,
    "incomeTaxExpense": 105000000,
    "netIncome": 342000000,
    "netIncomeRatio": 0.0234745007,
    "eps": 0.2,
    "epsdiluted": 0.2,
    "weightedAverageShsOut": 1680000000,
    "weightedAverageShsOutDil": 1693000000,
    "link": "https://www.sec.gov/Archives/edgar/data/354950/000119312510067178/0001193125-10-067178-index.htm",
    "finalLink": "https://www.sec.gov/Archives/edgar/data/354950/000119312510067178/d10k.htm"
  },
  {
    "date": "2009-11-01",
    "symbol": "HD",
    "reportedCurrency": "USD",
    "cik": "0000354950",
    "fillingDate": "2009-12-03",
    "acceptedDate": "2009-12-03 16:12:13",
    "calendarYear": "2009",
    "period": "Q3",
    "revenue": 16361000000,
    "costOfRevenue": 10800000000,
    "grossProfit": 5561000000,
    "grossProfitRatio": 0.3398936495,
    "researchAndDevelopmentExpenses": 0,
    "generalAndAdministrativeExpenses": 3870000000,
    "sellingAndMarketingExpenses": 0,
    "sellingGeneralAndAdministrativeExpenses": 3870000000,
    "otherExpenses": 428000000,
    "operatingExpenses": 4298000000,
    "costAndExpenses": 15098000000,
    "interestIncome": 4000000,
    "interestExpense": 168000000,
    "depreciationAndAmortization": 428000000,
    "ebitda": 1695000000,
    "ebitdaratio": 0.1036000244,
    "operatingIncome": 1263000000,
    "operatingIncomeRatio": 0.0771957704,
    "totalOtherIncomeExpensesNet": -164000000,
    "incomeBeforeTax": 1099000000,
    "incomeBeforeTaxRatio": 0.0671719333,
    "incomeTaxExpense": 410000000,
    "netIncome": 689000000,
    "netIncomeRatio": 0.0421123403,
    "eps": 0.41,
    "epsdiluted": 0.41,
    "weightedAverageShsOut": 1682000000,
    "weightedAverageShsOutDil": 1693000000,
    "link": "https://www.sec.gov/Archives/edgar/data/354950/000119312509246720/0001193125-09-246720-index.htm",
    "finalLink": "https://www.sec.gov/Archives/edgar/data/354950/000119312509246720/d10q.htm"
  },
  {
    "date": "2009-08-02",
    "symbol": "HD",
    "reportedCurrency": "USD",
    "cik": "0000354950",
    "fillingDate": "2009-09-03",
    "acceptedDate": "2009-09-03 16:24:54",
    "calendarYear": "2009",
    "period": "Q2",
    "revenue": 19071000000,
    "costOfRevenue": 12683000000,
    "grossProfit": 6388000000,
    "grossProfitRatio": 0.334958838,
    "researchAndDevelopmentExpenses": 0,
    "generalAndAdministrativeExpenses": 4101000000,
    "sellingAndMarketingExpenses": 20000000,
    "sellingGeneralAndAdministrativeExpenses": 4121000000,
    "otherExpenses": 434000000,
    "operatingExpenses": 4555000000,
    "costAndExpenses": 17238000000,
    "interestIncome": 6000000,
    "interestExpense": 167000000,
    "depreciationAndAmortization": 434000000,
    "ebitda": 2273000000,
    "ebitdaratio": 0.1191861989,
    "operatingIncome": 1833000000,
    "operatingIncomeRatio": 0.0961145194,
    "totalOtherIncomeExpensesNet": -161000000,
    "incomeBeforeTax": 1672000000,
    "incomeBeforeTaxRatio": 0.0876723822,
    "incomeTaxExpense": 556000000,
    "netIncome": 1116000000,
    "netIncomeRatio": 0.0585181689,
    "eps": 0.66,
    "epsdiluted": 0.66,
    "weightedAverageShsOut": 1683000000,
    "weightedAverageShsOutDil": 1691000000,
    "link": "https://www.sec.gov/Archives/edgar/data/354950/000095012309040859/0000950123-09-040859-index.htm",
    "finalLink": "https://www.sec.gov/Archives/edgar/data/354950/000095012309040859/g19858e10vq.htm"
  },
  {
    "date": "2009-05-03",
    "symbol": "HD",
    "reportedCurrency": "USD",
    "cik": "0000354950",
    "fillingDate": "2009-06-04",
    "acceptedDate": "2009-06-04 08:54:37",
    "calendarYear": "2009",
    "period": "Q1",
    "revenue": 16175000000,
    "costOfRevenue": 10725000000,
    "grossProfit": 5450000000,
    "grossProfitRatio": 0.3369397218,
    "researchAndDevelopmentExpenses": 0,
    "generalAndAdministrativeExpenses": 3925000000,
    "sellingAndMarketingExpenses": 117000000,
    "sellingGeneralAndAdministrativeExpenses": 4042000000,
    "otherExpenses": 428000000,
    "operatingExpenses": 4470000000,
    "costAndExpenses": 15195000000,
    "interestIncome": 5000000,
    "interestExpense": 180000000,
    "depreciationAndAmortization": 453000000,
    "ebitda": 1438000000,
    "ebitdaratio": 0.0889026275,
    "operatingIncome": 980000000,
    "operatingIncomeRatio": 0.0605873261,
    "totalOtherIncomeExpensesNet": -175000000,
    "incomeBeforeTax": 805000000,
    "incomeBeforeTaxRatio": 0.0497681607,
    "incomeTaxExpense": 291000000,
    "netIncome": 514000000,
    "netIncomeRatio": 0.0317774343,
    "eps": 0.31,
    "epsdiluted": 0.3,
    "weightedAverageShsOut": 1683000000,
    "weightedAverageShsOutDil": 1689000000,
    "link": "https://www.sec.gov/Archives/edgar/data/354950/000095012309011236/0000950123-09-011236-index.htm",
    "finalLink": "https://www.sec.gov/Archives/edgar/data/354950/000095012309011236/g19333e10vq.htm"
  },
  {
    "date": "2009-02-01",
    "symbol": "HD",
    "reportedCurrency": "USD",
    "cik": "0000354950",
    "fillingDate": "2009-04-02",
    "acceptedDate": "2009-04-02 16:12:35",
    "calendarYear": "2008",
    "period": "Q4",
    "revenue": 14607000000,
    "costOfRevenue": 9647000000,
    "grossProfit": 4960000000,
    "grossProfitRatio": 0.3395632231,
    "researchAndDevelopmentExpenses": 0,
    "generalAndAdministrativeExpenses": 4251000000,
    "sellingAndMarketingExpenses": 0,
    "sellingGeneralAndAdministrativeExpenses": 4251000000,
    "otherExpenses": 443000000,
    "operatingExpenses": 4694000000,
    "costAndExpenses": 14341000000,
    "interestIncome": 0,
    "interestExpense": 0,
    "depreciationAndAmortization": 470000000,
    "ebitda": 591000000,
    "ebitdaratio": 0.0404600534,
    "operatingIncome": 266000000,
    "operatingIncomeRatio": 0.018210447,
    "totalOtherIncomeExpensesNet": -297000000,
    "incomeBeforeTax": -31000000,
    "incomeBeforeTaxRatio": -0.0021222701,
    "incomeTaxExpense": -29000000,
    "netIncome": -54000000,
    "netIncomeRatio": -0.0036968577,
    "eps": -0.0321,
    "epsdiluted": -0.0321,
    "weightedAverageShsOut": 1681000000,
    "weightedAverageShsOutDil": 1681000000,
    "link": "https://www.sec.gov/Archives/edgar/data/354950/000095014409002875/0000950144-09-002875-index.htm",
    "finalLink": "https://www.sec.gov/Archives/edgar/data/354950/000095014409002875/x17422e10vk.htm"
  },
  {
    "date": "2008-11-02",
    "symbol": "HD",
    "reportedCurrency": "USD",
    "cik": "0000354950",
    "fillingDate": "2008-12-04",
    "acceptedDate": "2008-12-04 16:21:47",
    "calendarYear": "2008",
    "period": "Q3",
    "revenue": 17784000000,
    "costOfRevenue": 11790000000,
    "grossProfit": 5994000000,
    "grossProfitRatio": 0.3370445344,
    "researchAndDevelopmentExpenses": 0,
    "generalAndAdministrativeExpenses": 4225000000,
    "sellingAndMarketingExpenses": 0,
    "sellingGeneralAndAdministrativeExpenses": 4225000000,
    "otherExpenses": 446000000,
    "operatingExpenses": 4671000000,
    "costAndExpenses": 16461000000,
    "interestIncome": 0,
    "interestExpense": 157000000,
    "depreciationAndAmortization": 476000000,
    "ebitda": 1799000000,
    "ebitdaratio": 0.1011583446,
    "operatingIncome": 1323000000,
    "operatingIncomeRatio": 0.0743927126,
    "totalOtherIncomeExpensesNet": -151000000,
    "incomeBeforeTax": 1172000000,
    "incomeBeforeTaxRatio": 0.0659019343,
    "incomeTaxExpense": 416000000,
    "netIncome": 756000000,
    "netIncomeRatio": 0.0425101215,
    "eps": 0.45,
    "epsdiluted": 0.45,
    "weightedAverageShsOut": 1681000000,
    "weightedAverageShsOutDil": 1687000000,
    "link": "https://www.sec.gov/Archives/edgar/data/354950/000110465908074677/0001104659-08-074677-index.htm",
    "finalLink": "https://www.sec.gov/Archives/edgar/data/354950/000110465908074677/a08-27665_110q.htm"
  },
  {
    "date": "2008-08-03",
    "symbol": "HD",
    "reportedCurrency": "USD",
    "cik": "0000354950",
    "fillingDate": "2008-09-04",
    "acceptedDate": "2008-09-04 16:07:54",
    "calendarYear": "2008",
    "period": "Q2",
    "revenue": 20990000000,
    "costOfRevenue": 14026000000,
    "grossProfit": 6964000000,
    "grossProfitRatio": 0.3317770367,
    "researchAndDevelopmentExpenses": 0,
    "generalAndAdministrativeExpenses": 4470000000,
    "sellingAndMarketingExpenses": 0,
    "sellingGeneralAndAdministrativeExpenses": 4470000000,
    "otherExpenses": 452000000,
    "operatingExpenses": 4922000000,
    "costAndExpenses": 18948000000,
    "interestIncome": 0,
    "interestExpense": 161000000,
    "depreciationAndAmortization": 482000000,
    "ebitda": 2524000000,
    "ebitdaratio": 0.120247737,
    "operatingIncome": 2042000000,
    "operatingIncomeRatio": 0.0972844212,
    "totalOtherIncomeExpensesNet": -157000000,
    "incomeBeforeTax": 1885000000,
    "incomeBeforeTaxRatio": 0.0898046689,
    "incomeTaxExpense": 683000000,
    "netIncome": 1202000000,
    "netIncomeRatio": 0.0572653645,
    "eps": 0.71,
    "epsdiluted": 0.71,
    "weightedAverageShsOut": 1680000000,
    "weightedAverageShsOutDil": 1685000000,
    "link": "https://www.sec.gov/Archives/edgar/data/354950/000110465908057051/0001104659-08-057051-index.htm",
    "finalLink": "https://www.sec.gov/Archives/edgar/data/354950/000110465908057051/a08-20912_110q.htm"
  },
  {
    "date": "2008-05-04",
    "symbol": "HD",
    "reportedCurrency": "USD",
    "cik": "0000354950",
    "fillingDate": "2008-06-04",
    "acceptedDate": "2008-06-04 16:04:34",
    "calendarYear": "2008",
    "period": "Q1",
    "revenue": 17907000000,
    "costOfRevenue": 11835000000,
    "grossProfit": 6072000000,
    "grossProfitRatio": 0.3390852739,
    "researchAndDevelopmentExpenses": 0,
    "generalAndAdministrativeExpenses": 4900000000,
    "sellingAndMarketingExpenses": 0,
    "sellingGeneralAndAdministrativeExpenses": 4900000000,
    "otherExpenses": 444000000,
    "operatingExpenses": 5344000000,
    "costAndExpenses": 17179000000,
    "interestIncome": 0,
    "interestExpense": 167000000,
    "depreciationAndAmortization": 474000000,
    "ebitda": 1202000000,
    "ebitdaratio": 0.0671245881,
    "operatingIncome": 728000000,
    "operatingIncomeRatio": 0.0406544927,
    "totalOtherIncomeExpensesNet": -164000000,
    "incomeBeforeTax": 564000000,
    "incomeBeforeTaxRatio": 0.031496063,
    "incomeTaxExpense": 208000000,
    "netIncome": 356000000,
    "netIncomeRatio": 0.0198804937,
    "eps": 0.21,
    "epsdiluted": 0.21,
    "weightedAverageShsOut": 1679000000,
    "weightedAverageShsOutDil": 1683000000,
    "link": "https://www.sec.gov/Archives/edgar/data/354950/000110465908037776/0001104659-08-037776-index.htm",
    "finalLink": "https://www.sec.gov/Archives/edgar/data/354950/000110465908037776/a08-11847_110q.htm"
  },
  {
    "date": "2008-02-03",
    "symbol": "HD",
    "reportedCurrency": "USD",
    "cik": "0000354950",
    "fillingDate": "2008-04-03",
    "acceptedDate": "2008-04-03 16:36:42",
    "calendarYear": "2007",
    "period": "Q4",
    "revenue": 17659000000,
    "costOfRevenue": 11605000000,
    "grossProfit": 6054000000,
    "grossProfitRatio": 0.3428280197,
    "researchAndDevelopmentExpenses": 0,
    "generalAndAdministrativeExpenses": 4353000000,
    "sellingAndMarketingExpenses": 0,
    "sellingGeneralAndAdministrativeExpenses": 4353000000,
    "otherExpenses": 452000000,
    "operatingExpenses": 4805000000,
    "costAndExpenses": 16410000000,
    "interestIncome": 0,
    "interestExpense": 0,
    "depreciationAndAmortization": 481000000,
    "ebitda": 1730000000,
    "ebitdaratio": 0.0979670423,
    "operatingIncome": 1249000000,
    "operatingIncomeRatio": 0.0707288068,
    "totalOtherIncomeExpensesNet": -192000000,
    "incomeBeforeTax": 1057000000,
    "incomeBeforeTaxRatio": 0.059856164,
    "incomeTaxExpense": 386000000,
    "netIncome": 671000000,
    "netIncomeRatio": 0.0379976216,
    "eps": 0.4,
    "epsdiluted": 0.4,
    "weightedAverageShsOut": 1666000000,
    "weightedAverageShsOutDil": 1680000000,
    "link": "https://www.sec.gov/Archives/edgar/data/354950/000104746908004077/0001047469-08-004077-index.htm",
    "finalLink": "https://www.sec.gov/Archives/edgar/data/354950/000104746908004077/a2183971z10-k.htm"
  },
  {
    "date": "2007-10-28",
    "symbol": "HD",
    "reportedCurrency": "USD",
    "cik": "0000354950",
    "fillingDate": "2007-11-28",
    "acceptedDate": "2007-11-28 16:32:36",
    "calendarYear": "2007",
    "period": "Q3",
    "revenue": 18961000000,
    "costOfRevenue": 12622000000,
    "grossProfit": 6339000000,
    "grossProfitRatio": 0.3343178102,
    "researchAndDevelopmentExpenses": 0,
    "generalAndAdministrativeExpenses": 4144000000,
    "sellingAndMarketingExpenses": 0,
    "sellingGeneralAndAdministrativeExpenses": 4144000000,
    "otherExpenses": 431000000,
    "operatingExpenses": 4575000000,
    "costAndExpenses": 17197000000,
    "interestIncome": 20000000,
    "interestExpense": 154000000,
    "depreciationAndAmortization": 462000000,
    "ebitda": 2226000000,
    "ebitdaratio": 0.1173988714,
    "operatingIncome": 1764000000,
    "operatingIncomeRatio": 0.0930330679,
    "totalOtherIncomeExpensesNet": -125000000,
    "incomeBeforeTax": 1639000000,
    "incomeBeforeTaxRatio": 0.0864405886,
    "incomeTaxExpense": 568000000,
    "netIncome": 1091000000,
    "netIncomeRatio": 0.0575391593,
    "eps": 0.6,
    "epsdiluted": 0.6,
    "weightedAverageShsOut": 1810000000,
    "weightedAverageShsOutDil": 1815000000,
    "link": "https://www.sec.gov/Archives/edgar/data/354950/000110465907085623/0001104659-07-085623-index.htm",
    "finalLink": "https://www.sec.gov/Archives/edgar/data/354950/000110465907085623/a07-30127_110q.htm"
  },
  {
    "date": "2007-07-29",
    "symbol": "HD",
    "reportedCurrency": "USD",
    "cik": "0000354950",
    "fillingDate": "2007-09-04",
    "acceptedDate": "2007-09-04 16:37:00",
    "calendarYear": "2007",
    "period": "Q2",
    "revenue": 22184000000,
    "costOfRevenue": 14843000000,
    "grossProfit": 7341000000,
    "grossProfitRatio": 0.3309141724,
    "researchAndDevelopmentExpenses": 0,
    "generalAndAdministrativeExpenses": 4370000000,
    "sellingAndMarketingExpenses": 0,
    "sellingGeneralAndAdministrativeExpenses": 4370000000,
    "otherExpenses": 414000000,
    "operatingExpenses": 4784000000,
    "costAndExpenses": 19627000000,
    "interestIncome": 0,
    "interestExpense": 0,
    "depreciationAndAmortization": 478000000,
    "ebitda": 3035000000,
    "ebitdaratio": 0.1368103137,
    "operatingIncome": 2557000000,
    "operatingIncomeRatio": 0.1152632528,
    "totalOtherIncomeExpensesNet": -145000000,
    "incomeBeforeTax": 2412000000,
    "incomeBeforeTaxRatio": 0.1087270105,
    "incomeTaxExpense": 891000000,
    "netIncome": 1587000000,
    "netIncomeRatio": 0.0715380454,
    "eps": 0.81,
    "epsdiluted": 0.81,
    "weightedAverageShsOut": 1960000000,
    "weightedAverageShsOutDil": 1969000000,
    "link": "https://www.sec.gov/Archives/edgar/data/354950/000110465907066810/0001104659-07-066810-index.htm",
    "finalLink": "https://www.sec.gov/Archives/edgar/data/354950/000110465907066810/a07-21939_110q.htm"
  },
  {
    "date": "2007-04-29",
    "symbol": "HD",
    "reportedCurrency": "USD",
    "cik": "0000354950",
    "fillingDate": "2007-06-06",
    "acceptedDate": "2007-06-06 17:21:01",
    "calendarYear": "2007",
    "period": "Q1",
    "revenue": 18545000000,
    "costOfRevenue": 12282000000,
    "grossProfit": 6263000000,
    "grossProfitRatio": 0.3377190617,
    "researchAndDevelopmentExpenses": 0,
    "generalAndAdministrativeExpenses": 4186000000,
    "sellingAndMarketingExpenses": 621000000,
    "sellingGeneralAndAdministrativeExpenses": 4807000000,
    "otherExpenses": -216000000,
    "operatingExpenses": 4591000000,
    "costAndExpenses": 16873000000,
    "interestIncome": 0,
    "interestExpense": 172000000,
    "depreciationAndAmortization": 485000000,
    "ebitda": 2157000000,
    "ebitdaratio": 0.1163116743,
    "operatingIncome": 1672000000,
    "operatingIncomeRatio": 0.0901590725,
    "totalOtherIncomeExpensesNet": -160000000,
    "incomeBeforeTax": 1512000000,
    "incomeBeforeTaxRatio": 0.0815314101,
    "incomeTaxExpense": 565000000,
    "netIncome": 1046000000,
    "netIncomeRatio": 0.0564033432,
    "eps": 0.53,
    "epsdiluted": 0.53,
    "weightedAverageShsOut": 1959000000,
    "weightedAverageShsOutDil": 1969000000,
    "link": "https://www.sec.gov/Archives/edgar/data/354950/000110465907045852/0001104659-07-045852-index.htm",
    "finalLink": "https://www.sec.gov/Archives/edgar/data/354950/000110465907045852/a07-15221_110q.htm"
  },
  {
    "date": "2007-01-28",
    "symbol": "HD",
    "reportedCurrency": "USD",
    "cik": "0000354950",
    "fillingDate": "2007-03-29",
    "acceptedDate": "2007-03-29 17:08:40",
    "calendarYear": "2006",
    "period": "Q4",
    "revenue": 20265000000,
    "costOfRevenue": 13627000000,
    "grossProfit": 6638000000,
    "grossProfitRatio": 0.3275598322,
    "researchAndDevelopmentExpenses": 0,
    "generalAndAdministrativeExpenses": 4000000000,
    "sellingAndMarketingExpenses": 594000000,
    "sellingGeneralAndAdministrativeExpenses": 4594000000,
    "otherExpenses": 442000000,
    "operatingExpenses": 5036000000,
    "costAndExpenses": 18663000000,
    "interestIncome": 4000000,
    "interestExpense": 123000000,
    "depreciationAndAmortization": 462000000,
    "ebitda": 2064000000,
    "ebitdaratio": 0.1018504811,
    "operatingIncome": 1602000000,
    "operatingIncomeRatio": 0.0790525537,
    "totalOtherIncomeExpensesNet": -123000000,
    "incomeBeforeTax": 1479000000,
    "incomeBeforeTaxRatio": 0.0729829756,
    "incomeTaxExpense": 554000000,
    "netIncome": 925000000,
    "netIncomeRatio": 0.0456452011,
    "eps": 0.46,
    "epsdiluted": 0.46,
    "weightedAverageShsOut": 1994000000,
    "weightedAverageShsOutDil": 2004000000,
    "link": "https://www.sec.gov/Archives/edgar/data/354950/000104746907002295/0001047469-07-002295-index.htm",
    "finalLink": "https://www.sec.gov/Archives/edgar/data/354950/000104746907002295/a2176777z10-k.htm"
  },
  {
    "date": "2006-10-29",
    "symbol": "HD",
    "reportedCurrency": "USD",
    "cik": "0000354950",
    "fillingDate": "2006-12-06",
    "acceptedDate": "2006-12-06 16:37:36",
    "calendarYear": "2006",
    "period": "Q3",
    "revenue": 14704000000,
    "costOfRevenue": 11054000000,
    "grossProfit": 3650000000,
    "grossProfitRatio": 0.2482317737,
    "researchAndDevelopmentExpenses": 0,
    "generalAndAdministrativeExpenses": 3981000000,
    "sellingAndMarketingExpenses": 632000000,
    "sellingGeneralAndAdministrativeExpenses": 4613000000,
    "otherExpenses": -2890000000,
    "operatingExpenses": 1723000000,
    "costAndExpenses": 12777000000,
    "interestIncome": 6000000,
    "interestExpense": 92000000,
    "depreciationAndAmortization": 492000000,
    "ebitda": 2714000000,
    "ebitdaratio": 0.1845756257,
    "operatingIncome": 1927000000,
    "operatingIncomeRatio": 0.1310527748,
    "totalOtherIncomeExpensesNet": -91000000,
    "incomeBeforeTax": 1836000000,
    "incomeBeforeTaxRatio": 0.1248639826,
    "incomeTaxExpense": 680000000,
    "netIncome": 1490000000,
    "netIncomeRatio": 0.1013329706,
    "eps": 0.73,
    "epsdiluted": 0.73,
    "weightedAverageShsOut": 2043000000,
    "weightedAverageShsOutDil": 2050000000,
    "link": "https://www.sec.gov/Archives/edgar/data/354950/000110465906079835/0001104659-06-079835-index.htm",
    "finalLink": "https://www.sec.gov/Archives/edgar/data/354950/000110465906079835/a06-24680_110q.htm"
  },
  {
    "date": "2006-07-30",
    "symbol": "HD",
    "reportedCurrency": "USD",
    "cik": "0000354950",
    "fillingDate": "2006-09-06",
    "acceptedDate": "2006-09-06 16:38:47",
    "calendarYear": "2006",
    "period": "Q2",
    "revenue": 22592000000,
    "costOfRevenue": 15136000000,
    "grossProfit": 7456000000,
    "grossProfitRatio": 0.3300283286,
    "researchAndDevelopmentExpenses": 0,
    "generalAndAdministrativeExpenses": 4146000000,
    "sellingAndMarketingExpenses": 0,
    "sellingGeneralAndAdministrativeExpenses": 4146000000,
    "otherExpenses": 395000000,
    "operatingExpenses": 4541000000,
    "costAndExpenses": 19677000000,
    "interestIncome": 6000000,
    "interestExpense": 98000000,
    "depreciationAndAmortization": 482000000,
    "ebitda": 3397000000,
    "ebitdaratio": 0.1503629603,
    "operatingIncome": 2915000000,
    "operatingIncomeRatio": 0.1290279745,
    "totalOtherIncomeExpensesNet": -98000000,
    "incomeBeforeTax": 2817000000,
    "incomeBeforeTaxRatio": 0.1246901558,
    "incomeTaxExpense": 1116000000,
    "netIncome": 1862000000,
    "netIncomeRatio": 0.0824185552,
    "eps": 0.9,
    "epsdiluted": 0.9,
    "weightedAverageShsOut": 2065000000,
    "weightedAverageShsOutDil": 2072000000,
    "link": "https://www.sec.gov/Archives/edgar/data/354950/000110465906059671/0001104659-06-059671-index.htm",
    "finalLink": "https://www.sec.gov/Archives/edgar/data/354950/000110465906059671/a06-18579_110q.htm"
  },
  {
    "date": "2006-04-30",
    "symbol": "HD",
    "reportedCurrency": "USD",
    "cik": "0000354950",
    "fillingDate": "2006-06-01",
    "acceptedDate": "2006-06-01 16:31:35",
    "calendarYear": "2006",
    "period": "Q1",
    "revenue": 21461000000,
    "costOfRevenue": 14233000000,
    "grossProfit": 7228000000,
    "grossProfitRatio": 0.3367969806,
    "researchAndDevelopmentExpenses": 0,
    "generalAndAdministrativeExpenses": 0,
    "sellingAndMarketingExpenses": 0,
    "sellingGeneralAndAdministrativeExpenses": 4386000000,
    "otherExpenses": 420000000,
    "operatingExpenses": 4806000000,
    "costAndExpenses": 19039000000,
    "interestIncome": 11000000,
    "interestExpense": 52000000,
    "depreciationAndAmortization": 450000000,
    "ebitda": 2872000000,
    "ebitdaratio": 0.1338241461,
    "operatingIncome": 2422000000,
    "operatingIncomeRatio": 0.1128558781,
    "totalOtherIncomeExpensesNet": -52000000,
    "incomeBeforeTax": 2370000000,
    "incomeBeforeTaxRatio": 0.1104328782,
    "incomeTaxExpense": 886000000,
    "netIncome": 1484000000,
    "netIncomeRatio": 0.0691486883,
    "eps": 0.7,
    "epsdiluted": 0.7,
    "weightedAverageShsOut": 2114000000,
    "weightedAverageShsOutDil": 2122000000,
    "link": "https://www.sec.gov/Archives/edgar/data/354950/000110465906038852/0001104659-06-038852-index.htm",
    "finalLink": "https://www.sec.gov/Archives/edgar/data/354950/000110465906038852/a06-12315_110q.htm"
  },
  {
    "date": "2006-01-29",
    "symbol": "HD",
    "reportedCurrency": "USD",
    "cik": "0000354950",
    "fillingDate": "2006-03-29",
    "acceptedDate": "2006-03-29 17:08:36",
    "calendarYear": "2005",
    "period": "Q4",
    "revenue": 19489000000,
    "costOfRevenue": 12896000000,
    "grossProfit": 6593000000,
    "grossProfitRatio": 0.3382933963,
    "researchAndDevelopmentExpenses": 0,
    "generalAndAdministrativeExpenses": 4132000000,
    "sellingAndMarketingExpenses": -9000000,
    "sellingGeneralAndAdministrativeExpenses": 4123000000,
    "otherExpenses": 422000000,
    "operatingExpenses": 4545000000,
    "costAndExpenses": 17441000000,
    "interestIncome": 31000000,
    "interestExpense": 27000000,
    "depreciationAndAmortization": 445000000,
    "ebitda": 2555000000,
    "ebitdaratio": 0.1310995946,
    "operatingIncome": 2048000000,
    "operatingIncomeRatio": 0.1050849197,
    "totalOtherIncomeExpensesNet": -27000000,
    "incomeBeforeTax": 2021000000,
    "incomeBeforeTaxRatio": 0.1036995228,
    "incomeTaxExpense": 736000000,
    "netIncome": 1285000000,
    "netIncomeRatio": 0.0659346298,
    "eps": 0.6,
    "epsdiluted": 0.6,
    "weightedAverageShsOut": 2117000000,
    "weightedAverageShsOutDil": 2128000000,
    "link": "https://www.sec.gov/Archives/edgar/data/354950/000104746906004211/0001047469-06-004211-index.htm",
    "finalLink": "https://www.sec.gov/Archives/edgar/data/354950/000104746906004211/a2168212z10-k.htm"
  },
  {
    "date": "2005-10-30",
    "symbol": "HD",
    "reportedCurrency": "USD",
    "cik": "0000354950",
    "fillingDate": "2005-12-01",
    "acceptedDate": "2005-12-01 16:22:38",
    "calendarYear": "2005",
    "period": "Q3",
    "revenue": 20744000000,
    "costOfRevenue": 13781000000,
    "grossProfit": 6963000000,
    "grossProfitRatio": 0.3356633243,
    "researchAndDevelopmentExpenses": 0,
    "generalAndAdministrativeExpenses": 4119000000,
    "sellingAndMarketingExpenses": 5000000,
    "sellingGeneralAndAdministrativeExpenses": 4124000000,
    "otherExpenses": 366000000,
    "operatingExpenses": 4490000000,
    "costAndExpenses": 18271000000,
    "interestIncome": 17000000,
    "interestExpense": 21000000,
    "depreciationAndAmortization": 405000000,
    "ebitda": 2878000000,
    "ebitdaratio": 0.1387389125,
    "operatingIncome": 2473000000,
    "operatingIncomeRatio": 0.1192151948,
    "totalOtherIncomeExpensesNet": -21000000,
    "incomeBeforeTax": 2452000000,
    "incomeBeforeTaxRatio": 0.1182028538,
    "incomeTaxExpense": 914000000,
    "netIncome": 1538000000,
    "netIncomeRatio": 0.0741419206,
    "eps": 0.72,
    "epsdiluted": 0.72,
    "weightedAverageShsOut": 2130000000,
    "weightedAverageShsOutDil": 2138000000,
    "link": "https://www.sec.gov/Archives/edgar/data/354950/000110465905058609/0001104659-05-058609-index.htm",
    "finalLink": "https://www.sec.gov/Archives/edgar/data/354950/000110465905058609/a05-20637_110q.htm"
  },
  {
    "date": "2005-07-31",
    "symbol": "HD",
    "reportedCurrency": "USD",
    "cik": "0000354950",
    "fillingDate": "2005-09-01",
    "acceptedDate": "2005-09-01 16:09:33",
    "calendarYear": "2005",
    "period": "Q2",
    "revenue": 22305000000,
    "costOfRevenue": 14896000000,
    "grossProfit": 7409000000,
    "grossProfitRatio": 0.3321676754,
    "researchAndDevelopmentExpenses": 0,
    "generalAndAdministrativeExpenses": 0,
    "sellingAndMarketingExpenses": 0,
    "sellingGeneralAndAdministrativeExpenses": 4219000000,
    "otherExpenses": 347000000,
    "operatingExpenses": 4566000000,
    "costAndExpenses": 19462000000,
    "interestIncome": 0,
    "interestExpense": 20000000,
    "depreciationAndAmortization": 368000000,
    "ebitda": 3211000000,
    "ebitdaratio": 0.1439587536,
    "operatingIncome": 2843000000,
    "operatingIncomeRatio": 0.1274602107,
    "totalOtherIncomeExpensesNet": -20000000,
    "incomeBeforeTax": 2823000000,
    "incomeBeforeTaxRatio": 0.1265635508,
    "incomeTaxExpense": 1055000000,
    "netIncome": 1768000000,
    "netIncomeRatio": 0.0792647388,
    "eps": 0.83,
    "epsdiluted": 0.82,
    "weightedAverageShsOut": 2140000000,
    "weightedAverageShsOutDil": 2150000000,
    "link": "https://www.sec.gov/Archives/edgar/data/354950/000110465905042535/0001104659-05-042535-index.htm",
    "finalLink": "https://www.sec.gov/Archives/edgar/data/354950/000110465905042535/a05-15064_110q.htm"
  },
  {
    "date": "2005-05-01",
    "symbol": "HD",
    "reportedCurrency": "USD",
    "cik": "0000354950",
    "fillingDate": "2005-06-02",
    "acceptedDate": "2005-06-02 16:34:06",
    "calendarYear": "2005",
    "period": "Q1",
    "revenue": 18973000000,
    "costOfRevenue": 12618000000,
    "grossProfit": 6355000000,
    "grossProfitRatio": 0.3349496653,
    "researchAndDevelopmentExpenses": 0,
    "generalAndAdministrativeExpenses": 4017000000,
    "sellingAndMarketingExpenses": 2000000,
    "sellingGeneralAndAdministrativeExpenses": 4019000000,
    "otherExpenses": 337000000,
    "operatingExpenses": 4356000000,
    "costAndExpenses": 16974000000,
    "interestIncome": 14000000,
    "interestExpense": 13000000,
    "depreciationAndAmortization": 361000000,
    "ebitda": 2360000000,
    "ebitdaratio": 0.1243872872,
    "operatingIncome": 1999000000,
    "operatingIncomeRatio": 0.1053602488,
    "totalOtherIncomeExpensesNet": -13000000,
    "incomeBeforeTax": 1986000000,
    "incomeBeforeTaxRatio": 0.1046750646,
    "incomeTaxExpense": 739000000,
    "netIncome": 1247000000,
    "netIncomeRatio": 0.0657249776,
    "eps": 0.58,
    "epsdiluted": 0.57,
    "weightedAverageShsOut": 2162000000,
    "weightedAverageShsOutDil": 2172000000,
    "link": "https://www.sec.gov/Archives/edgar/data/354950/000104746905016339/0001047469-05-016339-index.htm",
    "finalLink": "https://www.sec.gov/Archives/edgar/data/354950/000104746905016339/a2158772z10-q.htm"
  },
  {
    "date": "2005-01-30",
    "symbol": "HD",
    "reportedCurrency": "USD",
    "cik": "0000354950",
    "fillingDate": "2005-04-11",
    "acceptedDate": "2005-04-11 15:11:28",
    "calendarYear": "2004",
    "period": "Q4",
    "revenue": 16812000000,
    "costOfRevenue": 11063000000,
    "grossProfit": 5749000000,
    "grossProfitRatio": 0.3419581251,
    "researchAndDevelopmentExpenses": 0,
    "generalAndAdministrativeExpenses": -2743000000,
    "sellingAndMarketingExpenses": 7425000000,
    "sellingGeneralAndAdministrativeExpenses": 4682000000,
    "otherExpenses": -600000000,
    "operatingExpenses": 4082000000,
    "costAndExpenses": 15145000000,
    "interestIncome": 0,
    "interestExpense": 11000000,
    "depreciationAndAmortization": 348000000,
    "ebitda": 2015000000,
    "ebitdaratio": 0.1198548656,
    "operatingIncome": 1667000000,
    "operatingIncomeRatio": 0.0991553652,
    "totalOtherIncomeExpensesNet": -11000000,
    "incomeBeforeTax": 1656000000,
    "incomeBeforeTaxRatio": 0.0985010707,
    "incomeTaxExpense": 615000000,
    "netIncome": 1041000000,
    "netIncomeRatio": 0.0619200571,
    "eps": 0.48,
    "epsdiluted": 0.47,
    "weightedAverageShsOut": 2189000000,
    "weightedAverageShsOutDil": 2201000000,
    "link": "https://www.sec.gov/Archives/edgar/data/354950/000104746905009783/0001047469-05-009783-index.htm",
    "finalLink": "https://www.sec.gov/Archives/edgar/data/354950/000104746905009783/a2153171z10-k.htm"
  },
  {
    "date": "2004-10-31",
    "symbol": "HD",
    "reportedCurrency": "USD",
    "cik": "0000354950",
    "fillingDate": "2004-12-02",
    "acceptedDate": "2004-12-02 15:17:48",
    "calendarYear": "2004",
    "period": "Q3",
    "revenue": 18772000000,
    "costOfRevenue": 12520000000,
    "grossProfit": 6252000000,
    "grossProfitRatio": 0.3330492222,
    "researchAndDevelopmentExpenses": 0,
    "generalAndAdministrativeExpenses": 370000000,
    "sellingAndMarketingExpenses": 3826000000,
    "sellingGeneralAndAdministrativeExpenses": 4196000000,
    "otherExpenses": 0,
    "operatingExpenses": 4196000000,
    "costAndExpenses": 16716000000,
    "interestIncome": 0,
    "interestExpense": 0,
    "depreciationAndAmortization": 335000000,
    "ebitda": 2391000000,
    "ebitdaratio": 0.1273705519,
    "operatingIncome": 2056000000,
    "operatingIncomeRatio": 0.1095248242,
    "totalOtherIncomeExpensesNet": 4000000,
    "incomeBeforeTax": 2060000000,
    "incomeBeforeTaxRatio": 0.1097379075,
    "incomeTaxExpense": 743000000,
    "netIncome": 1317000000,
    "netIncomeRatio": 0.0701576817,
    "eps": 0.6,
    "epsdiluted": 0.6,
    "weightedAverageShsOut": 2191000000,
    "weightedAverageShsOutDil": 2199000000,
    "link": "https://www.sec.gov/Archives/edgar/data/354950/000104746904035922/0001047469-04-035922-index.htm",
    "finalLink": "https://www.sec.gov/Archives/edgar/data/354950/000104746904035922/a2147677z10-q.htm"
  },
  {
    "date": "2004-08-01",
    "symbol": "HD",
    "reportedCurrency": "USD",
    "cik": "0000354950",
    "fillingDate": "2004-09-02",
    "acceptedDate": "2004-09-02 16:41:07",
    "calendarYear": "2004",
    "period": "Q2",
    "revenue": 19960000000,
    "costOfRevenue": 13299000000,
    "grossProfit": 6661000000,
    "grossProfitRatio": 0.3337174349,
    "researchAndDevelopmentExpenses": 0,
    "generalAndAdministrativeExpenses": 3771000000,
    "sellingAndMarketingExpenses": 128000000,
    "sellingGeneralAndAdministrativeExpenses": 3899000000,
    "otherExpenses": 305000000,
    "operatingExpenses": 4204000000,
    "costAndExpenses": 17503000000,
    "interestIncome": 14000000,
    "interestExpense": 3000000,
    "depreciationAndAmortization": 324000000,
    "ebitda": 2781000000,
    "ebitdaratio": 0.1393286573,
    "operatingIncome": 2457000000,
    "operatingIncomeRatio": 0.1230961924,
    "totalOtherIncomeExpensesNet": -3000000,
    "incomeBeforeTax": 2454000000,
    "incomeBeforeTaxRatio": 0.1229458918,
    "incomeTaxExpense": 909000000,
    "netIncome": 1545000000,
    "netIncomeRatio": 0.0774048096,
    "eps": 0.7,
    "epsdiluted": 0.7,
    "weightedAverageShsOut": 2207000000,
    "weightedAverageShsOutDil": 2214000000,
    "link": "https://www.sec.gov/Archives/edgar/data/354950/000104746904027899/0001047469-04-027899-index.htm",
    "finalLink": "https://www.sec.gov/Archives/edgar/data/354950/000104746904027899/a2142954z10-q.htm"
  },
  {
    "date": "2004-05-02",
    "symbol": "HD",
    "reportedCurrency": "USD",
    "cik": "0000354950",
    "fillingDate": "2004-06-04",
    "acceptedDate": "2004-06-04 16:26:36",
    "calendarYear": "2004",
    "period": "Q1",
    "revenue": 17550000000,
    "costOfRevenue": 11782000000,
    "grossProfit": 5768000000,
    "grossProfitRatio": 0.3286609687,
    "researchAndDevelopmentExpenses": 0,
    "generalAndAdministrativeExpenses": 1000000,
    "sellingAndMarketingExpenses": 3726000000,
    "sellingGeneralAndAdministrativeExpenses": 3727000000,
    "otherExpenses": 295000000,
    "operatingExpenses": 4022000000,
    "costAndExpenses": 15804000000,
    "interestIncome": 10000000,
    "interestExpense": 4000000,
    "depreciationAndAmortization": 312000000,
    "ebitda": 2058000000,
    "ebitdaratio": 0.1172649573,
    "operatingIncome": 1746000000,
    "operatingIncomeRatio": 0.0994871795,
    "totalOtherIncomeExpensesNet": -4000000,
    "incomeBeforeTax": 1742000000,
    "incomeBeforeTaxRatio": 0.0992592593,
    "incomeTaxExpense": 644000000,
    "netIncome": 1098000000,
    "netIncomeRatio": 0.0625641026,
    "eps": 0.49,
    "epsdiluted": 0.49,
    "weightedAverageShsOut": 2242000000,
    "weightedAverageShsOutDil": 2250000000,
    "link": "https://www.sec.gov/Archives/edgar/data/354950/000104746904019410/0001047469-04-019410-index.htm",
    "finalLink": "https://www.sec.gov/Archives/edgar/data/354950/000104746904019410/a2137781z10-q.htm"
  },
  {
    "date": "2004-02-01",
    "symbol": "HD",
    "reportedCurrency": "USD",
    "cik": "0000354950",
    "fillingDate": "2004-04-12",
    "acceptedDate": "2004-04-12 16:22:26",
    "calendarYear": "2003",
    "period": "Q4",
    "revenue": 15125000000,
    "costOfRevenue": 10172000000,
    "grossProfit": 4953000000,
    "grossProfitRatio": 0.3274710744,
    "researchAndDevelopmentExpenses": 0,
    "generalAndAdministrativeExpenses": -5986000000,
    "sellingAndMarketingExpenses": 9430000000,
    "sellingGeneralAndAdministrativeExpenses": 3444000000,
    "otherExpenses": 0,
    "operatingExpenses": 3444000000,
    "costAndExpenses": 13616000000,
    "interestIncome": 0,
    "interestExpense": 0,
    "depreciationAndAmortization": 290000000,
    "ebitda": 1799000000,
    "ebitdaratio": 0.1189421488,
    "operatingIncome": 1509000000,
    "operatingIncomeRatio": 0.099768595,
    "totalOtherIncomeExpensesNet": 4000000,
    "incomeBeforeTax": 1513000000,
    "incomeBeforeTaxRatio": 0.1000330579,
    "incomeTaxExpense": 562000000,
    "netIncome": 951000000,
    "netIncomeRatio": 0.0628760331,
    "eps": 0.42,
    "epsdiluted": 0.42,
    "weightedAverageShsOut": 2265000000,
    "weightedAverageShsOutDil": 2270000000,
    "link": "https://www.sec.gov/Archives/edgar/data/354950/000104746904011651/0001047469-04-011651-index.htm",
    "finalLink": "https://www.sec.gov/Archives/edgar/data/354950/000104746904011651/a2132560z10-k.htm"
  },
  {
    "date": "2003-11-02",
    "symbol": "HD",
    "reportedCurrency": "USD",
    "cik": "0000354950",
    "fillingDate": "2003-12-04",
    "acceptedDate": "2003-12-04 16:30:14",
    "calendarYear": "2003",
    "period": "Q3",
    "revenue": 16598000000,
    "costOfRevenue": 11405000000,
    "grossProfit": 5193000000,
    "grossProfitRatio": 0.3128690204,
    "researchAndDevelopmentExpenses": 0,
    "generalAndAdministrativeExpenses": 298000000,
    "sellingAndMarketingExpenses": 3072000000,
    "sellingGeneralAndAdministrativeExpenses": 3370000000,
    "otherExpenses": 0,
    "operatingExpenses": 3370000000,
    "costAndExpenses": 14775000000,
    "interestIncome": 0,
    "interestExpense": 0,
    "depreciationAndAmortization": 281000000,
    "ebitda": 2104000000,
    "ebitdaratio": 0.1267622605,
    "operatingIncome": 1823000000,
    "operatingIncomeRatio": 0.1098325099,
    "totalOtherIncomeExpensesNet": 0,
    "incomeBeforeTax": 1823000000,
    "incomeBeforeTaxRatio": 0.1098325099,
    "incomeTaxExpense": 676000000,
    "netIncome": 1147000000,
    "netIncomeRatio": 0.0691047114,
    "eps": 0.5,
    "epsdiluted": 0.5,
    "weightedAverageShsOut": 2280000000,
    "weightedAverageShsOutDil": 2287000000,
    "link": "https://www.sec.gov/Archives/edgar/data/354950/000104746903039465/0001047469-03-039465-index.htm",
    "finalLink": "https://www.sec.gov/Archives/edgar/data/354950/000104746903039465/a2123930z10-q.htm"
  },
  {
    "date": "2003-08-03",
    "symbol": "HD",
    "reportedCurrency": "USD",
    "cik": "0000354950",
    "fillingDate": "2003-09-05",
    "acceptedDate": "2003-09-05 08:41:06",
    "calendarYear": "2003",
    "period": "Q2",
    "revenue": 17989000000,
    "costOfRevenue": 12384000000,
    "grossProfit": 5605000000,
    "grossProfitRatio": 0.3115792985,
    "researchAndDevelopmentExpenses": 0,
    "generalAndAdministrativeExpenses": 6634000000,
    "sellingAndMarketingExpenses": -3095000000,
    "sellingGeneralAndAdministrativeExpenses": 3539000000,
    "otherExpenses": 0,
    "operatingExpenses": 3539000000,
    "costAndExpenses": 15923000000,
    "interestIncome": 15000000,
    "interestExpense": 1000000,
    "depreciationAndAmortization": 257000000,
    "ebitda": 2323000000,
    "ebitdaratio": 0.1291344711,
    "operatingIncome": 2066000000,
    "operatingIncomeRatio": 0.1148479626,
    "totalOtherIncomeExpensesNet": -1000000,
    "incomeBeforeTax": 2065000000,
    "incomeBeforeTaxRatio": 0.1147923731,
    "incomeTaxExpense": 766000000,
    "netIncome": 1299000000,
    "netIncomeRatio": 0.0722107955,
    "eps": 0.57,
    "epsdiluted": 0.56,
    "weightedAverageShsOut": 2295000000,
    "weightedAverageShsOutDil": 2302000000,
    "link": "https://www.sec.gov/Archives/edgar/data/354950/000104746903029793/0001047469-03-029793-index.htm",
    "finalLink": "https://www.sec.gov/Archives/edgar/data/354950/000104746903029793/a2118107z10-q.htm"
  },
  {
    "date": "2003-05-04",
    "symbol": "HD",
    "reportedCurrency": "USD",
    "cik": "0000354950",
    "fillingDate": "2003-06-06",
    "acceptedDate": "2003-06-06 17:08:54",
    "calendarYear": "2003",
    "period": "Q1",
    "revenue": 15104000000,
    "costOfRevenue": 10275000000,
    "grossProfit": 4829000000,
    "grossProfitRatio": 0.3197166314,
    "researchAndDevelopmentExpenses": 0,
    "generalAndAdministrativeExpenses": 286000000,
    "sellingAndMarketingExpenses": 3095000000,
    "sellingGeneralAndAdministrativeExpenses": 3381000000,
    "otherExpenses": 0,
    "operatingExpenses": 3381000000,
    "costAndExpenses": 13656000000,
    "interestIncome": 12000000,
    "interestExpense": 6000000,
    "depreciationAndAmortization": 248000000,
    "ebitda": 1696000000,
    "ebitdaratio": 0.1122881356,
    "operatingIncome": 1448000000,
    "operatingIncomeRatio": 0.0958686441,
    "totalOtherIncomeExpensesNet": -6000000,
    "incomeBeforeTax": 1442000000,
    "incomeBeforeTaxRatio": 0.0954713983,
    "incomeTaxExpense": 535000000,
    "netIncome": 907000000,
    "netIncomeRatio": 0.0600503178,
    "eps": 0.4,
    "epsdiluted": 0.39,
    "weightedAverageShsOut": 2292000000,
    "weightedAverageShsOutDil": 2297000000,
    "link": "https://www.sec.gov/Archives/edgar/data/354950/000104746903020747/0001047469-03-020747-index.htm",
    "finalLink": "https://www.sec.gov/Archives/edgar/data/354950/000104746903020747/a2112366z10-q.htm"
  },
  {
    "date": "2003-02-02",
    "symbol": "HD",
    "reportedCurrency": "USD",
    "cik": "0000354950",
    "fillingDate": "2003-04-21",
    "acceptedDate": "2003-04-18 19:57:26",
    "calendarYear": "2002",
    "period": "Q4",
    "revenue": 13213000000,
    "costOfRevenue": 8991000000,
    "grossProfit": 4222000000,
    "grossProfitRatio": 0.3195337925,
    "researchAndDevelopmentExpenses": 0,
    "generalAndAdministrativeExpenses": 3127000000,
    "sellingAndMarketingExpenses": 0,
    "sellingGeneralAndAdministrativeExpenses": 3127000000,
    "otherExpenses": 0,
    "operatingExpenses": 3127000000,
    "costAndExpenses": 12118000000,
    "interestIncome": 0,
    "interestExpense": 0,
    "depreciationAndAmortization": 238000000,
    "ebitda": 1333000000,
    "ebitdaratio": 0.1008854916,
    "operatingIncome": 1095000000,
    "operatingIncomeRatio": 0.0828729282,
    "totalOtherIncomeExpensesNet": 4000000,
    "incomeBeforeTax": 1099000000,
    "incomeBeforeTaxRatio": 0.0831756603,
    "incomeTaxExpense": 413000000,
    "netIncome": 686000000,
    "netIncomeRatio": 0.051918565,
    "eps": 0.3,
    "epsdiluted": 0.3,
    "weightedAverageShsOut": 2303000000,
    "weightedAverageShsOutDil": 2309000000,
    "link": "https://www.sec.gov/Archives/edgar/data/354950/000095014403005180/0000950144-03-005180-index.htm",
    "finalLink": "https://www.sec.gov/Archives/edgar/data/354950/000095014403005180/g81844e10vk.txt"
  },
  {
    "date": "2002-11-03",
    "symbol": "HD",
    "reportedCurrency": "USD",
    "cik": "0000354950",
    "fillingDate": "2002-12-05",
    "acceptedDate": "2002-12-05 17:12:30",
    "calendarYear": "2002",
    "period": "Q3",
    "revenue": 14475000000,
    "costOfRevenue": 9895000000,
    "grossProfit": 4580000000,
    "grossProfitRatio": 0.3164075993,
    "researchAndDevelopmentExpenses": 0,
    "generalAndAdministrativeExpenses": 271000000,
    "sellingAndMarketingExpenses": 2813000000,
    "sellingGeneralAndAdministrativeExpenses": 3084000000,
    "otherExpenses": 0,
    "operatingExpenses": 3084000000,
    "costAndExpenses": 12979000000,
    "interestIncome": 0,
    "interestExpense": 0,
    "depreciationAndAmortization": 231000000,
    "ebitda": 1727000000,
    "ebitdaratio": 0.1193091537,
    "operatingIncome": 1496000000,
    "operatingIncomeRatio": 0.1033506045,
    "totalOtherIncomeExpensesNet": 11000000,
    "incomeBeforeTax": 1507000000,
    "incomeBeforeTaxRatio": 0.1041105354,
    "incomeTaxExpense": 567000000,
    "netIncome": 940000000,
    "netIncomeRatio": 0.0649395509,
    "eps": 0.4,
    "epsdiluted": 0.4,
    "weightedAverageShsOut": 2337000000,
    "weightedAverageShsOutDil": 2343000000,
    "link": "https://www.sec.gov/Archives/edgar/data/354950/000110465902006906/0001104659-02-006906-index.htm",
    "finalLink": "https://www.sec.gov/Archives/edgar/data/354950/000110465902006906/j6139_10q.htm"
  },
  {
    "date": "2002-08-04",
    "symbol": "HD",
    "reportedCurrency": "USD",
    "cik": "0000354950",
    "fillingDate": "2002-08-26",
    "acceptedDate": "2002-08-26 16:35:48",
    "calendarYear": "2002",
    "period": "Q2",
    "revenue": 16277000000,
    "costOfRevenue": 11331000000,
    "grossProfit": 4946000000,
    "grossProfitRatio": 0.3038643485,
    "researchAndDevelopmentExpenses": 0,
    "generalAndAdministrativeExpenses": 259000000,
    "sellingAndMarketingExpenses": 2810000000,
    "sellingGeneralAndAdministrativeExpenses": 3069000000,
    "otherExpenses": 0,
    "operatingExpenses": 3069000000,
    "costAndExpenses": 14400000000,
    "interestIncome": 0,
    "interestExpense": 0,
    "depreciationAndAmortization": 225000000,
    "ebitda": 2102000000,
    "ebitdaratio": 0.1291392763,
    "operatingIncome": 1877000000,
    "operatingIncomeRatio": 0.1153160902,
    "totalOtherIncomeExpensesNet": 17000000,
    "incomeBeforeTax": 1894000000,
    "incomeBeforeTaxRatio": 0.1163605087,
    "incomeTaxExpense": 712000000,
    "netIncome": 1182000000,
    "netIncomeRatio": 0.0726178043,
    "eps": 0.5,
    "epsdiluted": 0.5,
    "weightedAverageShsOut": 2354000000,
    "weightedAverageShsOutDil": 2363000000,
    "link": "https://www.sec.gov/Archives/edgar/data/354950/000110465902004392/0001104659-02-004392-index.htm",
    "finalLink": "https://www.sec.gov/Archives/edgar/data/354950/000110465902004392/j4763_10q.htm"
  },
  {
    "date": "2002-05-05",
    "symbol": "HD",
    "reportedCurrency": "USD",
    "cik": "0000354950",
    "fillingDate": "2002-06-04",
    "acceptedDate": "2002-06-04 10:54:12",
    "calendarYear": "2002",
    "period": "Q1",
    "revenue": 14282000000,
    "costOfRevenue": 9922000000,
    "grossProfit": 4360000000,
    "grossProfitRatio": 0.3052793726,
    "researchAndDevelopmentExpenses": 0,
    "generalAndAdministrativeExpenses": 253000000,
    "sellingAndMarketingExpenses": 2745000000,
    "sellingGeneralAndAdministrativeExpenses": 2998000000,
    "otherExpenses": 0,
    "operatingExpenses": 2998000000,
    "costAndExpenses": 12920000000,
    "interestIncome": 0,
    "interestExpense": 0,
    "depreciationAndAmortization": 209000000,
    "ebitda": 1571000000,
    "ebitdaratio": 0.1099985996,
    "operatingIncome": 1362000000,
    "operatingIncomeRatio": 0.0953647948,
    "totalOtherIncomeExpensesNet": 10000000,
    "incomeBeforeTax": 1372000000,
    "incomeBeforeTaxRatio": 0.0960649769,
    "incomeTaxExpense": 516000000,
    "netIncome": 856000000,
    "netIncomeRatio": 0.0599355833,
    "eps": 0.36,
    "epsdiluted": 0.36,
    "weightedAverageShsOut": 2349000000,
    "weightedAverageShsOutDil": 2365000000,
    "link": "https://www.sec.gov/Archives/edgar/data/354950/000110465902002735/0001104659-02-002735-index.htm",
    "finalLink": "https://www.sec.gov/Archives/edgar/data/354950/000110465902002735/j4035_10q.htm"
  },
  {
    "date": "2002-02-03",
    "symbol": "HD",
    "reportedCurrency": "USD",
    "cik": "0000354950",
    "fillingDate": "2002-04-19",
    "acceptedDate": "2002-04-19 00:00:00",
    "calendarYear": "2001",
    "period": "Q4",
    "revenue": 13488000000,
    "costOfRevenue": 9332000000,
    "grossProfit": 4156000000,
    "grossProfitRatio": 0.3081257414,
    "researchAndDevelopmentExpenses": 0,
    "generalAndAdministrativeExpenses": 3004000000,
    "sellingAndMarketingExpenses": 0,
    "sellingGeneralAndAdministrativeExpenses": 3004000000,
    "otherExpenses": 0,
    "operatingExpenses": 3004000000,
    "costAndExpenses": 12336000000,
    "interestIncome": 0,
    "interestExpense": 0,
    "depreciationAndAmortization": 200000000,
    "ebitda": 1352000000,
    "ebitdaratio": 0.1002372479,
    "operatingIncome": 1152000000,
    "operatingIncomeRatio": 0.0854092527,
    "totalOtherIncomeExpensesNet": 4000000,
    "incomeBeforeTax": 1156000000,
    "incomeBeforeTaxRatio": 0.0857058126,
    "incomeTaxExpense": 446000000,
    "netIncome": 710000000,
    "netIncomeRatio": 0.0526393832,
    "eps": 0.3,
    "epsdiluted": 0.3,
    "weightedAverageShsOut": 2344000000,
    "weightedAverageShsOutDil": 2358000000,
    "link": "https://www.sec.gov/Archives/edgar/data/354950/000095014402004155/0000950144-02-004155-index.htm",
    "finalLink": "https://www.sec.gov/Archives/edgar/data/354950/000095014402004155/g75478e10-k.txt"
  },
  {
    "date": "2001-10-28",
    "symbol": "HD",
    "reportedCurrency": "USD",
    "cik": "0000354950",
    "fillingDate": "2001-11-28",
    "acceptedDate": "2001-11-28 00:00:00",
    "calendarYear": "2001",
    "period": "Q3",
    "revenue": 13289000000,
    "costOfRevenue": 9279000000,
    "grossProfit": 4010000000,
    "grossProfitRatio": 0.3017533298,
    "researchAndDevelopmentExpenses": 0,
    "generalAndAdministrativeExpenses": 230000000,
    "sellingAndMarketingExpenses": 2495000000,
    "sellingGeneralAndAdministrativeExpenses": 2725000000,
    "otherExpenses": 28000000,
    "operatingExpenses": 2753000000,
    "costAndExpenses": 12032000000,
    "interestIncome": 0,
    "interestExpense": 0,
    "depreciationAndAmortization": 198000000,
    "ebitda": 1455000000,
    "ebitdaratio": 0.1094890511,
    "operatingIncome": 1257000000,
    "operatingIncomeRatio": 0.0945895101,
    "totalOtherIncomeExpensesNet": 10000000,
    "incomeBeforeTax": 1267000000,
    "incomeBeforeTaxRatio": 0.0953420122,
    "incomeTaxExpense": 489000000,
    "netIncome": 778000000,
    "netIncomeRatio": 0.058544661,
    "eps": 0.33,
    "epsdiluted": 0.33,
    "weightedAverageShsOut": 2337000000,
    "weightedAverageShsOutDil": 2352000000,
    "link": "https://www.sec.gov/Archives/edgar/data/354950/000110465901503561/0001104659-01-503561-index.htm",
    "finalLink": "https://www.sec.gov/Archives/edgar/data/354950/000110465901503561/j2488_10q.htm"
  },
  {
    "date": "2001-07-29",
    "symbol": "HD",
    "reportedCurrency": "USD",
    "cik": "0000354950",
    "fillingDate": "2001-08-27",
    "acceptedDate": "2001-08-27 00:00:00",
    "calendarYear": "2001",
    "period": "Q2",
    "revenue": 14576000000,
    "costOfRevenue": 10250000000,
    "grossProfit": 4326000000,
    "grossProfitRatio": 0.2967892426,
    "researchAndDevelopmentExpenses": 0,
    "generalAndAdministrativeExpenses": 229000000,
    "sellingAndMarketingExpenses": 2569000000,
    "sellingGeneralAndAdministrativeExpenses": 2798000000,
    "otherExpenses": 32000000,
    "operatingExpenses": 2830000000,
    "costAndExpenses": 13080000000,
    "interestIncome": 0,
    "interestExpense": 0,
    "depreciationAndAmortization": 189000000,
    "ebitda": 1685000000,
    "ebitdaratio": 0.1156009879,
    "operatingIncome": 1496000000,
    "operatingIncomeRatio": 0.1026344676,
    "totalOtherIncomeExpensesNet": 8000000,
    "incomeBeforeTax": 1504000000,
    "incomeBeforeTaxRatio": 0.103183315,
    "incomeTaxExpense": 580000000,
    "netIncome": 924000000,
    "netIncomeRatio": 0.0633918771,
    "eps": 0.4,
    "epsdiluted": 0.39,
    "weightedAverageShsOut": 2334000000,
    "weightedAverageShsOutDil": 2355000000,
    "link": "https://www.sec.gov/Archives/edgar/data/354950/000110465901502091/0001104659-01-502091-index.htm",
    "finalLink": "https://www.sec.gov/Archives/edgar/data/354950/000110465901502091/j1043_10q.htm"
  },
  {
    "date": "2001-04-29",
    "symbol": "HD",
    "reportedCurrency": "USD",
    "cik": "0000354950",
    "fillingDate": "2001-05-29",
    "acceptedDate": "2001-05-29 00:00:00",
    "calendarYear": "2001",
    "period": "Q1",
    "revenue": 12200000000,
    "costOfRevenue": 8545000000,
    "grossProfit": 3655000000,
    "grossProfitRatio": 0.2995901639,
    "researchAndDevelopmentExpenses": 0,
    "generalAndAdministrativeExpenses": 2628000000,
    "sellingAndMarketingExpenses": 0,
    "sellingGeneralAndAdministrativeExpenses": 2628000000,
    "otherExpenses": 0,
    "operatingExpenses": 2628000000,
    "costAndExpenses": 11173000000,
    "interestIncome": 0,
    "interestExpense": 0,
    "depreciationAndAmortization": 177000000,
    "ebitda": 1204000000,
    "ebitdaratio": 0.0986885246,
    "operatingIncome": 1027000000,
    "operatingIncomeRatio": 0.0841803279,
    "totalOtherIncomeExpensesNet": 3000000,
    "incomeBeforeTax": 1030000000,
    "incomeBeforeTaxRatio": 0.0844262295,
    "incomeTaxExpense": 398000000,
    "netIncome": 632000000,
    "netIncomeRatio": 0.0518032787,
    "eps": 0.27,
    "epsdiluted": 0.27,
    "weightedAverageShsOut": 2326000000,
    "weightedAverageShsOutDil": 2347000000,
    "link": "https://www.sec.gov/Archives/edgar/data/354950/000091205701517840/0000912057-01-517840-index.htm",
    "finalLink": "https://www.sec.gov/Archives/edgar/data/354950/000091205701517840/a2050575z10-q.txt"
  },
  {
    "date": "2001-01-28",
    "symbol": "HD",
    "reportedCurrency": "USD",
    "cik": "0000354950",
    "fillingDate": "2001-04-23",
    "acceptedDate": "2001-04-23 00:00:00",
    "calendarYear": "2000",
    "period": "Q4",
    "revenue": 10463000000,
    "costOfRevenue": 7245000000,
    "grossProfit": 3218000000,
    "grossProfitRatio": 0.3075599732,
    "researchAndDevelopmentExpenses": 0,
    "generalAndAdministrativeExpenses": 0,
    "sellingAndMarketingExpenses": 0,
    "sellingGeneralAndAdministrativeExpenses": 2459000000,
    "otherExpenses": 0,
    "operatingExpenses": 2459000000,
    "costAndExpenses": 9704000000,
    "interestIncome": 0,
    "interestExpense": 0,
    "depreciationAndAmortization": 164000000,
    "ebitda": 923000000,
    "ebitdaratio": 0.0882156169,
    "operatingIncome": 759000000,
    "operatingIncomeRatio": 0.0725413361,
    "totalOtherIncomeExpensesNet": 0,
    "incomeBeforeTax": 759000000,
    "incomeBeforeTaxRatio": 0.0725413361,
    "incomeTaxExpense": 294000000,
    "netIncome": 465000000,
    "netIncomeRatio": 0.0444423206,
    "eps": 0.2,
    "epsdiluted": 0.2,
    "weightedAverageShsOut": 2317000000,
    "weightedAverageShsOutDil": 2317000000,
    "link": "https://www.sec.gov/Archives/edgar/data/354950/000095014401005194/0000950144-01-005194-index.htm",
    "finalLink": "https://www.sec.gov/Archives/edgar/data/354950/000095014401005194/g68482e10-k.txt"
  },
  {
    "date": "2000-10-30",
    "symbol": "HD",
    "reportedCurrency": "USD",
    "cik": "0000354950",
    "fillingDate": "2000-11-22",
    "acceptedDate": "2000-11-22 00:00:00",
    "calendarYear": "2000",
    "period": "Q3",
    "revenue": 11545000000,
    "costOfRevenue": 8095000000,
    "grossProfit": 3450000000,
    "grossProfitRatio": 0.2988306626,
    "researchAndDevelopmentExpenses": 0,
    "generalAndAdministrativeExpenses": 203000000,
    "sellingAndMarketingExpenses": 2154000000,
    "sellingGeneralAndAdministrativeExpenses": 2357000000,
    "otherExpenses": 39000000,
    "operatingExpenses": 2396000000,
    "costAndExpenses": 10491000000,
    "interestIncome": 0,
    "interestExpense": 0,
    "depreciationAndAmortization": 154000000,
    "ebitda": 1208000000,
    "ebitdaratio": 0.1046340407,
    "operatingIncome": 1054000000,
    "operatingIncomeRatio": 0.0912949329,
    "totalOtherIncomeExpensesNet": 8000000,
    "incomeBeforeTax": 1062000000,
    "incomeBeforeTaxRatio": 0.0919878735,
    "incomeTaxExpense": 412000000,
    "netIncome": 650000000,
    "netIncomeRatio": 0.0563014292,
    "eps": 0.28,
    "epsdiluted": 0.28,
    "weightedAverageShsOut": 2317000000,
    "weightedAverageShsOutDil": 2352000000,
    "link": "https://www.sec.gov/Archives/edgar/data/354950/000091205700051248/0000912057-00-051248-index.htm",
    "finalLink": "https://www.sec.gov/Archives/edgar/data/354950/000091205700051248/a2031750z10-q.htm"
  },
  {
    "date": "2000-07-30",
    "symbol": "HD",
    "reportedCurrency": "USD",
    "cik": "0000354950",
    "fillingDate": "2000-08-24",
    "acceptedDate": "2000-08-24 00:00:00",
    "calendarYear": "2000",
    "period": "Q2",
    "revenue": 12618000000,
    "costOfRevenue": 8879000000,
    "grossProfit": 3739000000,
    "grossProfitRatio": 0.2963227136,
    "researchAndDevelopmentExpenses": 0,
    "generalAndAdministrativeExpenses": 212000000,
    "sellingAndMarketingExpenses": 2138000000,
    "sellingGeneralAndAdministrativeExpenses": 2350000000,
    "otherExpenses": 30000000,
    "operatingExpenses": 2380000000,
    "costAndExpenses": 11259000000,
    "interestIncome": 0,
    "interestExpense": 0,
    "depreciationAndAmortization": 146000000,
    "ebitda": 1507000000,
    "ebitdaratio": 0.1194325567,
    "operatingIncome": 1359000000,
    "operatingIncomeRatio": 0.107703281,
    "totalOtherIncomeExpensesNet": 10000000,
    "incomeBeforeTax": 1369000000,
    "incomeBeforeTaxRatio": 0.1084957997,
    "incomeTaxExpense": 531000000,
    "netIncome": 838000000,
    "netIncomeRatio": 0.0664130607,
    "eps": 0.36,
    "epsdiluted": 0.36,
    "weightedAverageShsOut": 2314000000,
    "weightedAverageShsOutDil": 2352000000,
    "link": "https://www.sec.gov/Archives/edgar/data/354950/000091205700038957/0000912057-00-038957-index.htm",
    "finalLink": "https://www.sec.gov/Archives/edgar/data/354950/000091205700038957/a10-q.htm"
  },
  {
    "date": "2000-04-30",
    "symbol": "HD",
    "reportedCurrency": "USD",
    "cik": "0000354950",
    "fillingDate": "2000-05-25",
    "acceptedDate": "2000-05-25 00:00:00",
    "calendarYear": "2000",
    "period": "Q1",
    "revenue": 11112000000,
    "costOfRevenue": 7838000000,
    "grossProfit": 3274000000,
    "grossProfitRatio": 0.2946364291,
    "researchAndDevelopmentExpenses": 0,
    "generalAndAdministrativeExpenses": 0,
    "sellingAndMarketingExpenses": 0,
    "sellingGeneralAndAdministrativeExpenses": 2257000000,
    "otherExpenses": 0,
    "operatingExpenses": 2257000000,
    "costAndExpenses": 10095000000,
    "interestIncome": 0,
    "interestExpense": 0,
    "depreciationAndAmortization": 137000000,
    "ebitda": 1154000000,
    "ebitdaratio": 0.1038516919,
    "operatingIncome": 1017000000,
    "operatingIncomeRatio": 0.0915226782,
    "totalOtherIncomeExpensesNet": 10000000,
    "incomeBeforeTax": 1027000000,
    "incomeBeforeTaxRatio": 0.0924226062,
    "incomeTaxExpense": 398000000,
    "netIncome": 629000000,
    "netIncomeRatio": 0.0566054716,
    "eps": 0.27,
    "epsdiluted": 0.27,
    "weightedAverageShsOut": 2308000000,
    "weightedAverageShsOutDil": 2354000000,
    "link": "https://www.sec.gov/Archives/edgar/data/354950/000091205700026354/0000912057-00-026354-index.htm",
    "finalLink": "https://www.sec.gov/Archives/edgar/data/354950/000091205700026354/0000912057-00-026354.txt"
  },
  {
    "date": "2000-01-30",
    "symbol": "HD",
    "reportedCurrency": "USD",
    "cik": "0000354950",
    "fillingDate": "2000-04-21",
    "acceptedDate": "2000-04-21 00:00:00",
    "calendarYear": "1999",
    "period": "Q4",
    "revenue": 9174000000,
    "costOfRevenue": 6127000000,
    "grossProfit": 3047000000,
    "grossProfitRatio": 0.3321342926,
    "researchAndDevelopmentExpenses": 0,
    "generalAndAdministrativeExpenses": 1992000000,
    "sellingAndMarketingExpenses": 1000000,
    "sellingGeneralAndAdministrativeExpenses": 1993000000,
    "otherExpenses": 125000000,
    "operatingExpenses": 2118000000,
    "costAndExpenses": 8245000000,
    "interestIncome": 0,
    "interestExpense": 0,
    "depreciationAndAmortization": 125000000,
    "ebitda": 1054000000,
    "ebitdaratio": 0.1148899063,
    "operatingIncome": 929000000,
    "operatingIncomeRatio": 0.101264443,
    "totalOtherIncomeExpensesNet": 10000000,
    "incomeBeforeTax": 939000000,
    "incomeBeforeTaxRatio": 0.1023544801,
    "incomeTaxExpense": 361000000,
    "netIncome": 578000000,
    "netIncomeRatio": 0.0630041421,
    "eps": 0.25,
    "epsdiluted": 0.25,
    "weightedAverageShsOut": 2307000000,
    "weightedAverageShsOutDil": 2351000000,
    "link": "https://www.sec.gov/Archives/edgar/data/354950/000095014400005338/0000950144-00-005338-index.htm",
    "finalLink": "https://www.sec.gov/Archives/edgar/data/354950/000095014400005338/0000950144-00-005338.txt"
  },
  {
    "date": "1999-10-31",
    "symbol": "HD",
    "reportedCurrency": "USD",
    "cik": "0000354950",
    "fillingDate": "1999-12-03",
    "acceptedDate": "1999-12-03 00:00:00",
    "calendarYear": "1999",
    "period": "Q3",
    "revenue": 9877000000,
    "costOfRevenue": 6866000000,
    "grossProfit": 3011000000,
    "grossProfitRatio": 0.3048496507,
    "researchAndDevelopmentExpenses": 0,
    "generalAndAdministrativeExpenses": 1955000000,
    "sellingAndMarketingExpenses": 0,
    "sellingGeneralAndAdministrativeExpenses": 1955000000,
    "otherExpenses": 117000000,
    "operatingExpenses": 2072000000,
    "costAndExpenses": 8938000000,
    "interestIncome": 0,
    "interestExpense": 0,
    "depreciationAndAmortization": 117000000,
    "ebitda": 1056000000,
    "ebitdaratio": 0.1069150552,
    "operatingIncome": 939000000,
    "operatingIncomeRatio": 0.095069353,
    "totalOtherIncomeExpensesNet": 4000000,
    "incomeBeforeTax": 943000000,
    "incomeBeforeTaxRatio": 0.0954743343,
    "incomeTaxExpense": 370000000,
    "netIncome": 573000000,
    "netIncomeRatio": 0.0580135669,
    "eps": 0.25,
    "epsdiluted": 0.25,
    "weightedAverageShsOut": 2234000000,
    "weightedAverageShsOutDil": 2340000000,
    "link": "https://www.sec.gov/Archives/edgar/data/354950/000035495099000009/0000354950-99-000009-index.htm",
    "finalLink": "https://www.sec.gov/Archives/edgar/data/354950/000035495099000009/0000354950-99-000009.txt"
  },
  {
    "date": "1999-08-01",
    "symbol": "HD",
    "reportedCurrency": "USD",
    "cik": "0000354950",
    "fillingDate": "1999-08-27",
    "acceptedDate": "1999-08-27 00:00:00",
    "calendarYear": "1999",
    "period": "Q2",
    "revenue": 10431000000,
    "costOfRevenue": 7288000000,
    "grossProfit": 3143000000,
    "grossProfitRatio": 0.3013133928,
    "researchAndDevelopmentExpenses": 0,
    "generalAndAdministrativeExpenses": 1910000000,
    "sellingAndMarketingExpenses": 3000000,
    "sellingGeneralAndAdministrativeExpenses": 1913000000,
    "otherExpenses": 114000000,
    "operatingExpenses": 2027000000,
    "costAndExpenses": 9315000000,
    "interestIncome": 0,
    "interestExpense": 0,
    "depreciationAndAmortization": 114000000,
    "ebitda": 1230000000,
    "ebitdaratio": 0.1179177452,
    "operatingIncome": 1116000000,
    "operatingIncomeRatio": 0.1069887834,
    "totalOtherIncomeExpensesNet": 1000000,
    "incomeBeforeTax": 1117000000,
    "incomeBeforeTaxRatio": 0.1070846515,
    "incomeTaxExpense": 438000000,
    "netIncome": 679000000,
    "netIncomeRatio": 0.0650944301,
    "eps": 0.31,
    "epsdiluted": 0.29,
    "weightedAverageShsOut": 2222000000,
    "weightedAverageShsOutDil": 2337000000,
    "link": "https://www.sec.gov/Archives/edgar/data/354950/000035495099000005/0000354950-99-000005-index.htm",
    "finalLink": "https://www.sec.gov/Archives/edgar/data/354950/000035495099000005/0000354950-99-000005.txt"
  },
  {
    "date": "1999-05-02",
    "symbol": "HD",
    "reportedCurrency": "USD",
    "cik": "0000354950",
    "fillingDate": "1999-06-03",
    "acceptedDate": "1999-06-03 00:00:00",
    "calendarYear": "1999",
    "period": "Q1",
    "revenue": 8952000000,
    "costOfRevenue": 6279000000,
    "grossProfit": 2673000000,
    "grossProfitRatio": 0.2985924933,
    "researchAndDevelopmentExpenses": 0,
    "generalAndAdministrativeExpenses": 1748000000,
    "sellingAndMarketingExpenses": 8000000,
    "sellingGeneralAndAdministrativeExpenses": 1756000000,
    "otherExpenses": 107000000,
    "operatingExpenses": 1863000000,
    "costAndExpenses": 8142000000,
    "interestIncome": 0,
    "interestExpense": 5000000,
    "depreciationAndAmortization": 107000000,
    "ebitda": 917000000,
    "ebitdaratio": 0.10243521,
    "operatingIncome": 810000000,
    "operatingIncomeRatio": 0.0904825737,
    "totalOtherIncomeExpensesNet": -5000000,
    "incomeBeforeTax": 805000000,
    "incomeBeforeTaxRatio": 0.0899240393,
    "incomeTaxExpense": 316000000,
    "netIncome": 489000000,
    "netIncomeRatio": 0.0546246649,
    "eps": 0.22,
    "epsdiluted": 0.21,
    "weightedAverageShsOut": 2216000000,
    "weightedAverageShsOutDil": 2336000000,
    "link": "https://www.sec.gov/Archives/edgar/data/354950/000035495099000003/0000354950-99-000003-index.htm",
    "finalLink": "https://www.sec.gov/Archives/edgar/data/354950/000035495099000003/0000354950-99-000003.txt"
  },
  {
    "date": "1999-01-31",
    "symbol": "HD",
    "reportedCurrency": "USD",
    "cik": "0000354950",
    "fillingDate": "1999-04-19",
    "acceptedDate": "1999-04-19 00:00:00",
    "calendarYear": "1998",
    "period": "Q4",
    "revenue": 7258000000,
    "costOfRevenue": 4966000000,
    "grossProfit": 2292000000,
    "grossProfitRatio": 0.3157894737,
    "researchAndDevelopmentExpenses": 0,
    "generalAndAdministrativeExpenses": 1510000000,
    "sellingAndMarketingExpenses": 0,
    "sellingGeneralAndAdministrativeExpenses": 1510000000,
    "otherExpenses": 96000000,
    "operatingExpenses": 1606000000,
    "costAndExpenses": 6572000000,
    "interestIncome": 0,
    "interestExpense": 2000000,
    "depreciationAndAmortization": 96000000,
    "ebitda": 782000000,
    "ebitdaratio": 0.1077431799,
    "operatingIncome": 686000000,
    "operatingIncomeRatio": 0.0945163957,
    "totalOtherIncomeExpensesNet": -2000000,
    "incomeBeforeTax": 684000000,
    "incomeBeforeTaxRatio": 0.0942408377,
    "incomeTaxExpense": 266000000,
    "netIncome": 418000000,
    "netIncomeRatio": 0.057591623,
    "eps": 0.18,
    "epsdiluted": 0.18,
    "weightedAverageShsOut": 2321000000,
    "weightedAverageShsOutDil": 2321000000,
    "link": "https://www.sec.gov/Archives/edgar/data/354950/000095014499004643/0000950144-99-004643-index.htm",
    "finalLink": "https://www.sec.gov/Archives/edgar/data/354950/0000950144-99-004643.txt"
  },
  {
    "date": "1998-11-01",
    "symbol": "HD",
    "reportedCurrency": "USD",
    "cik": "0000354950",
    "fillingDate": "1998-12-08",
    "acceptedDate": "1998-12-08 00:00:00",
    "calendarYear": "1998",
    "period": "Q3",
    "revenue": 7699000000,
    "costOfRevenue": 5425000000,
    "grossProfit": 2274000000,
    "grossProfitRatio": 0.2953630342,
    "researchAndDevelopmentExpenses": 0,
    "generalAndAdministrativeExpenses": 1532000000,
    "sellingAndMarketingExpenses": 0,
    "sellingGeneralAndAdministrativeExpenses": 1532000000,
    "otherExpenses": 97000000,
    "operatingExpenses": 1629000000,
    "costAndExpenses": 7054000000,
    "interestIncome": 0,
    "interestExpense": 0,
    "depreciationAndAmortization": 97000000,
    "ebitda": 742000000,
    "ebitdaratio": 0.0963761527,
    "operatingIncome": 645000000,
    "operatingIncomeRatio": 0.0837771139,
    "totalOtherIncomeExpensesNet": 1000000,
    "incomeBeforeTax": 646000000,
    "incomeBeforeTaxRatio": 0.0839070009,
    "incomeTaxExpense": 254000000,
    "netIncome": 392000000,
    "netIncomeRatio": 0.0509157033,
    "eps": 0.18,
    "epsdiluted": 0.17,
    "weightedAverageShsOut": 2177778000,
    "weightedAverageShsOutDil": 2305882000,
    "link": "https://www.sec.gov/Archives/edgar/data/354950/000035495098000005/0000354950-98-000005-index.htm",
    "finalLink": "https://www.sec.gov/Archives/edgar/data/354950/0000354950-98-000005.txt"
  },
  {
    "date": "1998-08-02",
    "symbol": "HD",
    "reportedCurrency": "USD",
    "cik": "0000354950",
    "fillingDate": "1998-09-01",
    "acceptedDate": "1998-09-01 00:00:00",
    "calendarYear": "1998",
    "period": "Q2",
    "revenue": 8139000000,
    "costOfRevenue": 5783000000,
    "grossProfit": 2356000000,
    "grossProfitRatio": 0.2894704509,
    "researchAndDevelopmentExpenses": 0,
    "generalAndAdministrativeExpenses": 1493000000,
    "sellingAndMarketingExpenses": 0,
    "sellingGeneralAndAdministrativeExpenses": 1493000000,
    "otherExpenses": 93000000,
    "operatingExpenses": 1586000000,
    "costAndExpenses": 7369000000,
    "interestIncome": 0,
    "interestExpense": 1000000,
    "depreciationAndAmortization": 93000000,
    "ebitda": 863000000,
    "ebitdaratio": 0.1060326821,
    "operatingIncome": 770000000,
    "operatingIncomeRatio": 0.094606217,
    "totalOtherIncomeExpensesNet": -1000000,
    "incomeBeforeTax": 769000000,
    "incomeBeforeTaxRatio": 0.0944833518,
    "incomeTaxExpense": 302000000,
    "netIncome": 467000000,
    "netIncomeRatio": 0.0573780563,
    "eps": 0.21,
    "epsdiluted": 0.21,
    "weightedAverageShsOut": 2223810000,
    "weightedAverageShsOutDil": 2223810000,
    "link": "https://www.sec.gov/Archives/edgar/data/354950/000035495098000004/0000354950-98-000004-index.htm",
    "finalLink": "https://www.sec.gov/Archives/edgar/data/354950/0000354950-98-000004.txt"
  },
  {
    "date": "1998-05-03",
    "symbol": "HD",
    "reportedCurrency": "USD",
    "cik": "0000354950",
    "fillingDate": "1998-06-01",
    "acceptedDate": "1998-06-01 00:00:00",
    "calendarYear": "1998",
    "period": "Q1",
    "revenue": 7123000000,
    "costOfRevenue": 5068000000,
    "grossProfit": 2055000000,
    "grossProfitRatio": 0.2885020357,
    "researchAndDevelopmentExpenses": 0,
    "generalAndAdministrativeExpenses": 1408000000,
    "sellingAndMarketingExpenses": 0,
    "sellingGeneralAndAdministrativeExpenses": 1408000000,
    "otherExpenses": 87000000,
    "operatingExpenses": 1495000000,
    "costAndExpenses": 6563000000,
    "interestIncome": 0,
    "interestExpense": 4000000,
    "depreciationAndAmortization": 87000000,
    "ebitda": 647000000,
    "ebitdaratio": 0.0908325144,
    "operatingIncome": 560000000,
    "operatingIncomeRatio": 0.0786185596,
    "totalOtherIncomeExpensesNet": -4000000,
    "incomeBeforeTax": 556000000,
    "incomeBeforeTaxRatio": 0.0780569985,
    "incomeTaxExpense": 219000000,
    "netIncome": 337000000,
    "netIncomeRatio": 0.047311526,
    "eps": 0.15,
    "epsdiluted": 0.15,
    "weightedAverageShsOut": 2246667000,
    "weightedAverageShsOutDil": 2246667000,
    "link": "https://www.sec.gov/Archives/edgar/data/354950/000035495098000001/0000354950-98-000001-index.htm",
    "finalLink": "https://www.sec.gov/Archives/edgar/data/354950/0000354950-98-000001.txt"
  },
  {
    "date": "1998-02-01",
    "symbol": "HD",
    "reportedCurrency": "USD",
    "cik": "0000354950",
    "fillingDate": "1998-04-23",
    "acceptedDate": "1998-04-23 00:00:00",
    "calendarYear": "1997",
    "period": "Q4",
    "revenue": 5731500000,
    "costOfRevenue": 3950800000,
    "grossProfit": 1780700000,
    "grossProfitRatio": 0.3106865567,
    "researchAndDevelopmentExpenses": 0,
    "generalAndAdministrativeExpenses": 1197000000,
    "sellingAndMarketingExpenses": -109600000,
    "sellingGeneralAndAdministrativeExpenses": 1087400000,
    "otherExpenses": 78300000,
    "operatingExpenses": 1165700000,
    "costAndExpenses": 5116500000,
    "interestIncome": 0,
    "interestExpense": 112400000,
    "depreciationAndAmortization": 78300000,
    "ebitda": 693300000,
    "ebitdaratio": 0.1209630987,
    "operatingIncome": 615000000,
    "operatingIncomeRatio": 0.1073017535,
    "totalOtherIncomeExpensesNet": -112400000,
    "incomeBeforeTax": 502600000,
    "incomeBeforeTaxRatio": 0.0876908314,
    "incomeTaxExpense": 195200000,
    "netIncome": 307400000,
    "netIncomeRatio": 0.0536334293,
    "eps": 0.13,
    "epsdiluted": 0.13,
    "weightedAverageShsOut": 2348000000,
    "weightedAverageShsOutDil": 2348000000,
    "link": "https://www.sec.gov/Archives/edgar/data/354950/000095014498005045/0000950144-98-005045-index.htm",
    "finalLink": "https://www.sec.gov/Archives/edgar/data/354950/0000950144-98-005045.txt"
  },
  {
    "date": "1997-11-02",
    "symbol": "HD",
    "reportedCurrency": "USD",
    "cik": "0000354950",
    "fillingDate": "1997-12-02",
    "acceptedDate": "1997-12-02 00:00:00",
    "calendarYear": "1997",
    "period": "Q3",
    "revenue": 6217000000,
    "costOfRevenue": 4420400000,
    "grossProfit": 1796600000,
    "grossProfitRatio": 0.288981824,
    "researchAndDevelopmentExpenses": 0,
    "generalAndAdministrativeExpenses": 1239000000,
    "sellingAndMarketingExpenses": 100200000,
    "sellingGeneralAndAdministrativeExpenses": 1339200000,
    "otherExpenses": 70500000,
    "operatingExpenses": 1409700000,
    "costAndExpenses": 5830100000,
    "interestIncome": 0,
    "interestExpense": 800000,
    "depreciationAndAmortization": 70500000,
    "ebitda": 457400000,
    "ebitdaratio": 0.0735724626,
    "operatingIncome": 386900000,
    "operatingIncomeRatio": 0.0622325881,
    "totalOtherIncomeExpensesNet": -800000,
    "incomeBeforeTax": 386100000,
    "incomeBeforeTaxRatio": 0.0621039086,
    "incomeTaxExpense": 150200000,
    "netIncome": 235900000,
    "netIncomeRatio": 0.0379443461,
    "eps": 0.11,
    "epsdiluted": 0.11,
    "weightedAverageShsOut": 2144545000,
    "weightedAverageShsOutDil": 2144545000,
    "link": "https://www.sec.gov/Archives/edgar/data/354950/000035495097000006/0000354950-97-000006-index.htm",
    "finalLink": "https://www.sec.gov/Archives/edgar/data/354950/0000354950-97-000006.txt"
  },
  {
    "date": "1997-08-03",
    "symbol": "HD",
    "reportedCurrency": "USD",
    "cik": "0000354950",
    "fillingDate": "1997-08-28",
    "acceptedDate": "1997-08-28 00:00:00",
    "calendarYear": "1997",
    "period": "Q2",
    "revenue": 6550200000,
    "costOfRevenue": 4682700000,
    "grossProfit": 1867500000,
    "grossProfitRatio": 0.2851057983,
    "researchAndDevelopmentExpenses": 0,
    "generalAndAdministrativeExpenses": 1218000000,
    "sellingAndMarketingExpenses": -4800000,
    "sellingGeneralAndAdministrativeExpenses": 1213200000,
    "otherExpenses": 66800000,
    "operatingExpenses": 1280000000,
    "costAndExpenses": 5962700000,
    "interestIncome": 0,
    "interestExpense": 1700000,
    "depreciationAndAmortization": 66800000,
    "ebitda": 654300000,
    "ebitdaratio": 0.0998900797,
    "operatingIncome": 587500000,
    "operatingIncomeRatio": 0.0896919178,
    "totalOtherIncomeExpensesNet": -1700000,
    "incomeBeforeTax": 585800000,
    "incomeBeforeTaxRatio": 0.0894323837,
    "incomeTaxExpense": 227900000,
    "netIncome": 357900000,
    "netIncomeRatio": 0.054639553,
    "eps": 0.16,
    "epsdiluted": 0.16,
    "weightedAverageShsOut": 2236875000,
    "weightedAverageShsOutDil": 2236875000,
    "link": "https://www.sec.gov/Archives/edgar/data/354950/000035495097000004/0000354950-97-000004-index.htm",
    "finalLink": "https://www.sec.gov/Archives/edgar/data/354950/0000354950-97-000004.txt"
  },
  {
    "date": "1997-05-04",
    "symbol": "HD",
    "reportedCurrency": "USD",
    "cik": "0000354950",
    "fillingDate": "1997-06-02",
    "acceptedDate": "1997-06-02 00:00:00",
    "calendarYear": "1997",
    "period": "Q1",
    "revenue": 5657300000,
    "costOfRevenue": 4038100000,
    "grossProfit": 1619200000,
    "grossProfitRatio": 0.2862142718,
    "researchAndDevelopmentExpenses": 0,
    "generalAndAdministrativeExpenses": 1127000000,
    "sellingAndMarketingExpenses": -1800000,
    "sellingGeneralAndAdministrativeExpenses": 1125200000,
    "otherExpenses": 67400000,
    "operatingExpenses": 1192600000,
    "costAndExpenses": 5230700000,
    "interestIncome": 0,
    "interestExpense": 3000000,
    "depreciationAndAmortization": 67400000,
    "ebitda": 494000000,
    "ebitdaratio": 0.0873208067,
    "operatingIncome": 426600000,
    "operatingIncomeRatio": 0.0754069963,
    "totalOtherIncomeExpensesNet": -3000000,
    "incomeBeforeTax": 423600000,
    "incomeBeforeTaxRatio": 0.074876708,
    "incomeTaxExpense": 164800000,
    "netIncome": 258800000,
    "netIncomeRatio": 0.045746204,
    "eps": 0.12,
    "epsdiluted": 0.12,
    "weightedAverageShsOut": 2156667000,
    "weightedAverageShsOutDil": 2156667000,
    "link": "https://www.sec.gov/Archives/edgar/data/354950/000035495097000003/0000354950-97-000003-index.htm",
    "finalLink": "https://www.sec.gov/Archives/edgar/data/354950/0000354950-97-000003.txt"
  },
  {
    "date": "1997-02-02",
    "symbol": "HD",
    "reportedCurrency": "USD",
    "cik": "0000354950",
    "fillingDate": "1997-04-22",
    "acceptedDate": "1997-04-22 00:00:00",
    "calendarYear": "1996",
    "period": "Q4",
    "revenue": 4958500000,
    "costOfRevenue": 3455700000,
    "grossProfit": 1502800000,
    "grossProfitRatio": 0.3030755269,
    "researchAndDevelopmentExpenses": 0,
    "generalAndAdministrativeExpenses": 1031000000,
    "sellingAndMarketingExpenses": -3700000,
    "sellingGeneralAndAdministrativeExpenses": 1027300000,
    "otherExpenses": 63800000,
    "operatingExpenses": 1091100000,
    "costAndExpenses": 4546800000,
    "interestIncome": 0,
    "interestExpense": 6300000,
    "depreciationAndAmortization": 63800000,
    "ebitda": 475500000,
    "ebitdaratio": 0.0958959363,
    "operatingIncome": 411700000,
    "operatingIncomeRatio": 0.0830291419,
    "totalOtherIncomeExpensesNet": -6300000,
    "incomeBeforeTax": 405400000,
    "incomeBeforeTaxRatio": 0.0817585963,
    "incomeTaxExpense": 154300000,
    "netIncome": 251100000,
    "netIncomeRatio": 0.0506403146,
    "eps": 0.11,
    "epsdiluted": 0.11,
    "weightedAverageShsOut": 2228000000,
    "weightedAverageShsOutDil": 2228000000,
    "link": "https://www.sec.gov/Archives/edgar/data/354950/000095014497004508/0000950144-97-004508-index.htm",
    "finalLink": "https://www.sec.gov/Archives/edgar/data/354950/0000950144-97-004508.txt"
  },
  {
    "date": "1996-10-27",
    "symbol": "HD",
    "reportedCurrency": "USD",
    "cik": "0000354950",
    "fillingDate": "1996-11-22",
    "acceptedDate": "1996-11-22 00:00:00",
    "calendarYear": "1996",
    "period": "Q3",
    "revenue": 4921800000,
    "costOfRevenue": 3524400000,
    "grossProfit": 1397400000,
    "grossProfitRatio": 0.2839205169,
    "researchAndDevelopmentExpenses": 0,
    "generalAndAdministrativeExpenses": 974000000,
    "sellingAndMarketingExpenses": 3200000,
    "sellingGeneralAndAdministrativeExpenses": 977200000,
    "otherExpenses": 59200000,
    "operatingExpenses": 1036400000,
    "costAndExpenses": 4560800000,
    "interestIncome": 0,
    "interestExpense": 0,
    "depreciationAndAmortization": 59200000,
    "ebitda": 420200000,
    "ebitdaratio": 0.0853752692,
    "operatingIncome": 361000000,
    "operatingIncomeRatio": 0.0733471494,
    "totalOtherIncomeExpensesNet": 3100000,
    "incomeBeforeTax": 364100000,
    "incomeBeforeTaxRatio": 0.0739770003,
    "incomeTaxExpense": 142700000,
    "netIncome": 221400000,
    "netIncomeRatio": 0.0449835426,
    "eps": 0.11,
    "epsdiluted": 0.11,
    "weightedAverageShsOut": 2012727000,
    "weightedAverageShsOutDil": 2012727000,
    "link": "https://www.sec.gov/Archives/edgar/data/354950/000035495096000008/0000354950-96-000008-index.htm",
    "finalLink": "https://www.sec.gov/Archives/edgar/data/354950/0000354950-96-000008.txt"
  },
  {
    "date": "1996-07-28",
    "symbol": "HD",
    "reportedCurrency": "USD",
    "cik": "0000354950",
    "fillingDate": "1996-08-27",
    "acceptedDate": "1996-08-27 00:00:00",
    "calendarYear": "1996",
    "period": "Q2",
    "revenue": 5292900000,
    "costOfRevenue": 3799700000,
    "grossProfit": 1493200000,
    "grossProfitRatio": 0.2821137751,
    "researchAndDevelopmentExpenses": 0,
    "generalAndAdministrativeExpenses": 992000000,
    "sellingAndMarketingExpenses": 3000000,
    "sellingGeneralAndAdministrativeExpenses": 995000000,
    "otherExpenses": 56300000,
    "operatingExpenses": 1051300000,
    "costAndExpenses": 4851000000,
    "interestIncome": 0,
    "interestExpense": 0,
    "depreciationAndAmortization": 56300000,
    "ebitda": 498200000,
    "ebitdaratio": 0.0941260934,
    "operatingIncome": 441900000,
    "operatingIncomeRatio": 0.0834892025,
    "totalOtherIncomeExpensesNet": 2500000,
    "incomeBeforeTax": 444400000,
    "incomeBeforeTaxRatio": 0.0839615334,
    "incomeTaxExpense": 174200000,
    "netIncome": 270200000,
    "netIncomeRatio": 0.0510495192,
    "eps": 0.13,
    "epsdiluted": 0.13,
    "weightedAverageShsOut": 2078462000,
    "weightedAverageShsOutDil": 2078462000,
    "link": "https://www.sec.gov/Archives/edgar/data/354950/000035495096000006/0000354950-96-000006-index.htm",
    "finalLink": "https://www.sec.gov/Archives/edgar/data/354950/0000354950-96-000006.txt"
  },
  {
    "date": "1996-04-28",
    "symbol": "HD",
    "reportedCurrency": "USD",
    "cik": "0000354950",
    "fillingDate": "1996-05-30",
    "acceptedDate": "1996-05-30 00:00:00",
    "calendarYear": "1996",
    "period": "Q1",
    "revenue": 4362200000,
    "costOfRevenue": 3089300000,
    "grossProfit": 1272900000,
    "grossProfitRatio": 0.2918023016,
    "researchAndDevelopmentExpenses": 0,
    "generalAndAdministrativeExpenses": 901000000,
    "sellingAndMarketingExpenses": 0,
    "sellingGeneralAndAdministrativeExpenses": 901000000,
    "otherExpenses": 53000000,
    "operatingExpenses": 954000000,
    "costAndExpenses": 4043300000,
    "interestIncome": 0,
    "interestExpense": 0,
    "depreciationAndAmortization": 53000000,
    "ebitda": 371900000,
    "ebitdaratio": 0.0852551465,
    "operatingIncome": 318900000,
    "operatingIncomeRatio": 0.0731053138,
    "totalOtherIncomeExpensesNet": 1800000,
    "incomeBeforeTax": 320700000,
    "incomeBeforeTaxRatio": 0.0735179497,
    "incomeTaxExpense": 125700000,
    "netIncome": 195000000,
    "netIncomeRatio": 0.0447022145,
    "eps": 0.09,
    "epsdiluted": 0.09,
    "weightedAverageShsOut": 2166667000,
    "weightedAverageShsOutDil": 2166667000,
    "link": "https://www.sec.gov/Archives/edgar/data/354950/000035495096000004/0000354950-96-000004-index.htm",
    "finalLink": "https://www.sec.gov/Archives/edgar/data/354950/0000354950-96-000004.txt"
  },
  {
    "date": "1996-01-28",
    "symbol": "HD",
    "reportedCurrency": "USD",
    "cik": "0000354950",
    "fillingDate": "1996-04-08",
    "acceptedDate": "1996-04-08 00:00:00",
    "calendarYear": "1995",
    "period": "Q4",
    "revenue": 3751900000,
    "costOfRevenue": 2611600000,
    "grossProfit": 1140300000,
    "grossProfitRatio": 0.3039260108,
    "researchAndDevelopmentExpenses": 0,
    "generalAndAdministrativeExpenses": 785000000,
    "sellingAndMarketingExpenses": 200000,
    "sellingGeneralAndAdministrativeExpenses": 785200000,
    "otherExpenses": 51800000,
    "operatingExpenses": 837000000,
    "costAndExpenses": 3448600000,
    "interestIncome": 0,
    "interestExpense": 0,
    "depreciationAndAmortization": 51800000,
    "ebitda": 355100000,
    "ebitdaratio": 0.0946453797,
    "operatingIncome": 303300000,
    "operatingIncomeRatio": 0.0808390416,
    "totalOtherIncomeExpensesNet": 5400000,
    "incomeBeforeTax": 308700000,
    "incomeBeforeTaxRatio": 0.0822783123,
    "incomeTaxExpense": 123300000,
    "netIncome": 185400000,
    "netIncomeRatio": 0.0494149631,
    "eps": 0.0857,
    "epsdiluted": 0.0857,
    "weightedAverageShsOut": 2058846000,
    "weightedAverageShsOutDil": 2160000000,
    "link": "https://www.sec.gov/Archives/edgar/data/354950/000035495096000002/0000354950-96-000002-index.htm",
    "finalLink": "https://www.sec.gov/Archives/edgar/data/354950/0000354950-96-000002.txt"
  },
  {
    "date": "1995-10-29",
    "symbol": "HD",
    "reportedCurrency": "USD",
    "cik": "0000354950",
    "fillingDate": "1995-11-30",
    "acceptedDate": "1995-11-30 00:00:00",
    "calendarYear": "1995",
    "period": "Q3",
    "revenue": 3997800000,
    "costOfRevenue": 2874300000,
    "grossProfit": 1123500000,
    "grossProfitRatio": 0.2810295663,
    "researchAndDevelopmentExpenses": 0,
    "generalAndAdministrativeExpenses": 796000000,
    "sellingAndMarketingExpenses": 300000,
    "sellingGeneralAndAdministrativeExpenses": 796300000,
    "otherExpenses": 46900000,
    "operatingExpenses": 843200000,
    "costAndExpenses": 3717500000,
    "interestIncome": 0,
    "interestExpense": 0,
    "depreciationAndAmortization": 46900000,
    "ebitda": 327200000,
    "ebitdaratio": 0.0818450148,
    "operatingIncome": 280300000,
    "operatingIncomeRatio": 0.0701135625,
    "totalOtherIncomeExpensesNet": 4600000,
    "incomeBeforeTax": 284900000,
    "incomeBeforeTaxRatio": 0.0712641953,
    "incomeTaxExpense": 109400000,
    "netIncome": 175500000,
    "netIncomeRatio": 0.0438991445,
    "eps": 0.09,
    "epsdiluted": 0.09,
    "weightedAverageShsOut": 1950000000,
    "weightedAverageShsOutDil": 1950000000,
    "link": "https://www.sec.gov/Archives/edgar/data/354950/000035495095000006/0000354950-95-000006-index.htm",
    "finalLink": "https://www.sec.gov/Archives/edgar/data/354950/0000354950-95-000006.txt"
  }
]