[
  {
    "date": "2025-06-30",
    "symbol": "HIG",
    "reportedCurrency": "USD",
    "cik": "0000874766",
    "fillingDate": "2025-07-28",
    "acceptedDate": "2025-07-28 12:19:24",
    "calendarYear": "2025",
    "period": "Q2",
    "revenue": 6987000000,
    "costOfRevenue": 5691000000,
    "grossProfit": 1296000000,
    "grossProfitRatio": 0.1854873336,
    "researchAndDevelopmentExpenses": 0,
    "generalAndAdministrativeExpenses": 0,
    "sellingAndMarketingExpenses": 0,
    "sellingGeneralAndAdministrativeExpenses": 0,
    "otherExpenses": 50000000,
    "operatingExpenses": 50000000,
    "costAndExpenses": 5741000000,
    "interestIncome": 0,
    "interestExpense": 50000000,
    "depreciationAndAmortization": 94000000,
    "ebitda": 1340000000,
    "ebitdaratio": 0.1917847431,
    "operatingIncome": 1246000000,
    "operatingIncomeRatio": 0.1783311865,
    "totalOtherIncomeExpensesNet": 0,
    "incomeBeforeTax": 1246000000,
    "incomeBeforeTaxRatio": 0.1783311865,
    "incomeTaxExpense": 251000000,
    "netIncome": 995000000,
    "netIncomeRatio": 0.1424073279,
    "eps": 3.49,
    "epsdiluted": 3.44,
    "weightedAverageShsOut": 283700000,
    "weightedAverageShsOutDil": 287700000,
    "link": "https://www.sec.gov/Archives/edgar/data/874766/000087476625000084/0000874766-25-000084-index.htm",
    "finalLink": "https://www.sec.gov/Archives/edgar/data/874766/000087476625000084/hig-20250630.htm"
  },
  {
    "date": "2025-03-31",
    "symbol": "HIG",
    "reportedCurrency": "USD",
    "cik": "0000874766",
    "fillingDate": "2025-04-24",
    "acceptedDate": "2025-04-24 16:16:55",
    "calendarYear": "2025",
    "period": "Q1",
    "revenue": 6771000000,
    "costOfRevenue": 5959000000,
    "grossProfit": 812000000,
    "grossProfitRatio": 0.1199232019,
    "researchAndDevelopmentExpenses": 0,
    "generalAndAdministrativeExpenses": 0,
    "sellingAndMarketingExpenses": 0,
    "sellingGeneralAndAdministrativeExpenses": 0,
    "otherExpenses": 29000000,
    "operatingExpenses": 29000000,
    "costAndExpenses": 5988000000,
    "interestIncome": 0,
    "interestExpense": 50000000,
    "depreciationAndAmortization": 92000000,
    "ebitda": 875000000,
    "ebitdaratio": 0.1292275882,
    "operatingIncome": 783000000,
    "operatingIncomeRatio": 0.1156402304,
    "totalOtherIncomeExpensesNet": 0,
    "incomeBeforeTax": 783000000,
    "incomeBeforeTaxRatio": 0.1156402304,
    "incomeTaxExpense": 153000000,
    "netIncome": 630000000,
    "netIncomeRatio": 0.0930438635,
    "eps": 2.18,
    "epsdiluted": 2.15,
    "weightedAverageShsOut": 286600000,
    "weightedAverageShsOutDil": 290800000,
    "link": "https://www.sec.gov/Archives/edgar/data/874766/000087476625000052/0000874766-25-000052-index.htm",
    "finalLink": "https://www.sec.gov/Archives/edgar/data/874766/000087476625000052/hig-20250331.htm"
  },
  {
    "date": "2024-12-31",
    "symbol": "HIG",
    "reportedCurrency": "USD",
    "cik": "0000874766",
    "fillingDate": "2025-02-21",
    "acceptedDate": "2025-02-21 16:18:27",
    "calendarYear": "2024",
    "period": "Q4",
    "revenue": 6800000000,
    "costOfRevenue": 5737000000,
    "grossProfit": 1063000000,
    "grossProfitRatio": 0.1563235294,
    "researchAndDevelopmentExpenses": 0,
    "generalAndAdministrativeExpenses": 0,
    "sellingAndMarketingExpenses": 0,
    "sellingGeneralAndAdministrativeExpenses": 0,
    "otherExpenses": -11000000,
    "operatingExpenses": -11000000,
    "costAndExpenses": 5726000000,
    "interestIncome": 0,
    "interestExpense": 50000000,
    "depreciationAndAmortization": 84000000,
    "ebitda": 1158000000,
    "ebitdaratio": 0.1702941176,
    "operatingIncome": 1074000000,
    "operatingIncomeRatio": 0.1579411765,
    "totalOtherIncomeExpensesNet": 0,
    "incomeBeforeTax": 1074000000,
    "incomeBeforeTaxRatio": 0.1579411765,
    "incomeTaxExpense": 221000000,
    "netIncome": 853000000,
    "netIncomeRatio": 0.1254411765,
    "eps": 2.93,
    "epsdiluted": 2.88,
    "weightedAverageShsOut": 292600000,
    "weightedAverageShsOutDil": 297500000,
    "link": "https://www.sec.gov/Archives/edgar/data/874766/000087476625000023/0000874766-25-000023-index.htm",
    "finalLink": "https://www.sec.gov/Archives/edgar/data/874766/000087476625000023/hig-20241231.htm"
  },
  {
    "date": "2024-09-30",
    "symbol": "HIG",
    "reportedCurrency": "USD",
    "cik": "0000874766",
    "fillingDate": "2024-10-24",
    "acceptedDate": "2024-10-24 16:16:55",
    "calendarYear": "2024",
    "period": "Q3",
    "revenue": 6714000000,
    "costOfRevenue": 5731000000,
    "grossProfit": 983000000,
    "grossProfitRatio": 0.1464104856,
    "researchAndDevelopmentExpenses": 0,
    "generalAndAdministrativeExpenses": 0,
    "sellingAndMarketingExpenses": 0,
    "sellingGeneralAndAdministrativeExpenses": 0,
    "otherExpenses": 31000000,
    "operatingExpenses": 31000000,
    "costAndExpenses": 5762000000,
    "interestIncome": 0,
    "interestExpense": 49000000,
    "depreciationAndAmortization": 85000000,
    "ebitda": 1037000000,
    "ebitdaratio": 0.154453381,
    "operatingIncome": 952000000,
    "operatingIncomeRatio": 0.1417932678,
    "totalOtherIncomeExpensesNet": 0,
    "incomeBeforeTax": 952000000,
    "incomeBeforeTaxRatio": 0.1417932678,
    "incomeTaxExpense": 185000000,
    "netIncome": 767000000,
    "netIncomeRatio": 0.1142389038,
    "eps": 2.6,
    "epsdiluted": 2.56,
    "weightedAverageShsOut": 292600000,
    "weightedAverageShsOutDil": 297500000,
    "link": "https://www.sec.gov/Archives/edgar/data/874766/000087476624000122/0000874766-24-000122-index.htm",
    "finalLink": "https://www.sec.gov/Archives/edgar/data/874766/000087476624000122/hig-20240930.htm"
  },
  {
    "date": "2024-06-30",
    "symbol": "HIG",
    "reportedCurrency": "USD",
    "cik": "0000874766",
    "fillingDate": "2024-07-25",
    "acceptedDate": "2024-07-25 16:17:38",
    "calendarYear": "2024",
    "period": "Q2",
    "revenue": 6470000000,
    "costOfRevenue": 5507000000,
    "grossProfit": 963000000,
    "grossProfitRatio": 0.1488408037,
    "researchAndDevelopmentExpenses": 0,
    "generalAndAdministrativeExpenses": 0,
    "sellingAndMarketingExpenses": 0,
    "sellingGeneralAndAdministrativeExpenses": 0,
    "otherExpenses": 51000000,
    "operatingExpenses": 51000000,
    "costAndExpenses": 5558000000,
    "interestIncome": 0,
    "interestExpense": 50000000,
    "depreciationAndAmortization": 60000000,
    "ebitda": 972000000,
    "ebitdaratio": 0.1502318393,
    "operatingIncome": 912000000,
    "operatingIncomeRatio": 0.1409582689,
    "totalOtherIncomeExpensesNet": 0,
    "incomeBeforeTax": 912000000,
    "incomeBeforeTaxRatio": 0.1409582689,
    "incomeTaxExpense": 174000000,
    "netIncome": 738000000,
    "netIncomeRatio": 0.114064915,
    "eps": 2.48,
    "epsdiluted": 2.44,
    "weightedAverageShsOut": 295500000,
    "weightedAverageShsOutDil": 299900000,
    "link": "https://www.sec.gov/Archives/edgar/data/874766/000087476624000108/0000874766-24-000108-index.htm",
    "finalLink": "https://www.sec.gov/Archives/edgar/data/874766/000087476624000108/hig-20240630.htm"
  },
  {
    "date": "2024-03-31",
    "symbol": "HIG",
    "reportedCurrency": "USD",
    "cik": "0000874766",
    "fillingDate": "2024-04-25",
    "acceptedDate": "2024-04-25 16:17:25",
    "calendarYear": "2024",
    "period": "Q1",
    "revenue": 6400000000,
    "costOfRevenue": 5439000000,
    "grossProfit": 961000000,
    "grossProfitRatio": 0.15015625,
    "researchAndDevelopmentExpenses": 0,
    "generalAndAdministrativeExpenses": 0,
    "sellingAndMarketingExpenses": 0,
    "sellingGeneralAndAdministrativeExpenses": 0,
    "otherExpenses": 50000000,
    "operatingExpenses": 50000000,
    "costAndExpenses": 5489000000,
    "interestIncome": 0,
    "interestExpense": 50000000,
    "depreciationAndAmortization": 127000000,
    "ebitda": 1038000000,
    "ebitdaratio": 0.1621875,
    "operatingIncome": 911000000,
    "operatingIncomeRatio": 0.14234375,
    "totalOtherIncomeExpensesNet": 0,
    "incomeBeforeTax": 911000000,
    "incomeBeforeTaxRatio": 0.14234375,
    "incomeTaxExpense": 158000000,
    "netIncome": 753000000,
    "netIncomeRatio": 0.11765625,
    "eps": 2.51,
    "epsdiluted": 2.47,
    "weightedAverageShsOut": 298100000,
    "weightedAverageShsOutDil": 302600000,
    "link": "https://www.sec.gov/Archives/edgar/data/874766/000087476624000073/0000874766-24-000073-index.htm",
    "finalLink": "https://www.sec.gov/Archives/edgar/data/874766/000087476624000073/hig-20240331.htm"
  },
  {
    "date": "2023-12-31",
    "symbol": "HIG",
    "reportedCurrency": "USD",
    "cik": "0000874766",
    "fillingDate": "2023-12-31",
    "acceptedDate": "2023-12-30 19:00:00",
    "calendarYear": "2023",
    "period": "Q4",
    "revenue": 6323000000,
    "costOfRevenue": 5381000000,
    "grossProfit": 942000000,
    "grossProfitRatio": 0.1489799146,
    "researchAndDevelopmentExpenses": 0,
    "generalAndAdministrativeExpenses": 0,
    "sellingAndMarketingExpenses": 0,
    "sellingGeneralAndAdministrativeExpenses": 0,
    "otherExpenses": -8000000,
    "operatingExpenses": -8000000,
    "costAndExpenses": 5373000000,
    "interestIncome": 0,
    "interestExpense": 49000000,
    "depreciationAndAmortization": 124000000,
    "ebitda": 1074000000,
    "ebitdaratio": 0.169856081,
    "operatingIncome": 950000000,
    "operatingIncomeRatio": 0.1502451368,
    "totalOtherIncomeExpensesNet": 0,
    "incomeBeforeTax": 950000000,
    "incomeBeforeTaxRatio": 0.1502451368,
    "incomeTaxExpense": 179000000,
    "netIncome": 771000000,
    "netIncomeRatio": 0.12193579,
    "eps": 2.53,
    "epsdiluted": 2.53,
    "weightedAverageShsOut": 300300000,
    "weightedAverageShsOutDil": 305100000,
    "link": null,
    "finalLink": null
  },
  {
    "date": "2023-09-30",
    "symbol": "HIG",
    "reportedCurrency": "USD",
    "cik": "0000874766",
    "fillingDate": "2023-10-26",
    "acceptedDate": "2023-10-26 16:17:17",
    "calendarYear": "2023",
    "period": "Q3",
    "revenue": 6101000000,
    "costOfRevenue": 5286000000,
    "grossProfit": 815000000,
    "grossProfitRatio": 0.1335846583,
    "researchAndDevelopmentExpenses": 0,
    "generalAndAdministrativeExpenses": 0,
    "sellingAndMarketingExpenses": 0,
    "sellingGeneralAndAdministrativeExpenses": 0,
    "otherExpenses": 2000000,
    "operatingExpenses": 2000000,
    "costAndExpenses": 5288000000,
    "interestIncome": 0,
    "interestExpense": 50000000,
    "depreciationAndAmortization": 128000000,
    "ebitda": 941000000,
    "ebitdaratio": 0.1542370103,
    "operatingIncome": 813000000,
    "operatingIncomeRatio": 0.1332568431,
    "totalOtherIncomeExpensesNet": 0,
    "incomeBeforeTax": 813000000,
    "incomeBeforeTaxRatio": 0.1332568431,
    "incomeTaxExpense": 162000000,
    "netIncome": 651000000,
    "netIncomeRatio": 0.106703819,
    "eps": 2.14,
    "epsdiluted": 2.11,
    "weightedAverageShsOut": 304600000,
    "weightedAverageShsOutDil": 309000000,
    "link": "https://www.sec.gov/Archives/edgar/data/874766/000087476623000112/0000874766-23-000112-index.htm",
    "finalLink": "https://www.sec.gov/Archives/edgar/data/874766/000087476623000112/hig-20230930.htm"
  },
  {
    "date": "2023-06-30",
    "symbol": "HIG",
    "reportedCurrency": "USD",
    "cik": "0000874766",
    "fillingDate": "2023-07-27",
    "acceptedDate": "2023-07-27 16:18:09",
    "calendarYear": "2023",
    "period": "Q2",
    "revenue": 6022000000,
    "costOfRevenue": 5307000000,
    "grossProfit": 715000000,
    "grossProfitRatio": 0.1187313185,
    "researchAndDevelopmentExpenses": 0,
    "generalAndAdministrativeExpenses": 0,
    "sellingAndMarketingExpenses": 0,
    "sellingGeneralAndAdministrativeExpenses": 0,
    "otherExpenses": 43000000,
    "operatingExpenses": 43000000,
    "costAndExpenses": 5350000000,
    "interestIncome": 0,
    "interestExpense": 50000000,
    "depreciationAndAmortization": 129000000,
    "ebitda": 801000000,
    "ebitdaratio": 0.1330122883,
    "operatingIncome": 672000000,
    "operatingIncomeRatio": 0.1115908336,
    "totalOtherIncomeExpensesNet": 0,
    "incomeBeforeTax": 672000000,
    "incomeBeforeTaxRatio": 0.1115908336,
    "incomeTaxExpense": 125000000,
    "netIncome": 547000000,
    "netIncomeRatio": 0.0908336101,
    "eps": 1.75,
    "epsdiluted": 1.73,
    "weightedAverageShsOut": 309400000,
    "weightedAverageShsOutDil": 313300000,
    "link": "https://www.sec.gov/Archives/edgar/data/874766/000087476623000097/0000874766-23-000097-index.htm",
    "finalLink": "https://www.sec.gov/Archives/edgar/data/874766/000087476623000097/hig-20230630.htm"
  },
  {
    "date": "2023-03-31",
    "symbol": "HIG",
    "reportedCurrency": "USD",
    "cik": "0000874766",
    "fillingDate": "2023-04-27",
    "acceptedDate": "2023-04-27 16:18:30",
    "calendarYear": "2023",
    "period": "Q1",
    "revenue": 5884000000,
    "costOfRevenue": 5189000000,
    "grossProfit": 695000000,
    "grossProfitRatio": 0.1181169273,
    "researchAndDevelopmentExpenses": 0,
    "generalAndAdministrativeExpenses": 0,
    "sellingAndMarketingExpenses": 0,
    "sellingGeneralAndAdministrativeExpenses": 0,
    "otherExpenses": 42000000,
    "operatingExpenses": 42000000,
    "costAndExpenses": 5231000000,
    "interestIncome": 0,
    "interestExpense": 50000000,
    "depreciationAndAmortization": 129000000,
    "ebitda": 782000000,
    "ebitdaratio": 0.1329027872,
    "operatingIncome": 653000000,
    "operatingIncomeRatio": 0.1109789259,
    "totalOtherIncomeExpensesNet": 0,
    "incomeBeforeTax": 653000000,
    "incomeBeforeTaxRatio": 0.1109789259,
    "incomeTaxExpense": 118000000,
    "netIncome": 535000000,
    "netIncomeRatio": 0.0909245411,
    "eps": 1.7,
    "epsdiluted": 1.68,
    "weightedAverageShsOut": 314000000,
    "weightedAverageShsOutDil": 318600000,
    "link": "https://www.sec.gov/Archives/edgar/data/874766/000087476623000071/0000874766-23-000071-index.htm",
    "finalLink": "https://www.sec.gov/Archives/edgar/data/874766/000087476623000071/hig-20230331.htm"
  },
  {
    "date": "2022-12-31",
    "symbol": "HIG",
    "reportedCurrency": "USD",
    "cik": "0000874766",
    "fillingDate": "2023-02-24",
    "acceptedDate": "2023-02-24 16:04:22",
    "calendarYear": "2022",
    "period": "Q4",
    "revenue": 5847000000,
    "costOfRevenue": 5213000000,
    "grossProfit": 634000000,
    "grossProfitRatio": 0.1084316744,
    "researchAndDevelopmentExpenses": 0,
    "generalAndAdministrativeExpenses": 0,
    "sellingAndMarketingExpenses": 0,
    "sellingGeneralAndAdministrativeExpenses": 0,
    "otherExpenses": -98000000,
    "operatingExpenses": -98000000,
    "costAndExpenses": 5115000000,
    "interestIncome": 0,
    "interestExpense": 50000000,
    "depreciationAndAmortization": 140000000,
    "ebitda": 872000000,
    "ebitdaratio": 0.1491363092,
    "operatingIncome": 732000000,
    "operatingIncomeRatio": 0.1251924064,
    "totalOtherIncomeExpensesNet": 0,
    "incomeBeforeTax": 732000000,
    "incomeBeforeTaxRatio": 0.1251924064,
    "incomeTaxExpense": 143000000,
    "netIncome": 589000000,
    "netIncomeRatio": 0.1007354199,
    "eps": 1.85,
    "epsdiluted": 1.81,
    "weightedAverageShsOut": 315111248,
    "weightedAverageShsOutDil": 322651934,
    "link": "https://www.sec.gov/Archives/edgar/data/874766/000087476623000023/0000874766-23-000023-index.htm",
    "finalLink": "https://www.sec.gov/Archives/edgar/data/874766/000087476623000023/hig-20221231.htm"
  },
  {
    "date": "2022-09-30",
    "symbol": "HIG",
    "reportedCurrency": "USD",
    "cik": "0000874766",
    "fillingDate": "2022-10-27",
    "acceptedDate": "2022-10-27 16:21:36",
    "calendarYear": "2022",
    "period": "Q3",
    "revenue": 5518000000,
    "costOfRevenue": 5077000000,
    "grossProfit": 441000000,
    "grossProfitRatio": 0.079920261,
    "researchAndDevelopmentExpenses": 0,
    "generalAndAdministrativeExpenses": 0,
    "sellingAndMarketingExpenses": 0,
    "sellingGeneralAndAdministrativeExpenses": 0,
    "otherExpenses": 9000000,
    "operatingExpenses": 9000000,
    "costAndExpenses": 5086000000,
    "interestIncome": 0,
    "interestExpense": 50000000,
    "depreciationAndAmortization": 156000000,
    "ebitda": 588000000,
    "ebitdaratio": 0.106560348,
    "operatingIncome": 432000000,
    "operatingIncomeRatio": 0.0782892352,
    "totalOtherIncomeExpensesNet": 0,
    "incomeBeforeTax": 432000000,
    "incomeBeforeTaxRatio": 0.0782892352,
    "incomeTaxExpense": 92000000,
    "netIncome": 340000000,
    "netIncomeRatio": 0.0616165277,
    "eps": 1.05,
    "epsdiluted": 1.04,
    "weightedAverageShsOut": 322100000,
    "weightedAverageShsOutDil": 326300000,
    "link": "https://www.sec.gov/Archives/edgar/data/874766/000087476622000102/0000874766-22-000102-index.htm",
    "finalLink": "https://www.sec.gov/Archives/edgar/data/874766/000087476622000102/hig-20220930.htm"
  },
  {
    "date": "2022-06-30",
    "symbol": "HIG",
    "reportedCurrency": "USD",
    "cik": "0000874766",
    "fillingDate": "2022-07-28",
    "acceptedDate": "2022-07-28 16:20:28",
    "calendarYear": "2022",
    "period": "Q2",
    "revenue": 5220000000,
    "costOfRevenue": 4749000000,
    "grossProfit": 471000000,
    "grossProfitRatio": 0.0902298851,
    "researchAndDevelopmentExpenses": 0,
    "generalAndAdministrativeExpenses": 0,
    "sellingAndMarketingExpenses": 0,
    "sellingGeneralAndAdministrativeExpenses": 0,
    "otherExpenses": -83000000,
    "operatingExpenses": -83000000,
    "costAndExpenses": 4666000000,
    "interestIncome": 0,
    "interestExpense": 51000000,
    "depreciationAndAmortization": 167000000,
    "ebitda": 721000000,
    "ebitdaratio": 0.1381226054,
    "operatingIncome": 554000000,
    "operatingIncomeRatio": 0.1061302682,
    "totalOtherIncomeExpensesNet": 0,
    "incomeBeforeTax": 554000000,
    "incomeBeforeTaxRatio": 0.1061302682,
    "incomeTaxExpense": 110000000,
    "netIncome": 444000000,
    "netIncomeRatio": 0.0850574713,
    "eps": 1.34,
    "epsdiluted": 1.32,
    "weightedAverageShsOut": 327400000,
    "weightedAverageShsOutDil": 331800000,
    "link": "https://www.sec.gov/Archives/edgar/data/874766/000087476622000072/0000874766-22-000072-index.htm",
    "finalLink": "https://www.sec.gov/Archives/edgar/data/874766/000087476622000072/hig-20220630.htm"
  },
  {
    "date": "2022-03-31",
    "symbol": "HIG",
    "reportedCurrency": "USD",
    "cik": "0000874766",
    "fillingDate": "2022-04-28",
    "acceptedDate": "2022-04-28 16:23:25",
    "calendarYear": "2022",
    "period": "Q1",
    "revenue": 5268000000,
    "costOfRevenue": 4767000000,
    "grossProfit": 501000000,
    "grossProfitRatio": 0.0951025057,
    "researchAndDevelopmentExpenses": 0,
    "generalAndAdministrativeExpenses": 0,
    "sellingAndMarketingExpenses": 0,
    "sellingGeneralAndAdministrativeExpenses": 0,
    "otherExpenses": -39000000,
    "operatingExpenses": -39000000,
    "costAndExpenses": 4728000000,
    "interestIncome": 0,
    "interestExpense": 62000000,
    "depreciationAndAmortization": 171000000,
    "ebitda": 712000000,
    "ebitdaratio": 0.1351556568,
    "operatingIncome": 541000000,
    "operatingIncomeRatio": 0.1026955201,
    "totalOtherIncomeExpensesNet": 0,
    "incomeBeforeTax": 541000000,
    "incomeBeforeTaxRatio": 0.1026955201,
    "incomeTaxExpense": 98000000,
    "netIncome": 443000000,
    "netIncomeRatio": 0.0840926348,
    "eps": 1.3,
    "epsdiluted": 1.3,
    "weightedAverageShsOut": 332300000,
    "weightedAverageShsOutDil": 337300000,
    "link": "https://www.sec.gov/Archives/edgar/data/874766/000087476622000044/0000874766-22-000044-index.htm",
    "finalLink": "https://www.sec.gov/Archives/edgar/data/874766/000087476622000044/hig-20220331.htm"
  },
  {
    "date": "2021-12-31",
    "symbol": "HIG",
    "reportedCurrency": "USD",
    "cik": "0000874766",
    "fillingDate": "2022-02-18",
    "acceptedDate": "2022-02-18 16:08:25",
    "calendarYear": "2021",
    "period": "Q4",
    "revenue": 5075000000,
    "costOfRevenue": 4834000000,
    "grossProfit": 241000000,
    "grossProfitRatio": 0.0474876847,
    "researchAndDevelopmentExpenses": 0,
    "generalAndAdministrativeExpenses": 0,
    "sellingAndMarketingExpenses": 0,
    "sellingGeneralAndAdministrativeExpenses": 0,
    "otherExpenses": -659000000,
    "operatingExpenses": -659000000,
    "costAndExpenses": 4175000000,
    "interestIncome": 0,
    "interestExpense": 62000000,
    "depreciationAndAmortization": 165000000,
    "ebitda": 1065000000,
    "ebitdaratio": 0.2098522167,
    "operatingIncome": 900000000,
    "operatingIncomeRatio": 0.1773399015,
    "totalOtherIncomeExpensesNet": 0,
    "incomeBeforeTax": 900000000,
    "incomeBeforeTaxRatio": 0.1773399015,
    "incomeTaxExpense": 171000000,
    "netIncome": 729000000,
    "netIncomeRatio": 0.1436453202,
    "eps": 2.14,
    "epsdiluted": 2.11,
    "weightedAverageShsOut": 334925984,
    "weightedAverageShsOutDil": 344761905,
    "link": "https://www.sec.gov/Archives/edgar/data/874766/000087476622000019/0000874766-22-000019-index.htm",
    "finalLink": "https://www.sec.gov/Archives/edgar/data/874766/000087476622000019/hig-20211231.htm"
  },
  {
    "date": "2021-09-30",
    "symbol": "HIG",
    "reportedCurrency": "USD",
    "cik": "0000874766",
    "fillingDate": "2021-10-28",
    "acceptedDate": "2021-10-28 16:20:10",
    "calendarYear": "2021",
    "period": "Q3",
    "revenue": 5429000000,
    "costOfRevenue": 5039000000,
    "grossProfit": 390000000,
    "grossProfitRatio": 0.071836434,
    "researchAndDevelopmentExpenses": 0,
    "generalAndAdministrativeExpenses": 0,
    "sellingAndMarketingExpenses": 0,
    "sellingGeneralAndAdministrativeExpenses": 0,
    "otherExpenses": -193000000,
    "operatingExpenses": -193000000,
    "costAndExpenses": 4846000000,
    "interestIncome": 0,
    "interestExpense": 58000000,
    "depreciationAndAmortization": 168000000,
    "ebitda": 751000000,
    "ebitdaratio": 0.1383311844,
    "operatingIncome": 583000000,
    "operatingIncomeRatio": 0.107386259,
    "totalOtherIncomeExpensesNet": 0,
    "incomeBeforeTax": 583000000,
    "incomeBeforeTaxRatio": 0.107386259,
    "incomeTaxExpense": 101000000,
    "netIncome": 482000000,
    "netIncomeRatio": 0.0887824645,
    "eps": 1.38,
    "epsdiluted": 1.36,
    "weightedAverageShsOut": 345600000,
    "weightedAverageShsOutDil": 350700000,
    "link": "https://www.sec.gov/Archives/edgar/data/874766/000087476621000099/0000874766-21-000099-index.htm",
    "finalLink": "https://www.sec.gov/Archives/edgar/data/874766/000087476621000099/hig-20210930.htm"
  },
  {
    "date": "2021-06-30",
    "symbol": "HIG",
    "reportedCurrency": "USD",
    "cik": "0000874766",
    "fillingDate": "2021-07-28",
    "acceptedDate": "2021-07-28 16:19:24",
    "calendarYear": "2021",
    "period": "Q2",
    "revenue": 5589000000,
    "costOfRevenue": 4405000000,
    "grossProfit": 1184000000,
    "grossProfitRatio": 0.2118446949,
    "researchAndDevelopmentExpenses": 0,
    "generalAndAdministrativeExpenses": 0,
    "sellingAndMarketingExpenses": 0,
    "sellingGeneralAndAdministrativeExpenses": 0,
    "otherExpenses": 74000000,
    "operatingExpenses": 74000000,
    "costAndExpenses": 4479000000,
    "interestIncome": 0,
    "interestExpense": 57000000,
    "depreciationAndAmortization": 173000000,
    "ebitda": 1283000000,
    "ebitdaratio": 0.2295580605,
    "operatingIncome": 1110000000,
    "operatingIncomeRatio": 0.1986044015,
    "totalOtherIncomeExpensesNet": 0,
    "incomeBeforeTax": 1110000000,
    "incomeBeforeTaxRatio": 0.1986044015,
    "incomeTaxExpense": 205000000,
    "netIncome": 905000000,
    "netIncomeRatio": 0.1619252102,
    "eps": 2.54,
    "epsdiluted": 2.51,
    "weightedAverageShsOut": 353700000,
    "weightedAverageShsOutDil": 358500000,
    "link": "https://www.sec.gov/Archives/edgar/data/874766/000087476621000079/0000874766-21-000079-index.htm",
    "finalLink": "https://www.sec.gov/Archives/edgar/data/874766/000087476621000079/hig-20210630.htm"
  },
  {
    "date": "2021-03-31",
    "symbol": "HIG",
    "reportedCurrency": "USD",
    "cik": "0000874766",
    "fillingDate": "2021-04-27",
    "acceptedDate": "2021-04-27 15:49:33",
    "calendarYear": "2021",
    "period": "Q1",
    "revenue": 5187000000,
    "costOfRevenue": 4910000000,
    "grossProfit": 277000000,
    "grossProfitRatio": 0.0534027376,
    "researchAndDevelopmentExpenses": 0,
    "generalAndAdministrativeExpenses": 0,
    "sellingAndMarketingExpenses": 0,
    "sellingGeneralAndAdministrativeExpenses": 0,
    "otherExpenses": -26000000,
    "operatingExpenses": -26000000,
    "costAndExpenses": 4884000000,
    "interestIncome": 0,
    "interestExpense": 57000000,
    "depreciationAndAmortization": 174000000,
    "ebitda": 477000000,
    "ebitdaratio": 0.0919606709,
    "operatingIncome": 303000000,
    "operatingIncomeRatio": 0.0584152689,
    "totalOtherIncomeExpensesNet": 0,
    "incomeBeforeTax": 303000000,
    "incomeBeforeTaxRatio": 0.0584152689,
    "incomeTaxExpense": 54000000,
    "netIncome": 249000000,
    "netIncomeRatio": 0.048004627,
    "eps": 0.68,
    "epsdiluted": 0.67,
    "weightedAverageShsOut": 358200000,
    "weightedAverageShsOutDil": 362200000,
    "link": "https://www.sec.gov/Archives/edgar/data/874766/000087476621000052/0000874766-21-000052-index.htm",
    "finalLink": "https://www.sec.gov/Archives/edgar/data/874766/000087476621000052/hig-20210331.htm"
  },
  {
    "date": "2020-12-31",
    "symbol": "HIG",
    "reportedCurrency": "USD",
    "cik": "0000874766",
    "fillingDate": "2021-02-19",
    "acceptedDate": "2021-02-19 16:23:11",
    "calendarYear": "2020",
    "period": "Q4",
    "revenue": 5125000000,
    "costOfRevenue": 4585000000,
    "grossProfit": 540000000,
    "grossProfitRatio": 0.1053658537,
    "researchAndDevelopmentExpenses": 0,
    "generalAndAdministrativeExpenses": 0,
    "sellingAndMarketingExpenses": 0,
    "sellingGeneralAndAdministrativeExpenses": 0,
    "otherExpenses": -112000000,
    "operatingExpenses": -112000000,
    "costAndExpenses": 4473000000,
    "interestIncome": 0,
    "interestExpense": 57000000,
    "depreciationAndAmortization": 151000000,
    "ebitda": 803000000,
    "ebitdaratio": 0.1566829268,
    "operatingIncome": 652000000,
    "operatingIncomeRatio": 0.1272195122,
    "totalOtherIncomeExpensesNet": 0,
    "incomeBeforeTax": 652000000,
    "incomeBeforeTaxRatio": 0.1272195122,
    "incomeTaxExpense": 115000000,
    "netIncome": 537000000,
    "netIncomeRatio": 0.1047804878,
    "eps": 1.48,
    "epsdiluted": 1.47,
    "weightedAverageShsOut": 358400000,
    "weightedAverageShsOutDil": 361500000,
    "link": "https://www.sec.gov/Archives/edgar/data/874766/000087476621000022/0000874766-21-000022-index.htm",
    "finalLink": "https://www.sec.gov/Archives/edgar/data/874766/000087476621000022/hig-20201231.htm"
  },
  {
    "date": "2020-09-30",
    "symbol": "HIG",
    "reportedCurrency": "USD",
    "cik": "0000874766",
    "fillingDate": "2020-10-29",
    "acceptedDate": "2020-10-29 16:40:07",
    "calendarYear": "2020",
    "period": "Q3",
    "revenue": 5171000000,
    "costOfRevenue": 4476000000,
    "grossProfit": 695000000,
    "grossProfitRatio": 0.1344034036,
    "researchAndDevelopmentExpenses": 0,
    "generalAndAdministrativeExpenses": 0,
    "sellingAndMarketingExpenses": 0,
    "sellingGeneralAndAdministrativeExpenses": 0,
    "otherExpenses": 163000000,
    "operatingExpenses": 163000000,
    "costAndExpenses": 4639000000,
    "interestIncome": 0,
    "interestExpense": 58000000,
    "depreciationAndAmortization": 142000000,
    "ebitda": 674000000,
    "ebitdaratio": 0.1303422936,
    "operatingIncome": 532000000,
    "operatingIncomeRatio": 0.1028814543,
    "totalOtherIncomeExpensesNet": 0,
    "incomeBeforeTax": 532000000,
    "incomeBeforeTaxRatio": 0.1028814543,
    "incomeTaxExpense": 73000000,
    "netIncome": 459000000,
    "netIncomeRatio": 0.0887642622,
    "eps": 1.26,
    "epsdiluted": 1.26,
    "weightedAverageShsOut": 358300000,
    "weightedAverageShsOutDil": 360500000,
    "link": "https://www.sec.gov/Archives/edgar/data/874766/000087476620000072/0000874766-20-000072-index.htm",
    "finalLink": "https://www.sec.gov/Archives/edgar/data/874766/000087476620000072/hig-20200930.htm"
  },
  {
    "date": "2020-06-30",
    "symbol": "HIG",
    "reportedCurrency": "USD",
    "cik": "0000874766",
    "fillingDate": "2020-07-31",
    "acceptedDate": "2020-07-31 08:39:11",
    "calendarYear": "2020",
    "period": "Q2",
    "revenue": 5161000000,
    "costOfRevenue": 4401000000,
    "grossProfit": 760000000,
    "grossProfitRatio": 0.1472582833,
    "researchAndDevelopmentExpenses": 0,
    "generalAndAdministrativeExpenses": 0,
    "sellingAndMarketingExpenses": 0,
    "sellingGeneralAndAdministrativeExpenses": 0,
    "otherExpenses": 168000000,
    "operatingExpenses": 168000000,
    "costAndExpenses": 4569000000,
    "interestIncome": 0,
    "interestExpense": 57000000,
    "depreciationAndAmortization": 135000000,
    "ebitda": 727000000,
    "ebitdaratio": 0.1408641736,
    "operatingIncome": 592000000,
    "operatingIncomeRatio": 0.1147064522,
    "totalOtherIncomeExpensesNet": 0,
    "incomeBeforeTax": 592000000,
    "incomeBeforeTaxRatio": 0.1147064522,
    "incomeTaxExpense": 124000000,
    "netIncome": 468000000,
    "netIncomeRatio": 0.0906801008,
    "eps": 1.29,
    "epsdiluted": 1.29,
    "weightedAverageShsOut": 358100000,
    "weightedAverageShsOutDil": 359300000,
    "link": "https://www.sec.gov/Archives/edgar/data/874766/000087476620000053/0000874766-20-000053-index.htm",
    "finalLink": "https://www.sec.gov/Archives/edgar/data/874766/000087476620000053/hig6302020-10xqdocument.htm"
  },
  {
    "date": "2020-03-31",
    "symbol": "HIG",
    "reportedCurrency": "USD",
    "cik": "0000874766",
    "fillingDate": "2020-04-29",
    "acceptedDate": "2020-04-29 16:22:50",
    "calendarYear": "2020",
    "period": "Q1",
    "revenue": 4956000000,
    "costOfRevenue": 4529000000,
    "grossProfit": 427000000,
    "grossProfitRatio": 0.0861581921,
    "researchAndDevelopmentExpenses": 0,
    "generalAndAdministrativeExpenses": 0,
    "sellingAndMarketingExpenses": 0,
    "sellingGeneralAndAdministrativeExpenses": 0,
    "otherExpenses": 83000000,
    "operatingExpenses": 83000000,
    "costAndExpenses": 4612000000,
    "interestIncome": 0,
    "interestExpense": 64000000,
    "depreciationAndAmortization": 134000000,
    "ebitda": 478000000,
    "ebitdaratio": 0.096448749,
    "operatingIncome": 344000000,
    "operatingIncomeRatio": 0.0694108152,
    "totalOtherIncomeExpensesNet": 0,
    "incomeBeforeTax": 344000000,
    "incomeBeforeTaxRatio": 0.0694108152,
    "incomeTaxExpense": 71000000,
    "netIncome": 273000000,
    "netIncomeRatio": 0.0550847458,
    "eps": 0.75,
    "epsdiluted": 0.74,
    "weightedAverageShsOut": 358500000,
    "weightedAverageShsOutDil": 361100000,
    "link": "https://www.sec.gov/Archives/edgar/data/874766/000087476620000034/0000874766-20-000034-index.htm",
    "finalLink": "https://www.sec.gov/Archives/edgar/data/874766/000087476620000034/hig3312020-10xqdocument.htm"
  },
  {
    "date": "2019-12-31",
    "symbol": "HIG",
    "reportedCurrency": "USD",
    "cik": "0000874766",
    "fillingDate": "2020-02-21",
    "acceptedDate": "2020-02-21 16:18:28",
    "calendarYear": "2019",
    "period": "Q4",
    "revenue": 5361000000,
    "costOfRevenue": 4601000000,
    "grossProfit": 760000000,
    "grossProfitRatio": 0.1417645962,
    "researchAndDevelopmentExpenses": 0,
    "generalAndAdministrativeExpenses": 0,
    "sellingAndMarketingExpenses": 0,
    "sellingGeneralAndAdministrativeExpenses": 0,
    "otherExpenses": 84000000,
    "operatingExpenses": 84000000,
    "costAndExpenses": 4685000000,
    "interestIncome": 0,
    "interestExpense": 65000000,
    "depreciationAndAmortization": 118000000,
    "ebitda": 859000000,
    "ebitdaratio": 0.1602313001,
    "operatingIncome": 741000000,
    "operatingIncomeRatio": 0.1382204813,
    "totalOtherIncomeExpensesNet": -65000000,
    "incomeBeforeTax": 676000000,
    "incomeBeforeTaxRatio": 0.1260958776,
    "incomeTaxExpense": 128000000,
    "netIncome": 548000000,
    "netIncomeRatio": 0.1022197351,
    "eps": 1.51,
    "epsdiluted": 1.49,
    "weightedAverageShsOut": 360500000,
    "weightedAverageShsOutDil": 364300000,
    "link": "https://www.sec.gov/Archives/edgar/data/874766/000087476620000020/0000874766-20-000020-index.htm",
    "finalLink": "https://www.sec.gov/Archives/edgar/data/874766/000087476620000020/hig1231201910-kdocument.htm"
  },
  {
    "date": "2019-09-30",
    "symbol": "HIG",
    "reportedCurrency": "USD",
    "cik": "0000874766",
    "fillingDate": "2019-11-04",
    "acceptedDate": "2019-11-04 16:27:45",
    "calendarYear": "2019",
    "period": "Q3",
    "revenue": 5347000000,
    "costOfRevenue": 4518000000,
    "grossProfit": 829000000,
    "grossProfitRatio": 0.1550402095,
    "researchAndDevelopmentExpenses": 0,
    "generalAndAdministrativeExpenses": 0,
    "sellingAndMarketingExpenses": 0,
    "sellingGeneralAndAdministrativeExpenses": 0,
    "otherExpenses": 176000000,
    "operatingExpenses": 176000000,
    "costAndExpenses": 4694000000,
    "interestIncome": 0,
    "interestExpense": 67000000,
    "depreciationAndAmortization": 112000000,
    "ebitda": 832000000,
    "ebitdaratio": 0.1556012717,
    "operatingIncome": 720000000,
    "operatingIncomeRatio": 0.1346549467,
    "totalOtherIncomeExpensesNet": -67000000,
    "incomeBeforeTax": 653000000,
    "incomeBeforeTaxRatio": 0.1221245558,
    "incomeTaxExpense": 118000000,
    "netIncome": 535000000,
    "netIncomeRatio": 0.1000561062,
    "eps": 1.45,
    "epsdiluted": 1.43,
    "weightedAverageShsOut": 361400000,
    "weightedAverageShsOutDil": 365400000,
    "link": "https://www.sec.gov/Archives/edgar/data/874766/000087476619000080/0000874766-19-000080-index.htm",
    "finalLink": "https://www.sec.gov/Archives/edgar/data/874766/000087476619000080/hig9302019-10xqdocument.htm"
  },
  {
    "date": "2019-06-30",
    "symbol": "HIG",
    "reportedCurrency": "USD",
    "cik": "0000874766",
    "fillingDate": "2019-08-01",
    "acceptedDate": "2019-08-01 16:23:06",
    "calendarYear": "2019",
    "period": "Q2",
    "revenue": 5092000000,
    "costOfRevenue": 4558000000,
    "grossProfit": 534000000,
    "grossProfitRatio": 0.1048703849,
    "researchAndDevelopmentExpenses": 0,
    "generalAndAdministrativeExpenses": 0,
    "sellingAndMarketingExpenses": 0,
    "sellingGeneralAndAdministrativeExpenses": 0,
    "otherExpenses": 78000000,
    "operatingExpenses": 78000000,
    "costAndExpenses": 4636000000,
    "interestIncome": 0,
    "interestExpense": 63000000,
    "depreciationAndAmortization": 113000000,
    "ebitda": 632000000,
    "ebitdaratio": 0.1241162608,
    "operatingIncome": 519000000,
    "operatingIncomeRatio": 0.1019245876,
    "totalOtherIncomeExpensesNet": -63000000,
    "incomeBeforeTax": 456000000,
    "incomeBeforeTaxRatio": 0.0895522388,
    "incomeTaxExpense": 84000000,
    "netIncome": 372000000,
    "netIncomeRatio": 0.0730557738,
    "eps": 1.03,
    "epsdiluted": 1.02,
    "weightedAverageShsOut": 361400000,
    "weightedAverageShsOutDil": 365100000,
    "link": "https://www.sec.gov/Archives/edgar/data/874766/000087476619000068/0000874766-19-000068-index.htm",
    "finalLink": "https://www.sec.gov/Archives/edgar/data/874766/000087476619000068/hig6302019-10xqdocument.htm"
  },
  {
    "date": "2019-03-31",
    "symbol": "HIG",
    "reportedCurrency": "USD",
    "cik": "0000874766",
    "fillingDate": "2019-05-01",
    "acceptedDate": "2019-05-01 16:21:32",
    "calendarYear": "2019",
    "period": "Q1",
    "revenue": 4940000000,
    "costOfRevenue": 4088000000,
    "grossProfit": 852000000,
    "grossProfitRatio": 0.1724696356,
    "researchAndDevelopmentExpenses": 0,
    "generalAndAdministrativeExpenses": 0,
    "sellingAndMarketingExpenses": 0,
    "sellingGeneralAndAdministrativeExpenses": 0,
    "otherExpenses": 77000000,
    "operatingExpenses": 77000000,
    "costAndExpenses": 4165000000,
    "interestIncome": 0,
    "interestExpense": 64000000,
    "depreciationAndAmortization": 108000000,
    "ebitda": 947000000,
    "ebitdaratio": 0.1917004049,
    "operatingIncome": 839000000,
    "operatingIncomeRatio": 0.1698380567,
    "totalOtherIncomeExpensesNet": -64000000,
    "incomeBeforeTax": 775000000,
    "incomeBeforeTaxRatio": 0.1568825911,
    "incomeTaxExpense": 145000000,
    "netIncome": 630000000,
    "netIncomeRatio": 0.1275303644,
    "eps": 1.74,
    "epsdiluted": 1.71,
    "weightedAverageShsOut": 360000000,
    "weightedAverageShsOutDil": 364700000,
    "link": "https://www.sec.gov/Archives/edgar/data/874766/000087476619000039/0000874766-19-000039-index.htm",
    "finalLink": "https://www.sec.gov/Archives/edgar/data/874766/000087476619000039/hig3312019-10xqdocument.htm"
  },
  {
    "date": "2018-12-31",
    "symbol": "HIG",
    "reportedCurrency": "USD",
    "cik": "0000874766",
    "fillingDate": "2019-02-22",
    "acceptedDate": "2019-02-22 16:09:46",
    "calendarYear": "2018",
    "period": "Q4",
    "revenue": 4633000000,
    "costOfRevenue": 4382000000,
    "grossProfit": 251000000,
    "grossProfitRatio": 0.0541765595,
    "researchAndDevelopmentExpenses": 0,
    "generalAndAdministrativeExpenses": 0,
    "sellingAndMarketingExpenses": 0,
    "sellingGeneralAndAdministrativeExpenses": 0,
    "otherExpenses": 84000000,
    "operatingExpenses": 84000000,
    "costAndExpenses": 4466000000,
    "interestIncome": 0,
    "interestExpense": 70000000,
    "depreciationAndAmortization": 108000000,
    "ebitda": 345000000,
    "ebitdaratio": 0.0744657889,
    "operatingIncome": 237000000,
    "operatingIncomeRatio": 0.0511547593,
    "totalOtherIncomeExpensesNet": -70000000,
    "incomeBeforeTax": 167000000,
    "incomeBeforeTaxRatio": 0.0360457587,
    "incomeTaxExpense": -29000000,
    "netIncome": 196000000,
    "netIncomeRatio": 0.0423052018,
    "eps": 0.53,
    "epsdiluted": 0.52,
    "weightedAverageShsOut": 359100000,
    "weightedAverageShsOutDil": 364000000,
    "link": "https://www.sec.gov/Archives/edgar/data/874766/000087476619000018/0000874766-19-000018-index.htm",
    "finalLink": "https://www.sec.gov/Archives/edgar/data/874766/000087476619000018/hig1231201810-kdocument.htm"
  },
  {
    "date": "2018-09-30",
    "symbol": "HIG",
    "reportedCurrency": "USD",
    "cik": "0000874766",
    "fillingDate": "2018-10-25",
    "acceptedDate": "2018-10-25 16:23:26",
    "calendarYear": "2018",
    "period": "Q3",
    "revenue": 4842000000,
    "costOfRevenue": 4225000000,
    "grossProfit": 617000000,
    "grossProfitRatio": 0.1274266832,
    "researchAndDevelopmentExpenses": 0,
    "generalAndAdministrativeExpenses": 0,
    "sellingAndMarketingExpenses": 0,
    "sellingGeneralAndAdministrativeExpenses": 0,
    "otherExpenses": 87000000,
    "operatingExpenses": 87000000,
    "costAndExpenses": 4312000000,
    "interestIncome": 0,
    "interestExpense": 69000000,
    "depreciationAndAmortization": 122000000,
    "ebitda": 721000000,
    "ebitdaratio": 0.148905411,
    "operatingIncome": 599000000,
    "operatingIncomeRatio": 0.1237092111,
    "totalOtherIncomeExpensesNet": -69000000,
    "incomeBeforeTax": 530000000,
    "incomeBeforeTaxRatio": 0.1094589013,
    "incomeTaxExpense": 103000000,
    "netIncome": 432000000,
    "netIncomeRatio": 0.0892193309,
    "eps": 1.2,
    "epsdiluted": 1.19,
    "weightedAverageShsOut": 358600000,
    "weightedAverageShsOutDil": 364100000,
    "link": "https://www.sec.gov/Archives/edgar/data/874766/000087476618000057/0000874766-18-000057-index.htm",
    "finalLink": "https://www.sec.gov/Archives/edgar/data/874766/000087476618000057/hig9302018-10xqdocument.htm"
  },
  {
    "date": "2018-06-30",
    "symbol": "HIG",
    "reportedCurrency": "USD",
    "cik": "0000874766",
    "fillingDate": "2018-07-26",
    "acceptedDate": "2018-07-26 16:24:06",
    "calendarYear": "2018",
    "period": "Q2",
    "revenue": 4789000000,
    "costOfRevenue": 4149000000,
    "grossProfit": 640000000,
    "grossProfitRatio": 0.1336395907,
    "researchAndDevelopmentExpenses": 0,
    "generalAndAdministrativeExpenses": 0,
    "sellingAndMarketingExpenses": 0,
    "sellingGeneralAndAdministrativeExpenses": 0,
    "otherExpenses": 103000000,
    "operatingExpenses": 103000000,
    "costAndExpenses": 4252000000,
    "interestIncome": 0,
    "interestExpense": 79000000,
    "depreciationAndAmortization": 121000000,
    "ebitda": 737000000,
    "ebitdaratio": 0.1538943412,
    "operatingIncome": 616000000,
    "operatingIncomeRatio": 0.1286281061,
    "totalOtherIncomeExpensesNet": -79000000,
    "incomeBeforeTax": 537000000,
    "incomeBeforeTaxRatio": 0.1121319691,
    "incomeTaxExpense": 103000000,
    "netIncome": 582000000,
    "netIncomeRatio": 0.1215285028,
    "eps": 0.41,
    "epsdiluted": 0.41,
    "weightedAverageShsOut": 358300000,
    "weightedAverageShsOutDil": 364200000,
    "link": "https://www.sec.gov/Archives/edgar/data/874766/000087476618000040/0000874766-18-000040-index.htm",
    "finalLink": "https://www.sec.gov/Archives/edgar/data/874766/000087476618000040/hig6302018-10xqdocument.htm"
  },
  {
    "date": "2018-03-31",
    "symbol": "HIG",
    "reportedCurrency": "USD",
    "cik": "0000874766",
    "fillingDate": "2018-04-26",
    "acceptedDate": "2018-04-26 16:39:42",
    "calendarYear": "2018",
    "period": "Q1",
    "revenue": 4691000000,
    "costOfRevenue": 4074000000,
    "grossProfit": 617000000,
    "grossProfitRatio": 0.1315284588,
    "researchAndDevelopmentExpenses": 0,
    "generalAndAdministrativeExpenses": 0,
    "sellingAndMarketingExpenses": 0,
    "sellingGeneralAndAdministrativeExpenses": 0,
    "otherExpenses": 98000000,
    "operatingExpenses": 98000000,
    "costAndExpenses": 4172000000,
    "interestIncome": 0,
    "interestExpense": 80000000,
    "depreciationAndAmortization": 116000000,
    "ebitda": 715000000,
    "ebitdaratio": 0.1524195268,
    "operatingIncome": 599000000,
    "operatingIncomeRatio": 0.1276913238,
    "totalOtherIncomeExpensesNet": -80000000,
    "incomeBeforeTax": 519000000,
    "incomeBeforeTaxRatio": 0.1106373907,
    "incomeTaxExpense": 91000000,
    "netIncome": 597000000,
    "netIncomeRatio": 0.1272649755,
    "eps": 1.67,
    "epsdiluted": 1.64,
    "weightedAverageShsOut": 357500000,
    "weightedAverageShsOutDil": 363900000,
    "link": "https://www.sec.gov/Archives/edgar/data/874766/000087476618000023/0000874766-18-000023-index.htm",
    "finalLink": "https://www.sec.gov/Archives/edgar/data/874766/000087476618000023/hig3312018-10xqdocument.htm"
  },
  {
    "date": "2017-12-31",
    "symbol": "HIG",
    "reportedCurrency": "USD",
    "cik": "0000874766",
    "fillingDate": "2018-02-23",
    "acceptedDate": "2018-02-23 16:27:29",
    "calendarYear": "2017",
    "period": "Q4",
    "revenue": 2866000000,
    "costOfRevenue": 2663000000,
    "grossProfit": 203000000,
    "grossProfitRatio": 0.0708304257,
    "researchAndDevelopmentExpenses": 0,
    "generalAndAdministrativeExpenses": 0,
    "sellingAndMarketingExpenses": 0,
    "sellingGeneralAndAdministrativeExpenses": 0,
    "otherExpenses": 84000000,
    "operatingExpenses": 84000000,
    "costAndExpenses": 2747000000,
    "interestIncome": 0,
    "interestExpense": 70000000,
    "depreciationAndAmortization": 99000000,
    "ebitda": 288000000,
    "ebitdaratio": 0.1004884857,
    "operatingIncome": 189000000,
    "operatingIncomeRatio": 0.0659455687,
    "totalOtherIncomeExpensesNet": -70000000,
    "incomeBeforeTax": 119000000,
    "incomeBeforeTaxRatio": 0.041521284,
    "incomeTaxExpense": 953000000,
    "netIncome": -3703000000,
    "netIncomeRatio": -1.2920446615,
    "eps": -10.37,
    "epsdiluted": -10.18,
    "weightedAverageShsOut": 357000000,
    "weightedAverageShsOutDil": 363900000,
    "link": "https://www.sec.gov/Archives/edgar/data/874766/000087476618000011/0000874766-18-000011-index.htm",
    "finalLink": "https://www.sec.gov/Archives/edgar/data/874766/000087476618000011/hig1231201710-kdocument.htm"
  },
  {
    "date": "2017-09-30",
    "symbol": "HIG",
    "reportedCurrency": "USD",
    "cik": "0000874766",
    "fillingDate": "2017-10-26",
    "acceptedDate": "2017-10-26 16:06:59",
    "calendarYear": "2017",
    "period": "Q3",
    "revenue": 4192000000,
    "costOfRevenue": 3931000000,
    "grossProfit": 261000000,
    "grossProfitRatio": 0.0622614504,
    "researchAndDevelopmentExpenses": 0,
    "generalAndAdministrativeExpenses": 0,
    "sellingAndMarketingExpenses": 0,
    "sellingGeneralAndAdministrativeExpenses": 0,
    "otherExpenses": 80000000,
    "operatingExpenses": 80000000,
    "costAndExpenses": 4011000000,
    "interestIncome": 0,
    "interestExpense": 79000000,
    "depreciationAndAmortization": 109000000,
    "ebitda": 369000000,
    "ebitdaratio": 0.0880248092,
    "operatingIncome": 260000000,
    "operatingIncomeRatio": 0.0620229008,
    "totalOtherIncomeExpensesNet": -79000000,
    "incomeBeforeTax": 181000000,
    "incomeBeforeTaxRatio": 0.0431774809,
    "incomeTaxExpense": 36000000,
    "netIncome": 234000000,
    "netIncomeRatio": 0.0558206107,
    "eps": 0.65,
    "epsdiluted": 0.64,
    "weightedAverageShsOut": 360200000,
    "weightedAverageShsOutDil": 367000000,
    "link": "https://www.sec.gov/Archives/edgar/data/874766/000087476617000056/0000874766-17-000056-index.htm",
    "finalLink": "https://www.sec.gov/Archives/edgar/data/874766/000087476617000056/hig09302017-10xqdocument.htm"
  },
  {
    "date": "2017-06-30",
    "symbol": "HIG",
    "reportedCurrency": "USD",
    "cik": "0000874766",
    "fillingDate": "2017-07-27",
    "acceptedDate": "2017-07-27 16:38:37",
    "calendarYear": "2017",
    "period": "Q2",
    "revenue": 4214000000,
    "costOfRevenue": 4415000000,
    "grossProfit": -201000000,
    "grossProfitRatio": -0.047698149,
    "researchAndDevelopmentExpenses": 0,
    "generalAndAdministrativeExpenses": 0,
    "sellingAndMarketingExpenses": 0,
    "sellingGeneralAndAdministrativeExpenses": 0,
    "otherExpenses": 80000000,
    "operatingExpenses": 80000000,
    "costAndExpenses": 4495000000,
    "interestIncome": 0,
    "interestExpense": 79000000,
    "depreciationAndAmortization": 95000000,
    "ebitda": -107000000,
    "ebitdaratio": -0.025391552,
    "operatingIncome": -202000000,
    "operatingIncomeRatio": -0.0479354533,
    "totalOtherIncomeExpensesNet": -79000000,
    "incomeBeforeTax": -281000000,
    "incomeBeforeTaxRatio": -0.0666824869,
    "incomeTaxExpense": -129000000,
    "netIncome": -40000000,
    "netIncomeRatio": -0.009492169,
    "eps": -0.11,
    "epsdiluted": -0.11,
    "weightedAverageShsOut": 361904761,
    "weightedAverageShsOutDil": 366000000,
    "link": "https://www.sec.gov/Archives/edgar/data/874766/000087476617000040/0000874766-17-000040-index.htm",
    "finalLink": "https://www.sec.gov/Archives/edgar/data/874766/000087476617000040/hig06302017-10xqdocument.htm"
  },
  {
    "date": "2017-03-31",
    "symbol": "HIG",
    "reportedCurrency": "USD",
    "cik": "0000874766",
    "fillingDate": "2017-04-27",
    "acceptedDate": "2017-04-27 16:29:53",
    "calendarYear": "2017",
    "period": "Q1",
    "revenue": 4169000000,
    "costOfRevenue": 3687000000,
    "grossProfit": 482000000,
    "grossProfitRatio": 0.1156152555,
    "researchAndDevelopmentExpenses": 0,
    "generalAndAdministrativeExpenses": 0,
    "sellingAndMarketingExpenses": 0,
    "sellingGeneralAndAdministrativeExpenses": 0,
    "otherExpenses": 81000000,
    "operatingExpenses": 81000000,
    "costAndExpenses": 3768000000,
    "interestIncome": 0,
    "interestExpense": 80000000,
    "depreciationAndAmortization": 96000000,
    "ebitda": 577000000,
    "ebitdaratio": 0.1384024946,
    "operatingIncome": 481000000,
    "operatingIncomeRatio": 0.1153753898,
    "totalOtherIncomeExpensesNet": -80000000,
    "incomeBeforeTax": 401000000,
    "incomeBeforeTaxRatio": 0.0961861358,
    "incomeTaxExpense": 98000000,
    "netIncome": 378000000,
    "netIncomeRatio": 0.0906692252,
    "eps": 1.02,
    "epsdiluted": 1,
    "weightedAverageShsOut": 371400000,
    "weightedAverageShsOutDil": 378600000,
    "link": "https://www.sec.gov/Archives/edgar/data/874766/000087476617000021/0000874766-17-000021-index.htm",
    "finalLink": "https://www.sec.gov/Archives/edgar/data/874766/000087476617000021/hig03312017-10xqdocument.htm"
  },
  {
    "date": "2016-12-31",
    "symbol": "HIG",
    "reportedCurrency": "USD",
    "cik": "0000874766",
    "fillingDate": "2017-02-24",
    "acceptedDate": "2017-02-24 16:06:01",
    "calendarYear": "2016",
    "period": "Q4",
    "revenue": 4537000000,
    "costOfRevenue": 4730000000,
    "grossProfit": -193000000,
    "grossProfitRatio": -0.0425391228,
    "researchAndDevelopmentExpenses": 0,
    "generalAndAdministrativeExpenses": 0,
    "sellingAndMarketingExpenses": 0,
    "sellingGeneralAndAdministrativeExpenses": 0,
    "otherExpenses": 82000000,
    "operatingExpenses": 82000000,
    "costAndExpenses": 4812000000,
    "interestIncome": 0,
    "interestExpense": 82000000,
    "depreciationAndAmortization": 102000000,
    "ebitda": -91000000,
    "ebitdaratio": -0.0200573066,
    "operatingIncome": -193000000,
    "operatingIncomeRatio": -0.0425391228,
    "totalOtherIncomeExpensesNet": -82000000,
    "incomeBeforeTax": -275000000,
    "incomeBeforeTaxRatio": -0.0606127397,
    "incomeTaxExpense": -194000000,
    "netIncome": -81000000,
    "netIncomeRatio": -0.017853207,
    "eps": -0.22,
    "epsdiluted": -0.22,
    "weightedAverageShsOut": 371400000,
    "weightedAverageShsOutDil": 371400000,
    "link": "https://www.sec.gov/Archives/edgar/data/874766/000087476617000010/0000874766-17-000010-index.htm",
    "finalLink": "https://www.sec.gov/Archives/edgar/data/874766/000087476617000010/hig1231201610-kdocument.htm"
  },
  {
    "date": "2016-09-30",
    "symbol": "HIG",
    "reportedCurrency": "USD",
    "cik": "0000874766",
    "fillingDate": "2016-10-27",
    "acceptedDate": "2016-10-27 16:25:52",
    "calendarYear": "2016",
    "period": "Q3",
    "revenue": 4715000000,
    "costOfRevenue": 4101000000,
    "grossProfit": 614000000,
    "grossProfitRatio": 0.1302226935,
    "researchAndDevelopmentExpenses": 0,
    "generalAndAdministrativeExpenses": 0,
    "sellingAndMarketingExpenses": 0,
    "sellingGeneralAndAdministrativeExpenses": 0,
    "otherExpenses": 86000000,
    "operatingExpenses": 86000000,
    "costAndExpenses": 4187000000,
    "interestIncome": 0,
    "interestExpense": 86000000,
    "depreciationAndAmortization": 112000000,
    "ebitda": 726000000,
    "ebitdaratio": 0.1539766702,
    "operatingIncome": 614000000,
    "operatingIncomeRatio": 0.1302226935,
    "totalOtherIncomeExpensesNet": -86000000,
    "incomeBeforeTax": 528000000,
    "incomeBeforeTaxRatio": 0.1119830329,
    "incomeTaxExpense": 90000000,
    "netIncome": 438000000,
    "netIncomeRatio": 0.0928950159,
    "eps": 1.14,
    "epsdiluted": 1.12,
    "weightedAverageShsOut": 383800000,
    "weightedAverageShsOutDil": 390500000,
    "link": "https://www.sec.gov/Archives/edgar/data/874766/000087476616000069/0000874766-16-000069-index.htm",
    "finalLink": "https://www.sec.gov/Archives/edgar/data/874766/000087476616000069/hig09302016-10xqdocument.htm"
  },
  {
    "date": "2016-06-30",
    "symbol": "HIG",
    "reportedCurrency": "USD",
    "cik": "0000874766",
    "fillingDate": "2016-07-28",
    "acceptedDate": "2016-07-28 16:24:56",
    "calendarYear": "2016",
    "period": "Q2",
    "revenue": 4696000000,
    "costOfRevenue": 4441000000,
    "grossProfit": 255000000,
    "grossProfitRatio": 0.0543015332,
    "researchAndDevelopmentExpenses": 0,
    "generalAndAdministrativeExpenses": 0,
    "sellingAndMarketingExpenses": 0,
    "sellingGeneralAndAdministrativeExpenses": 0,
    "otherExpenses": 85000000,
    "operatingExpenses": 85000000,
    "costAndExpenses": 4526000000,
    "interestIncome": 0,
    "interestExpense": 85000000,
    "depreciationAndAmortization": 89000000,
    "ebitda": 344000000,
    "ebitdaratio": 0.073253833,
    "operatingIncome": 255000000,
    "operatingIncomeRatio": 0.0543015332,
    "totalOtherIncomeExpensesNet": -85000000,
    "incomeBeforeTax": 170000000,
    "incomeBeforeTaxRatio": 0.0362010221,
    "incomeTaxExpense": -46000000,
    "netIncome": 216000000,
    "netIncomeRatio": 0.0459965928,
    "eps": 0.55,
    "epsdiluted": 0.54,
    "weightedAverageShsOut": 391800000,
    "weightedAverageShsOutDil": 398600000,
    "link": "https://www.sec.gov/Archives/edgar/data/874766/000087476616000063/0000874766-16-000063-index.htm",
    "finalLink": "https://www.sec.gov/Archives/edgar/data/874766/000087476616000063/hig06302016-10xqdocument.htm"
  },
  {
    "date": "2016-03-31",
    "symbol": "HIG",
    "reportedCurrency": "USD",
    "cik": "0000874766",
    "fillingDate": "2016-04-28",
    "acceptedDate": "2016-04-28 16:27:31",
    "calendarYear": "2016",
    "period": "Q1",
    "revenue": 4410000000,
    "costOfRevenue": 3943000000,
    "grossProfit": 467000000,
    "grossProfitRatio": 0.1058956916,
    "researchAndDevelopmentExpenses": 0,
    "generalAndAdministrativeExpenses": 0,
    "sellingAndMarketingExpenses": 0,
    "sellingGeneralAndAdministrativeExpenses": 0,
    "otherExpenses": 86000000,
    "operatingExpenses": 86000000,
    "costAndExpenses": 4029000000,
    "interestIncome": 0,
    "interestExpense": 86000000,
    "depreciationAndAmortization": 95000000,
    "ebitda": 562000000,
    "ebitdaratio": 0.1274376417,
    "operatingIncome": 467000000,
    "operatingIncomeRatio": 0.1058956916,
    "totalOtherIncomeExpensesNet": -86000000,
    "incomeBeforeTax": 381000000,
    "incomeBeforeTaxRatio": 0.0863945578,
    "incomeTaxExpense": 58000000,
    "netIncome": 323000000,
    "netIncomeRatio": 0.0732426304,
    "eps": 0.81,
    "epsdiluted": 0.79,
    "weightedAverageShsOut": 398500000,
    "weightedAverageShsOutDil": 406300000,
    "link": "https://www.sec.gov/Archives/edgar/data/874766/000087476616000053/0000874766-16-000053-index.htm",
    "finalLink": "https://www.sec.gov/Archives/edgar/data/874766/000087476616000053/hig03312016-10xqdocument.htm"
  },
  {
    "date": "2015-12-31",
    "symbol": "HIG",
    "reportedCurrency": "USD",
    "cik": "0000874766",
    "fillingDate": "2016-02-26",
    "acceptedDate": "2016-02-26 16:20:31",
    "calendarYear": "2015",
    "period": "Q4",
    "revenue": 4513000000,
    "costOfRevenue": 3923000000,
    "grossProfit": 590000000,
    "grossProfitRatio": 0.1307334367,
    "researchAndDevelopmentExpenses": 0,
    "generalAndAdministrativeExpenses": 0,
    "sellingAndMarketingExpenses": 0,
    "sellingGeneralAndAdministrativeExpenses": 0,
    "otherExpenses": 86000000,
    "operatingExpenses": 86000000,
    "costAndExpenses": 4009000000,
    "interestIncome": 0,
    "interestExpense": 86000000,
    "depreciationAndAmortization": 128000000,
    "ebitda": 718000000,
    "ebitdaratio": 0.159095945,
    "operatingIncome": 590000000,
    "operatingIncomeRatio": 0.1307334367,
    "totalOtherIncomeExpensesNet": -86000000,
    "incomeBeforeTax": 504000000,
    "incomeBeforeTaxRatio": 0.1116773765,
    "incomeTaxExpense": 83000000,
    "netIncome": 421000000,
    "netIncomeRatio": 0.0932860625,
    "eps": 1.03,
    "epsdiluted": 1.01,
    "weightedAverageShsOut": 406900000,
    "weightedAverageShsOutDil": 415900000,
    "link": "https://www.sec.gov/Archives/edgar/data/874766/000087476616000046/0000874766-16-000046-index.htm",
    "finalLink": "https://www.sec.gov/Archives/edgar/data/874766/000087476616000046/hig1231201510-kdocument.htm"
  },
  {
    "date": "2015-09-30",
    "symbol": "HIG",
    "reportedCurrency": "USD",
    "cik": "0000874766",
    "fillingDate": "2015-10-26",
    "acceptedDate": "2015-10-26 16:36:02",
    "calendarYear": "2015",
    "period": "Q3",
    "revenue": 4562000000,
    "costOfRevenue": 4095000000,
    "grossProfit": 467000000,
    "grossProfitRatio": 0.1023673827,
    "researchAndDevelopmentExpenses": 0,
    "generalAndAdministrativeExpenses": 0,
    "sellingAndMarketingExpenses": 0,
    "sellingGeneralAndAdministrativeExpenses": 0,
    "otherExpenses": 88000000,
    "operatingExpenses": 88000000,
    "costAndExpenses": 4183000000,
    "interestIncome": 0,
    "interestExpense": 88000000,
    "depreciationAndAmortization": 72000000,
    "ebitda": 539000000,
    "ebitdaratio": 0.1181499342,
    "operatingIncome": 467000000,
    "operatingIncomeRatio": 0.1023673827,
    "totalOtherIncomeExpensesNet": -88000000,
    "incomeBeforeTax": 379000000,
    "incomeBeforeTaxRatio": 0.0830775975,
    "incomeTaxExpense": 7000000,
    "netIncome": 381000000,
    "netIncomeRatio": 0.0835160018,
    "eps": 0.92,
    "epsdiluted": 0.9,
    "weightedAverageShsOut": 413800000,
    "weightedAverageShsOutDil": 423000000,
    "link": "https://www.sec.gov/Archives/edgar/data/874766/000087476615000035/0000874766-15-000035-index.htm",
    "finalLink": "https://www.sec.gov/Archives/edgar/data/874766/000087476615000035/hig9302015-10xqdocument.htm"
  },
  {
    "date": "2015-06-30",
    "symbol": "HIG",
    "reportedCurrency": "USD",
    "cik": "0000874766",
    "fillingDate": "2015-07-27",
    "acceptedDate": "2015-07-27 16:14:51",
    "calendarYear": "2015",
    "period": "Q2",
    "revenue": 4685000000,
    "costOfRevenue": 4105000000,
    "grossProfit": 580000000,
    "grossProfitRatio": 0.1237993597,
    "researchAndDevelopmentExpenses": 0,
    "generalAndAdministrativeExpenses": 0,
    "sellingAndMarketingExpenses": 0,
    "sellingGeneralAndAdministrativeExpenses": 0,
    "otherExpenses": 110000000,
    "operatingExpenses": 110000000,
    "costAndExpenses": 4215000000,
    "interestIncome": 0,
    "interestExpense": 89000000,
    "depreciationAndAmortization": 72000000,
    "ebitda": 631000000,
    "ebitdaratio": 0.1346851654,
    "operatingIncome": 559000000,
    "operatingIncomeRatio": 0.1193169691,
    "totalOtherIncomeExpensesNet": -89000000,
    "incomeBeforeTax": 470000000,
    "incomeBeforeTaxRatio": 0.1003201708,
    "incomeTaxExpense": 57000000,
    "netIncome": 413000000,
    "netIncomeRatio": 0.088153682,
    "eps": 0.99,
    "epsdiluted": 0.96,
    "weightedAverageShsOut": 418700000,
    "weightedAverageShsOutDil": 428100000,
    "link": "https://www.sec.gov/Archives/edgar/data/874766/000087476615000029/0000874766-15-000029-index.htm",
    "finalLink": "https://www.sec.gov/Archives/edgar/data/874766/000087476615000029/hig6302015-10xqdocument.htm"
  },
  {
    "date": "2015-03-31",
    "symbol": "HIG",
    "reportedCurrency": "USD",
    "cik": "0000874766",
    "fillingDate": "2015-04-27",
    "acceptedDate": "2015-04-27 16:27:08",
    "calendarYear": "2015",
    "period": "Q1",
    "revenue": 4617000000,
    "costOfRevenue": 3898000000,
    "grossProfit": 719000000,
    "grossProfitRatio": 0.1557288282,
    "researchAndDevelopmentExpenses": 0,
    "generalAndAdministrativeExpenses": 0,
    "sellingAndMarketingExpenses": 0,
    "sellingGeneralAndAdministrativeExpenses": 0,
    "otherExpenses": 94000000,
    "operatingExpenses": 94000000,
    "costAndExpenses": 3992000000,
    "interestIncome": 0,
    "interestExpense": 94000000,
    "depreciationAndAmortization": 101000000,
    "ebitda": 820000000,
    "ebitdaratio": 0.1776045051,
    "operatingIncome": 719000000,
    "operatingIncomeRatio": 0.1557288282,
    "totalOtherIncomeExpensesNet": -94000000,
    "incomeBeforeTax": 625000000,
    "incomeBeforeTaxRatio": 0.1353692874,
    "incomeTaxExpense": 158000000,
    "netIncome": 467000000,
    "netIncomeRatio": 0.1011479316,
    "eps": 1.11,
    "epsdiluted": 1.08,
    "weightedAverageShsOut": 422600000,
    "weightedAverageShsOutDil": 433700000,
    "link": "https://www.sec.gov/Archives/edgar/data/874766/000087476615000021/0000874766-15-000021-index.htm",
    "finalLink": "https://www.sec.gov/Archives/edgar/data/874766/000087476615000021/hig3312015-10xqdocument.htm"
  },
  {
    "date": "2014-12-31",
    "symbol": "HIG",
    "reportedCurrency": "USD",
    "cik": "0000874766",
    "fillingDate": "2015-02-27",
    "acceptedDate": "2015-02-27 16:10:45",
    "calendarYear": "2014",
    "period": "Q4",
    "revenue": 4617000000,
    "costOfRevenue": 4079000000,
    "grossProfit": 538000000,
    "grossProfitRatio": 0.1165258826,
    "researchAndDevelopmentExpenses": 0,
    "generalAndAdministrativeExpenses": 0,
    "sellingAndMarketingExpenses": 0,
    "sellingGeneralAndAdministrativeExpenses": 0,
    "otherExpenses": 94000000,
    "operatingExpenses": 94000000,
    "costAndExpenses": 4173000000,
    "interestIncome": 0,
    "interestExpense": 94000000,
    "depreciationAndAmortization": 124000000,
    "ebitda": 662000000,
    "ebitdaratio": 0.1433831492,
    "operatingIncome": 538000000,
    "operatingIncomeRatio": 0.1165258826,
    "totalOtherIncomeExpensesNet": -94000000,
    "incomeBeforeTax": 444000000,
    "incomeBeforeTaxRatio": 0.0961663418,
    "incomeTaxExpense": 99000000,
    "netIncome": 382000000,
    "netIncomeRatio": 0.0827377085,
    "eps": 0.89,
    "epsdiluted": 0.86,
    "weightedAverageShsOut": 429600000,
    "weightedAverageShsOutDil": 442600000,
    "link": "https://www.sec.gov/Archives/edgar/data/874766/000087476615000013/0000874766-15-000013-index.htm",
    "finalLink": "https://www.sec.gov/Archives/edgar/data/874766/000087476615000013/hig1231201410-kdocument.htm"
  },
  {
    "date": "2014-09-30",
    "symbol": "HIG",
    "reportedCurrency": "USD",
    "cik": "0000874766",
    "fillingDate": "2014-10-27",
    "acceptedDate": "2014-10-27 16:31:10",
    "calendarYear": "2014",
    "period": "Q3",
    "revenue": 4769000000,
    "costOfRevenue": 4180000000,
    "grossProfit": 589000000,
    "grossProfitRatio": 0.1235059761,
    "researchAndDevelopmentExpenses": 0,
    "generalAndAdministrativeExpenses": 0,
    "sellingAndMarketingExpenses": 0,
    "sellingGeneralAndAdministrativeExpenses": 0,
    "otherExpenses": 93000000,
    "operatingExpenses": 93000000,
    "costAndExpenses": 4273000000,
    "interestIncome": 0,
    "interestExpense": 93000000,
    "depreciationAndAmortization": 92000000,
    "ebitda": 681000000,
    "ebitdaratio": 0.1427972321,
    "operatingIncome": 589000000,
    "operatingIncomeRatio": 0.1235059761,
    "totalOtherIncomeExpensesNet": -93000000,
    "incomeBeforeTax": 496000000,
    "incomeBeforeTaxRatio": 0.1040050325,
    "incomeTaxExpense": 108000000,
    "netIncome": 388000000,
    "netIncomeRatio": 0.0813587754,
    "eps": 0.89,
    "epsdiluted": 0.86,
    "weightedAverageShsOut": 437200000,
    "weightedAverageShsOutDil": 450800000,
    "link": "https://www.sec.gov/Archives/edgar/data/874766/000087476614000048/0000874766-14-000048-index.htm",
    "finalLink": "https://www.sec.gov/Archives/edgar/data/874766/000087476614000048/hig09302014-10xqdocument.htm"
  },
  {
    "date": "2014-06-30",
    "symbol": "HIG",
    "reportedCurrency": "USD",
    "cik": "0000874766",
    "fillingDate": "2014-07-30",
    "acceptedDate": "2014-07-30 16:42:48",
    "calendarYear": "2014",
    "period": "Q2",
    "revenue": 4616000000,
    "costOfRevenue": 4372000000,
    "grossProfit": 244000000,
    "grossProfitRatio": 0.0528596187,
    "researchAndDevelopmentExpenses": 0,
    "generalAndAdministrativeExpenses": 0,
    "sellingAndMarketingExpenses": 0,
    "sellingGeneralAndAdministrativeExpenses": 0,
    "otherExpenses": 94000000,
    "operatingExpenses": 94000000,
    "costAndExpenses": 4466000000,
    "interestIncome": 0,
    "interestExpense": 94000000,
    "depreciationAndAmortization": 0,
    "ebitda": 244000000,
    "ebitdaratio": 0.0528596187,
    "operatingIncome": 244000000,
    "operatingIncomeRatio": 0.0528596187,
    "totalOtherIncomeExpensesNet": -94000000,
    "incomeBeforeTax": 150000000,
    "incomeBeforeTaxRatio": 0.0324956672,
    "incomeTaxExpense": 0,
    "netIncome": -467000000,
    "netIncomeRatio": -0.101169844,
    "eps": -1.04,
    "epsdiluted": -1,
    "weightedAverageShsOut": 450600000,
    "weightedAverageShsOutDil": 467900000,
    "link": "https://www.sec.gov/Archives/edgar/data/874766/000087476614000037/0000874766-14-000037-index.htm",
    "finalLink": "https://www.sec.gov/Archives/edgar/data/874766/000087476614000037/hig0630201410-qdocument.htm"
  },
  {
    "date": "2014-03-31",
    "symbol": "HIG",
    "reportedCurrency": "USD",
    "cik": "0000874766",
    "fillingDate": "2014-04-30",
    "acceptedDate": "2014-04-30 17:18:03",
    "calendarYear": "2014",
    "period": "Q1",
    "revenue": 4612000000,
    "costOfRevenue": 3908000000,
    "grossProfit": 704000000,
    "grossProfitRatio": 0.1526452732,
    "researchAndDevelopmentExpenses": 0,
    "generalAndAdministrativeExpenses": 0,
    "sellingAndMarketingExpenses": 0,
    "sellingGeneralAndAdministrativeExpenses": 0,
    "otherExpenses": 95000000,
    "operatingExpenses": 95000000,
    "costAndExpenses": 4003000000,
    "interestIncome": 0,
    "interestExpense": 95000000,
    "depreciationAndAmortization": 60000000,
    "ebitda": 764000000,
    "ebitdaratio": 0.1656548135,
    "operatingIncome": 704000000,
    "operatingIncomeRatio": 0.1526452732,
    "totalOtherIncomeExpensesNet": -95000000,
    "incomeBeforeTax": 609000000,
    "incomeBeforeTaxRatio": 0.1320468343,
    "incomeTaxExpense": 143000000,
    "netIncome": 495000000,
    "netIncomeRatio": 0.1073287077,
    "eps": 1.1,
    "epsdiluted": 1.03,
    "weightedAverageShsOut": 449800000,
    "weightedAverageShsOutDil": 478600000,
    "link": "https://www.sec.gov/Archives/edgar/data/874766/000087476614000016/0000874766-14-000016-index.htm",
    "finalLink": "https://www.sec.gov/Archives/edgar/data/874766/000087476614000016/hig0331201410-qdocument.htm"
  },
  {
    "date": "2013-12-31",
    "symbol": "HIG",
    "reportedCurrency": "USD",
    "cik": "0000874766",
    "fillingDate": "2014-02-28",
    "acceptedDate": "2014-02-28 16:48:19",
    "calendarYear": "2013",
    "period": "Q4",
    "revenue": 6087000000,
    "costOfRevenue": 5614000000,
    "grossProfit": 473000000,
    "grossProfitRatio": 0.0777065878,
    "researchAndDevelopmentExpenses": 0,
    "generalAndAdministrativeExpenses": 0,
    "sellingAndMarketingExpenses": 0,
    "sellingGeneralAndAdministrativeExpenses": 0,
    "otherExpenses": 96000000,
    "operatingExpenses": 96000000,
    "costAndExpenses": 5710000000,
    "interestIncome": 0,
    "interestExpense": 96000000,
    "depreciationAndAmortization": 49000000,
    "ebitda": 522000000,
    "ebitdaratio": 0.0857565303,
    "operatingIncome": 473000000,
    "operatingIncomeRatio": 0.0777065878,
    "totalOtherIncomeExpensesNet": -96000000,
    "incomeBeforeTax": 377000000,
    "incomeBeforeTaxRatio": 0.0619352719,
    "incomeTaxExpense": 61000000,
    "netIncome": 314000000,
    "netIncomeRatio": 0.0515853458,
    "eps": 0.7,
    "epsdiluted": 0.65,
    "weightedAverageShsOut": 451100000,
    "weightedAverageShsOutDil": 486100000,
    "link": "https://www.sec.gov/Archives/edgar/data/874766/000087476614000007/0000874766-14-000007-index.htm",
    "finalLink": "https://www.sec.gov/Archives/edgar/data/874766/000087476614000007/hig1231201310-kdocument.htm"
  },
  {
    "date": "2013-09-30",
    "symbol": "HIG",
    "reportedCurrency": "USD",
    "cik": "0000874766",
    "fillingDate": "2013-10-28",
    "acceptedDate": "2013-10-28 17:07:02",
    "calendarYear": "2013",
    "period": "Q3",
    "revenue": 4862000000,
    "costOfRevenue": 4322000000,
    "grossProfit": 540000000,
    "grossProfitRatio": 0.1110654052,
    "researchAndDevelopmentExpenses": 0,
    "generalAndAdministrativeExpenses": 0,
    "sellingAndMarketingExpenses": 0,
    "sellingGeneralAndAdministrativeExpenses": 0,
    "otherExpenses": 94000000,
    "operatingExpenses": 94000000,
    "costAndExpenses": 4416000000,
    "interestIncome": 0,
    "interestExpense": 94000000,
    "depreciationAndAmortization": 83000000,
    "ebitda": 623000000,
    "ebitdaratio": 0.1281365693,
    "operatingIncome": 540000000,
    "operatingIncomeRatio": 0.1110654052,
    "totalOtherIncomeExpensesNet": -94000000,
    "incomeBeforeTax": 446000000,
    "incomeBeforeTaxRatio": 0.0917317976,
    "incomeTaxExpense": 81000000,
    "netIncome": 293000000,
    "netIncomeRatio": 0.0602632661,
    "eps": 0.65,
    "epsdiluted": 0.6,
    "weightedAverageShsOut": 452100000,
    "weightedAverageShsOutDil": 490600000,
    "link": "https://www.sec.gov/Archives/edgar/data/874766/000087476613000066/0000874766-13-000066-index.htm",
    "finalLink": "https://www.sec.gov/Archives/edgar/data/874766/000087476613000066/hig10-q09302013document.htm"
  },
  {
    "date": "2013-06-30",
    "symbol": "HIG",
    "reportedCurrency": "USD",
    "cik": "0000874766",
    "fillingDate": "2013-07-29",
    "acceptedDate": "2013-07-29 16:25:03",
    "calendarYear": "2013",
    "period": "Q2",
    "revenue": 4734000000,
    "costOfRevenue": 4397000000,
    "grossProfit": 337000000,
    "grossProfitRatio": 0.0711871567,
    "researchAndDevelopmentExpenses": 0,
    "generalAndAdministrativeExpenses": 0,
    "sellingAndMarketingExpenses": 0,
    "sellingGeneralAndAdministrativeExpenses": 0,
    "otherExpenses": 100000000,
    "operatingExpenses": 100000000,
    "costAndExpenses": 4497000000,
    "interestIncome": 0,
    "interestExpense": 100000000,
    "depreciationAndAmortization": 5000000,
    "ebitda": 342000000,
    "ebitdaratio": 0.072243346,
    "operatingIncome": 337000000,
    "operatingIncomeRatio": 0.0711871567,
    "totalOtherIncomeExpensesNet": -100000000,
    "incomeBeforeTax": 237000000,
    "incomeBeforeTaxRatio": 0.0500633714,
    "incomeTaxExpense": 4000000,
    "netIncome": -190000000,
    "netIncomeRatio": -0.0401351922,
    "eps": -0.42,
    "epsdiluted": -0.42,
    "weightedAverageShsOut": 451400000,
    "weightedAverageShsOutDil": 451400000,
    "link": "https://www.sec.gov/Archives/edgar/data/874766/000087476613000046/0000874766-13-000046-index.htm",
    "finalLink": "https://www.sec.gov/Archives/edgar/data/874766/000087476613000046/hig10-q06302013document.htm"
  },
  {
    "date": "2013-03-31",
    "symbol": "HIG",
    "reportedCurrency": "USD",
    "cik": "0000874766",
    "fillingDate": "2013-04-29",
    "acceptedDate": "2013-04-29 16:36:39",
    "calendarYear": "2013",
    "period": "Q1",
    "revenue": 9024000000,
    "costOfRevenue": 9141000000,
    "grossProfit": -117000000,
    "grossProfitRatio": -0.0129654255,
    "researchAndDevelopmentExpenses": 0,
    "generalAndAdministrativeExpenses": 0,
    "sellingAndMarketingExpenses": 0,
    "sellingGeneralAndAdministrativeExpenses": 0,
    "otherExpenses": 320000000,
    "operatingExpenses": 320000000,
    "costAndExpenses": 9461000000,
    "interestIncome": 0,
    "interestExpense": 107000000,
    "depreciationAndAmortization": 52000000,
    "ebitda": -278000000,
    "ebitdaratio": -0.0308067376,
    "operatingIncome": -330000000,
    "operatingIncomeRatio": -0.0365691489,
    "totalOtherIncomeExpensesNet": -107000000,
    "incomeBeforeTax": -437000000,
    "incomeBeforeTaxRatio": -0.0484264184,
    "incomeTaxExpense": -197000000,
    "netIncome": -241000000,
    "netIncomeRatio": -0.0267065603,
    "eps": -0.55,
    "epsdiluted": -0.55,
    "weightedAverageShsOut": 436300000,
    "weightedAverageShsOutDil": 436300000,
    "link": "https://www.sec.gov/Archives/edgar/data/874766/000087476613000035/0000874766-13-000035-index.htm",
    "finalLink": "https://www.sec.gov/Archives/edgar/data/874766/000087476613000035/hig10-q03312013document.htm"
  },
  {
    "date": "2012-12-31",
    "symbol": "HIG",
    "reportedCurrency": "USD",
    "cik": "0000874766",
    "fillingDate": "2013-03-01",
    "acceptedDate": "2013-03-01 16:26:44",
    "calendarYear": "2012",
    "period": "Q4",
    "revenue": 7735000000,
    "costOfRevenue": 11766000000,
    "grossProfit": -4031000000,
    "grossProfitRatio": -0.5211376858,
    "researchAndDevelopmentExpenses": 0,
    "generalAndAdministrativeExpenses": 0,
    "sellingAndMarketingExpenses": 0,
    "sellingGeneralAndAdministrativeExpenses": 0,
    "otherExpenses": -3240000000,
    "operatingExpenses": -3240000000,
    "costAndExpenses": 8526000000,
    "interestIncome": 0,
    "interestExpense": 109000000,
    "depreciationAndAmortization": 101000000,
    "ebitda": -581000000,
    "ebitdaratio": -0.0751131222,
    "operatingIncome": -682000000,
    "operatingIncomeRatio": -0.0881706529,
    "totalOtherIncomeExpensesNet": -109000000,
    "incomeBeforeTax": -791000000,
    "incomeBeforeTaxRatio": -0.1022624434,
    "incomeTaxExpense": -358000000,
    "netIncome": -434000000,
    "netIncomeRatio": -0.0561085973,
    "eps": -0.99,
    "epsdiluted": -0.89,
    "weightedAverageShsOut": 436200000,
    "weightedAverageShsOutDil": 488900000,
    "link": "https://www.sec.gov/Archives/edgar/data/874766/000087476613000021/0000874766-13-000021-index.htm",
    "finalLink": "https://www.sec.gov/Archives/edgar/data/874766/000087476613000021/hig12311210-kdocument.htm"
  },
  {
    "date": "2012-09-30",
    "symbol": "HIG",
    "reportedCurrency": "USD",
    "cik": "0000874766",
    "fillingDate": "2012-11-01",
    "acceptedDate": "2012-11-01 16:25:59",
    "calendarYear": "2012",
    "period": "Q3",
    "revenue": 6332000000,
    "costOfRevenue": 6271000000,
    "grossProfit": 61000000,
    "grossProfitRatio": 0.0096336071,
    "researchAndDevelopmentExpenses": 0,
    "generalAndAdministrativeExpenses": 0,
    "sellingAndMarketingExpenses": 0,
    "sellingGeneralAndAdministrativeExpenses": 1275000000,
    "otherExpenses": -1166000000,
    "operatingExpenses": 109000000,
    "costAndExpenses": 6380000000,
    "interestIncome": 0,
    "interestExpense": 109000000,
    "depreciationAndAmortization": 116000000,
    "ebitda": 177000000,
    "ebitdaratio": 0.0279532533,
    "operatingIncome": 61000000,
    "operatingIncomeRatio": 0.0096336071,
    "totalOtherIncomeExpensesNet": -109000000,
    "incomeBeforeTax": -48000000,
    "incomeBeforeTaxRatio": -0.0075805433,
    "incomeTaxExpense": -41000000,
    "netIncome": 13000000,
    "netIncomeRatio": 0.0020530638,
    "eps": 0.92,
    "epsdiluted": 0.83,
    "weightedAverageShsOut": 435800000,
    "weightedAverageShsOutDil": 482700000,
    "link": "https://www.sec.gov/Archives/edgar/data/874766/000087476612000020/0000874766-12-000020-index.htm",
    "finalLink": "https://www.sec.gov/Archives/edgar/data/874766/000087476612000020/hig10-q9302012document.htm"
  },
  {
    "date": "2012-06-30",
    "symbol": "HIG",
    "reportedCurrency": "USD",
    "cik": "0000874766",
    "fillingDate": "2012-08-01",
    "acceptedDate": "2012-08-01 16:47:31",
    "calendarYear": "2012",
    "period": "Q2",
    "revenue": 4565000000,
    "costOfRevenue": 3814000000,
    "grossProfit": 751000000,
    "grossProfitRatio": 0.1645125958,
    "researchAndDevelopmentExpenses": 0,
    "generalAndAdministrativeExpenses": 0,
    "sellingAndMarketingExpenses": 0,
    "sellingGeneralAndAdministrativeExpenses": 1309000000,
    "otherExpenses": -284000000,
    "operatingExpenses": 1025000000,
    "costAndExpenses": 4839000000,
    "interestIncome": 0,
    "interestExpense": 115000000,
    "depreciationAndAmortization": 152000000,
    "ebitda": -7000000,
    "ebitdaratio": -0.0015334064,
    "operatingIncome": -159000000,
    "operatingIncomeRatio": -0.03483023,
    "totalOtherIncomeExpensesNet": -115000000,
    "incomeBeforeTax": -274000000,
    "incomeBeforeTaxRatio": -0.0600219058,
    "incomeTaxExpense": -166000000,
    "netIncome": -101000000,
    "netIncomeRatio": -0.0221248631,
    "eps": -0.23,
    "epsdiluted": -0.22,
    "weightedAverageShsOut": 438200000,
    "weightedAverageShsOutDil": 464800000,
    "link": "https://www.sec.gov/Archives/edgar/data/874766/000087476612000008/0000874766-12-000008-index.htm",
    "finalLink": "https://www.sec.gov/Archives/edgar/data/874766/000087476612000008/hig10-q6302012document.htm"
  },
  {
    "date": "2012-03-31",
    "symbol": "HIG",
    "reportedCurrency": "USD",
    "cik": "0000874766",
    "fillingDate": "2012-05-02",
    "acceptedDate": "2012-05-02 16:46:22",
    "calendarYear": "2012",
    "period": "Q1",
    "revenue": 7661000000,
    "costOfRevenue": 7535000000,
    "grossProfit": 126000000,
    "grossProfitRatio": 0.016446939,
    "researchAndDevelopmentExpenses": 0,
    "generalAndAdministrativeExpenses": 0,
    "sellingAndMarketingExpenses": 0,
    "sellingGeneralAndAdministrativeExpenses": 1312000000,
    "otherExpenses": -1188000000,
    "operatingExpenses": 124000000,
    "costAndExpenses": 7659000000,
    "interestIncome": 0,
    "interestExpense": 124000000,
    "depreciationAndAmortization": 98000000,
    "ebitda": 224000000,
    "ebitdaratio": 0.0292390027,
    "operatingIncome": 126000000,
    "operatingIncomeRatio": 0.016446939,
    "totalOtherIncomeExpensesNet": -124000000,
    "incomeBeforeTax": 2000000,
    "incomeBeforeTaxRatio": 0.0002610625,
    "incomeTaxExpense": -95000000,
    "netIncome": 96000000,
    "netIncomeRatio": 0.0125310012,
    "eps": 0.2,
    "epsdiluted": 0.18,
    "weightedAverageShsOut": 440700000,
    "weightedAverageShsOutDil": 469000000,
    "link": "https://www.sec.gov/Archives/edgar/data/874766/000119312512204851/0001193125-12-204851-index.htm",
    "finalLink": "https://www.sec.gov/Archives/edgar/data/874766/000119312512204851/d327956d10q.htm"
  },
  {
    "date": "2011-12-31",
    "symbol": "HIG",
    "reportedCurrency": "USD",
    "cik": "0000874766",
    "fillingDate": "2012-02-24",
    "acceptedDate": "2012-02-24 16:34:45",
    "calendarYear": "2011",
    "period": "Q4",
    "revenue": 5638000000,
    "costOfRevenue": 3789000000,
    "grossProfit": 1849000000,
    "grossProfitRatio": 0.3279531749,
    "researchAndDevelopmentExpenses": 0,
    "generalAndAdministrativeExpenses": 0,
    "sellingAndMarketingExpenses": 0,
    "sellingGeneralAndAdministrativeExpenses": 995000000,
    "otherExpenses": 762000000,
    "operatingExpenses": 1757000000,
    "costAndExpenses": 5546000000,
    "interestIncome": 0,
    "interestExpense": 124000000,
    "depreciationAndAmortization": 136000000,
    "ebitda": 352000000,
    "ebitdaratio": 0.0624334871,
    "operatingIncome": 216000000,
    "operatingIncomeRatio": 0.038311458,
    "totalOtherIncomeExpensesNet": -124000000,
    "incomeBeforeTax": 92000000,
    "incomeBeforeTaxRatio": 0.0163178432,
    "incomeTaxExpense": -34000000,
    "netIncome": 127000000,
    "netIncomeRatio": 0.0225257183,
    "eps": 0.29,
    "epsdiluted": 0.29,
    "weightedAverageShsOut": 440700000,
    "weightedAverageShsOutDil": 440700000,
    "link": "https://www.sec.gov/Archives/edgar/data/874766/000095012312003120/0000950123-12-003120-index.htm",
    "finalLink": "https://www.sec.gov/Archives/edgar/data/874766/000095012312003120/c25396e10vk.htm"
  },
  {
    "date": "2011-09-30",
    "symbol": "HIG",
    "reportedCurrency": "USD",
    "cik": "0000874766",
    "fillingDate": "2011-11-02",
    "acceptedDate": "2011-11-02 16:44:47",
    "calendarYear": "2011",
    "period": "Q3",
    "revenue": 4520000000,
    "costOfRevenue": 3122000000,
    "grossProfit": 1398000000,
    "grossProfitRatio": 0.3092920354,
    "researchAndDevelopmentExpenses": 0,
    "generalAndAdministrativeExpenses": 0,
    "sellingAndMarketingExpenses": 0,
    "sellingGeneralAndAdministrativeExpenses": 1287000000,
    "otherExpenses": 128000000,
    "operatingExpenses": 1415000000,
    "costAndExpenses": 4537000000,
    "interestIncome": 0,
    "interestExpense": 128000000,
    "depreciationAndAmortization": 148000000,
    "ebitda": 259000000,
    "ebitdaratio": 0.057300885,
    "operatingIncome": 111000000,
    "operatingIncomeRatio": 0.0245575221,
    "totalOtherIncomeExpensesNet": -128000000,
    "incomeBeforeTax": -17000000,
    "incomeBeforeTaxRatio": -0.0037610619,
    "incomeTaxExpense": -74000000,
    "netIncome": 60000000,
    "netIncomeRatio": 0.0132743363,
    "eps": -0.0067,
    "epsdiluted": -0.0067,
    "weightedAverageShsOut": 445300000,
    "weightedAverageShsOutDil": 445300000,
    "link": "https://www.sec.gov/Archives/edgar/data/874766/000095012311094382/0000950123-11-094382-index.htm",
    "finalLink": "https://www.sec.gov/Archives/edgar/data/874766/000095012311094382/c22918e10vq.htm"
  },
  {
    "date": "2011-06-30",
    "symbol": "HIG",
    "reportedCurrency": "USD",
    "cik": "0000874766",
    "fillingDate": "2011-08-03",
    "acceptedDate": "2011-08-03 16:53:19",
    "calendarYear": "2011",
    "period": "Q2",
    "revenue": 5401000000,
    "costOfRevenue": 3379000000,
    "grossProfit": 2022000000,
    "grossProfitRatio": 0.3743751157,
    "researchAndDevelopmentExpenses": 0,
    "generalAndAdministrativeExpenses": 0,
    "sellingAndMarketingExpenses": 0,
    "sellingGeneralAndAdministrativeExpenses": 1452000000,
    "otherExpenses": 720000000,
    "operatingExpenses": 2172000000,
    "costAndExpenses": 5551000000,
    "interestIncome": 0,
    "interestExpense": 128000000,
    "depreciationAndAmortization": 256000000,
    "ebitda": 234000000,
    "ebitdaratio": 0.0433253101,
    "operatingIncome": -22000000,
    "operatingIncomeRatio": -0.0040733198,
    "totalOtherIncomeExpensesNet": -128000000,
    "incomeBeforeTax": -150000000,
    "incomeBeforeTaxRatio": -0.0277726347,
    "incomeTaxExpense": -263000000,
    "netIncome": 33000000,
    "netIncomeRatio": 0.0061099796,
    "eps": 0.03,
    "epsdiluted": 0.03,
    "weightedAverageShsOut": 445100000,
    "weightedAverageShsOutDil": 482400000,
    "link": "https://www.sec.gov/Archives/edgar/data/874766/000095012311072278/0000950123-11-072278-index.htm",
    "finalLink": "https://www.sec.gov/Archives/edgar/data/874766/000095012311072278/c17471e10vq.htm"
  },
  {
    "date": "2011-03-31",
    "symbol": "HIG",
    "reportedCurrency": "USD",
    "cik": "0000874766",
    "fillingDate": "2011-05-02",
    "acceptedDate": "2011-05-02 16:44:22",
    "calendarYear": "2011",
    "period": "Q1",
    "revenue": 6300000000,
    "costOfRevenue": 3981000000,
    "grossProfit": 2319000000,
    "grossProfitRatio": 0.3680952381,
    "researchAndDevelopmentExpenses": 0,
    "generalAndAdministrativeExpenses": 0,
    "sellingAndMarketingExpenses": 0,
    "sellingGeneralAndAdministrativeExpenses": 1354000000,
    "otherExpenses": 578000000,
    "operatingExpenses": 1932000000,
    "costAndExpenses": 5913000000,
    "interestIncome": 0,
    "interestExpense": 128000000,
    "depreciationAndAmortization": 128000000,
    "ebitda": 643000000,
    "ebitdaratio": 0.1020634921,
    "operatingIncome": 515000000,
    "operatingIncomeRatio": 0.0817460317,
    "totalOtherIncomeExpensesNet": -128000000,
    "incomeBeforeTax": 387000000,
    "incomeBeforeTaxRatio": 0.0614285714,
    "incomeTaxExpense": 48000000,
    "netIncome": 501000000,
    "netIncomeRatio": 0.0795238095,
    "eps": 1.13,
    "epsdiluted": 1.01,
    "weightedAverageShsOut": 444600000,
    "weightedAverageShsOutDil": 508200000,
    "link": "https://www.sec.gov/Archives/edgar/data/874766/000095012311042991/0000950123-11-042991-index.htm",
    "finalLink": "https://www.sec.gov/Archives/edgar/data/874766/000095012311042991/c14716e10vq.htm"
  },
  {
    "date": "2010-12-31",
    "symbol": "HIG",
    "reportedCurrency": "USD",
    "cik": "0000874766",
    "fillingDate": "2011-02-25",
    "acceptedDate": "2011-02-25 17:41:09",
    "calendarYear": "2010",
    "period": "Q4",
    "revenue": 6055000000,
    "costOfRevenue": 3132000000,
    "grossProfit": 2923000000,
    "grossProfitRatio": 0.4827415359,
    "researchAndDevelopmentExpenses": 0,
    "generalAndAdministrativeExpenses": 0,
    "sellingAndMarketingExpenses": 0,
    "sellingGeneralAndAdministrativeExpenses": 1202000000,
    "otherExpenses": 907000000,
    "operatingExpenses": 2109000000,
    "costAndExpenses": 5241000000,
    "interestIncome": 0,
    "interestExpense": 128000000,
    "depreciationAndAmortization": 147000000,
    "ebitda": 1089000000,
    "ebitdaratio": 0.1798513625,
    "operatingIncome": 942000000,
    "operatingIncomeRatio": 0.1555739059,
    "totalOtherIncomeExpensesNet": -128000000,
    "incomeBeforeTax": 814000000,
    "incomeBeforeTaxRatio": 0.1344343518,
    "incomeTaxExpense": 195000000,
    "netIncome": 619000000,
    "netIncomeRatio": 0.1022295623,
    "eps": 1.39,
    "epsdiluted": 1.39,
    "weightedAverageShsOut": 444400000,
    "weightedAverageShsOutDil": 444600000,
    "link": "https://www.sec.gov/Archives/edgar/data/874766/000095012311018937/0000950123-11-018937-index.htm",
    "finalLink": "https://www.sec.gov/Archives/edgar/data/874766/000095012311018937/c13002e10vk.htm"
  },
  {
    "date": "2010-09-30",
    "symbol": "HIG",
    "reportedCurrency": "USD",
    "cik": "0000874766",
    "fillingDate": "2010-11-02",
    "acceptedDate": "2010-11-02 16:59:26",
    "calendarYear": "2010",
    "period": "Q3",
    "revenue": 6602000000,
    "costOfRevenue": 4080000000,
    "grossProfit": 2522000000,
    "grossProfitRatio": 0.3820054529,
    "researchAndDevelopmentExpenses": 0,
    "generalAndAdministrativeExpenses": 0,
    "sellingAndMarketingExpenses": 0,
    "sellingGeneralAndAdministrativeExpenses": 1046000000,
    "otherExpenses": 559000000,
    "operatingExpenses": 1605000000,
    "costAndExpenses": 5685000000,
    "interestIncome": 0,
    "interestExpense": 128000000,
    "depreciationAndAmortization": 134000000,
    "ebitda": 1179000000,
    "ebitdaratio": 0.1785822478,
    "operatingIncome": 1045000000,
    "operatingIncomeRatio": 0.1582853681,
    "totalOtherIncomeExpensesNet": -128000000,
    "incomeBeforeTax": 917000000,
    "incomeBeforeTaxRatio": 0.1388973038,
    "incomeTaxExpense": 252000000,
    "netIncome": 666000000,
    "netIncomeRatio": 0.1008785217,
    "eps": 1.48,
    "epsdiluted": 1.34,
    "weightedAverageShsOut": 444100000,
    "weightedAverageShsOutDil": 495300000,
    "link": "https://www.sec.gov/Archives/edgar/data/874766/000095012310099502/0000950123-10-099502-index.htm",
    "finalLink": "https://www.sec.gov/Archives/edgar/data/874766/000095012310099502/c06535e10vq.htm"
  },
  {
    "date": "2010-06-30",
    "symbol": "HIG",
    "reportedCurrency": "USD",
    "cik": "0000874766",
    "fillingDate": "2010-08-04",
    "acceptedDate": "2010-08-04 16:36:17",
    "calendarYear": "2010",
    "period": "Q2",
    "revenue": 3265000000,
    "costOfRevenue": 943000000,
    "grossProfit": 2322000000,
    "grossProfitRatio": 0.711179173,
    "researchAndDevelopmentExpenses": 0,
    "generalAndAdministrativeExpenses": 0,
    "sellingAndMarketingExpenses": 0,
    "sellingGeneralAndAdministrativeExpenses": 1111000000,
    "otherExpenses": 1067000000,
    "operatingExpenses": 2178000000,
    "costAndExpenses": 3121000000,
    "interestIncome": 0,
    "interestExpense": 132000000,
    "depreciationAndAmortization": 171000000,
    "ebitda": 447000000,
    "ebitdaratio": 0.136906585,
    "operatingIncome": 276000000,
    "operatingIncomeRatio": 0.084532925,
    "totalOtherIncomeExpensesNet": -132000000,
    "incomeBeforeTax": 144000000,
    "incomeBeforeTaxRatio": 0.0441041348,
    "incomeTaxExpense": -31000000,
    "netIncome": 76000000,
    "netIncomeRatio": 0.0232771822,
    "eps": 0.15,
    "epsdiluted": 0.14,
    "weightedAverageShsOut": 443900000,
    "weightedAverageShsOutDil": 480200000,
    "link": "https://www.sec.gov/Archives/edgar/data/874766/000095012310072523/0000950123-10-072523-index.htm",
    "finalLink": "https://www.sec.gov/Archives/edgar/data/874766/000095012310072523/c03427e10vq.htm"
  },
  {
    "date": "2010-03-31",
    "symbol": "HIG",
    "reportedCurrency": "USD",
    "cik": "0000874766",
    "fillingDate": "2010-04-29",
    "acceptedDate": "2010-04-29 16:42:10",
    "calendarYear": "2010",
    "period": "Q1",
    "revenue": 6257000000,
    "costOfRevenue": 3834000000,
    "grossProfit": 2423000000,
    "grossProfitRatio": 0.3872462842,
    "researchAndDevelopmentExpenses": 0,
    "generalAndAdministrativeExpenses": 0,
    "sellingAndMarketingExpenses": 0,
    "sellingGeneralAndAdministrativeExpenses": 1121000000,
    "otherExpenses": 767000000,
    "operatingExpenses": 1888000000,
    "costAndExpenses": 5722000000,
    "interestIncome": 0,
    "interestExpense": 120000000,
    "depreciationAndAmortization": 144000000,
    "ebitda": 799000000,
    "ebitdaratio": 0.1276969794,
    "operatingIncome": 655000000,
    "operatingIncomeRatio": 0.1046827553,
    "totalOtherIncomeExpensesNet": -120000000,
    "incomeBeforeTax": 535000000,
    "incomeBeforeTaxRatio": 0.0855042353,
    "incomeTaxExpense": 216000000,
    "netIncome": 319000000,
    "netIncomeRatio": 0.0509828992,
    "eps": 0.81,
    "epsdiluted": 0.81,
    "weightedAverageShsOut": 393700000,
    "weightedAverageShsOutDil": 393700000,
    "link": "https://www.sec.gov/Archives/edgar/data/874766/000095012310040660/0000950123-10-040660-index.htm",
    "finalLink": "https://www.sec.gov/Archives/edgar/data/874766/000095012310040660/c99142e10vq.htm"
  },
  {
    "date": "2009-12-31",
    "symbol": "HIG",
    "reportedCurrency": "USD",
    "cik": "0000874766",
    "fillingDate": "2010-02-23",
    "acceptedDate": "2010-02-23 16:14:57",
    "calendarYear": "2009",
    "period": "Q4",
    "revenue": 6440000000,
    "costOfRevenue": 3783000000,
    "grossProfit": 2657000000,
    "grossProfitRatio": 0.4125776398,
    "researchAndDevelopmentExpenses": 0,
    "generalAndAdministrativeExpenses": 0,
    "sellingAndMarketingExpenses": 0,
    "sellingGeneralAndAdministrativeExpenses": 947000000,
    "otherExpenses": 982000000,
    "operatingExpenses": 1929000000,
    "costAndExpenses": 5712000000,
    "interestIncome": 0,
    "interestExpense": 119000000,
    "depreciationAndAmortization": 110000000,
    "ebitda": 957000000,
    "ebitdaratio": 0.1486024845,
    "operatingIncome": 847000000,
    "operatingIncomeRatio": 0.1315217391,
    "totalOtherIncomeExpensesNet": -119000000,
    "incomeBeforeTax": 728000000,
    "incomeBeforeTaxRatio": 0.1130434783,
    "incomeTaxExpense": 171000000,
    "netIncome": 557000000,
    "netIncomeRatio": 0.0864906832,
    "eps": 1.41,
    "epsdiluted": 1.41,
    "weightedAverageShsOut": 382900000,
    "weightedAverageShsOutDil": 393700000,
    "link": "https://www.sec.gov/Archives/edgar/data/874766/000095012310015756/0000950123-10-015756-index.htm",
    "finalLink": "https://www.sec.gov/Archives/edgar/data/874766/000095012310015756/c96333e10vk.htm"
  },
  {
    "date": "2009-09-30",
    "symbol": "HIG",
    "reportedCurrency": "USD",
    "cik": "0000874766",
    "fillingDate": "2009-11-03",
    "acceptedDate": "2009-11-03 16:36:18",
    "calendarYear": "2009",
    "period": "Q3",
    "revenue": 5230000000,
    "costOfRevenue": 3708000000,
    "grossProfit": 1522000000,
    "grossProfitRatio": 0.2910133843,
    "researchAndDevelopmentExpenses": 0,
    "generalAndAdministrativeExpenses": 0,
    "sellingAndMarketingExpenses": 0,
    "sellingGeneralAndAdministrativeExpenses": 1174000000,
    "otherExpenses": 805000000,
    "operatingExpenses": 1979000000,
    "costAndExpenses": 5687000000,
    "interestIncome": 0,
    "interestExpense": 118000000,
    "depreciationAndAmortization": 101000000,
    "ebitda": -238000000,
    "ebitdaratio": -0.0455066922,
    "operatingIncome": -339000000,
    "operatingIncomeRatio": -0.0648183556,
    "totalOtherIncomeExpensesNet": -118000000,
    "incomeBeforeTax": -457000000,
    "incomeBeforeTaxRatio": -0.0873804971,
    "incomeTaxExpense": -237000000,
    "netIncome": -220000000,
    "netIncomeRatio": -0.0420650096,
    "eps": -0.62,
    "epsdiluted": -0.62,
    "weightedAverageShsOut": 356100000,
    "weightedAverageShsOutDil": 356100000,
    "link": "https://www.sec.gov/Archives/edgar/data/874766/000095012309056913/0000950123-09-056913-index.htm",
    "finalLink": "https://www.sec.gov/Archives/edgar/data/874766/000095012309056913/c91625e10vq.htm"
  },
  {
    "date": "2009-06-30",
    "symbol": "HIG",
    "reportedCurrency": "USD",
    "cik": "0000874766",
    "fillingDate": "2009-07-29",
    "acceptedDate": "2009-07-29 17:23:39",
    "calendarYear": "2009",
    "period": "Q2",
    "revenue": 7637000000,
    "costOfRevenue": 3092000000,
    "grossProfit": 4545000000,
    "grossProfitRatio": 0.5951289773,
    "researchAndDevelopmentExpenses": 0,
    "generalAndAdministrativeExpenses": 0,
    "sellingAndMarketingExpenses": 0,
    "sellingGeneralAndAdministrativeExpenses": 959000000,
    "otherExpenses": 3568000000,
    "operatingExpenses": 4527000000,
    "costAndExpenses": 7619000000,
    "interestIncome": 0,
    "interestExpense": 119000000,
    "depreciationAndAmortization": 122000000,
    "ebitda": 259000000,
    "ebitdaratio": 0.0339138405,
    "operatingIncome": 137000000,
    "operatingIncomeRatio": 0.0179389813,
    "totalOtherIncomeExpensesNet": -119000000,
    "incomeBeforeTax": 18000000,
    "incomeBeforeTaxRatio": 0.0023569464,
    "incomeTaxExpense": 33000000,
    "netIncome": -15000000,
    "netIncomeRatio": -0.001964122,
    "eps": -0.0461,
    "epsdiluted": -0.0461,
    "weightedAverageShsOut": 325400000,
    "weightedAverageShsOutDil": 325400000,
    "link": "https://www.sec.gov/Archives/edgar/data/874766/000095012309027086/0000950123-09-027086-index.htm",
    "finalLink": "https://www.sec.gov/Archives/edgar/data/874766/000095012309027086/c88371e10vq.htm"
  },
  {
    "date": "2009-03-31",
    "symbol": "HIG",
    "reportedCurrency": "USD",
    "cik": "0000874766",
    "fillingDate": "2009-04-30",
    "acceptedDate": "2009-04-30 17:16:25",
    "calendarYear": "2009",
    "period": "Q1",
    "revenue": 5394000000,
    "costOfRevenue": 5361000000,
    "grossProfit": 33000000,
    "grossProfitRatio": 0.0061179088,
    "researchAndDevelopmentExpenses": 0,
    "generalAndAdministrativeExpenses": 0,
    "sellingAndMarketingExpenses": 0,
    "sellingGeneralAndAdministrativeExpenses": 898000000,
    "otherExpenses": 1152000000,
    "operatingExpenses": 2050000000,
    "costAndExpenses": 7411000000,
    "interestIncome": 0,
    "interestExpense": 120000000,
    "depreciationAndAmortization": 137000000,
    "ebitda": -1760000000,
    "ebitdaratio": -0.3262884687,
    "operatingIncome": -1897000000,
    "operatingIncomeRatio": -0.3516870597,
    "totalOtherIncomeExpensesNet": -120000000,
    "incomeBeforeTax": -2017000000,
    "incomeBeforeTaxRatio": -0.3739340007,
    "incomeTaxExpense": -808000000,
    "netIncome": -1209000000,
    "netIncomeRatio": -0.224137931,
    "eps": -3.77,
    "epsdiluted": -3.77,
    "weightedAverageShsOut": 320800000,
    "weightedAverageShsOutDil": 320800000,
    "link": "https://www.sec.gov/Archives/edgar/data/874766/000136231009006196/0001362310-09-006196-index.htm",
    "finalLink": "https://www.sec.gov/Archives/edgar/data/874766/000136231009006196/c84403e10vq.htm"
  },
  {
    "date": "2008-12-31",
    "symbol": "HIG",
    "reportedCurrency": "USD",
    "cik": "0000874766",
    "fillingDate": "2009-02-12",
    "acceptedDate": "2009-02-11 20:55:33",
    "calendarYear": "2008",
    "period": "Q4",
    "revenue": 565000000,
    "costOfRevenue": 0,
    "grossProfit": 565000000,
    "grossProfitRatio": 1,
    "researchAndDevelopmentExpenses": 0,
    "generalAndAdministrativeExpenses": 0,
    "sellingAndMarketingExpenses": 0,
    "sellingGeneralAndAdministrativeExpenses": 0,
    "otherExpenses": 1716000000,
    "operatingExpenses": 1716000000,
    "costAndExpenses": 1716000000,
    "interestIncome": 0,
    "interestExpense": 115000000,
    "depreciationAndAmortization": 98000000,
    "ebitda": -938000000,
    "ebitdaratio": -1.6601769912,
    "operatingIncome": -1036000000,
    "operatingIncomeRatio": -1.8336283186,
    "totalOtherIncomeExpensesNet": -115000000,
    "incomeBeforeTax": -1151000000,
    "incomeBeforeTaxRatio": -2.0371681416,
    "incomeTaxExpense": -345000000,
    "netIncome": -806000000,
    "netIncomeRatio": -1.4265486726,
    "eps": -2.51,
    "epsdiluted": -2.51,
    "weightedAverageShsOut": 320800000,
    "weightedAverageShsOutDil": 320800000,
    "link": "https://www.sec.gov/Archives/edgar/data/874766/000136231009001777/0001362310-09-001777-index.htm",
    "finalLink": "https://www.sec.gov/Archives/edgar/data/874766/000136231009001777/c80697e10vk.htm"
  },
  {
    "date": "2008-09-30",
    "symbol": "HIG",
    "reportedCurrency": "USD",
    "cik": "0000874766",
    "fillingDate": "2008-10-29",
    "acceptedDate": "2008-10-29 16:16:58",
    "calendarYear": "2008",
    "period": "Q3",
    "revenue": -393000000,
    "costOfRevenue": 7409000000,
    "grossProfit": -7802000000,
    "grossProfitRatio": 19.8524173028,
    "researchAndDevelopmentExpenses": 0,
    "generalAndAdministrativeExpenses": 0,
    "sellingAndMarketingExpenses": 0,
    "sellingGeneralAndAdministrativeExpenses": 1029000000,
    "otherExpenses": -4648000000,
    "operatingExpenses": -3619000000,
    "costAndExpenses": 3790000000,
    "interestIncome": 0,
    "interestExpense": 84000000,
    "depreciationAndAmortization": -213000000,
    "ebitda": -4312000000,
    "ebitdaratio": 10.9720101781,
    "operatingIncome": -4099000000,
    "operatingIncomeRatio": 10.4300254453,
    "totalOtherIncomeExpensesNet": -84000000,
    "incomeBeforeTax": -4183000000,
    "incomeBeforeTaxRatio": 10.6437659033,
    "incomeTaxExpense": -1552000000,
    "netIncome": -2631000000,
    "netIncomeRatio": 6.6946564885,
    "eps": -8.74,
    "epsdiluted": -8.74,
    "weightedAverageShsOut": 301100000,
    "weightedAverageShsOutDil": 301100000,
    "link": "https://www.sec.gov/Archives/edgar/data/874766/000136231008006317/0001362310-08-006317-index.htm",
    "finalLink": "https://www.sec.gov/Archives/edgar/data/874766/000136231008006317/c76352e10vq.htm"
  },
  {
    "date": "2008-06-30",
    "symbol": "HIG",
    "reportedCurrency": "USD",
    "cik": "0000874766",
    "fillingDate": "2008-07-28",
    "acceptedDate": "2008-07-28 16:26:09",
    "calendarYear": "2008",
    "period": "Q2",
    "revenue": 7503000000,
    "costOfRevenue": 4739000000,
    "grossProfit": 2764000000,
    "grossProfitRatio": 0.3683859789,
    "researchAndDevelopmentExpenses": 0,
    "generalAndAdministrativeExpenses": 0,
    "sellingAndMarketingExpenses": 0,
    "sellingGeneralAndAdministrativeExpenses": 1047000000,
    "otherExpenses": 1065000000,
    "operatingExpenses": 2112000000,
    "costAndExpenses": 6851000000,
    "interestIncome": 0,
    "interestExpense": 77000000,
    "depreciationAndAmortization": 286000000,
    "ebitda": 1015000000,
    "ebitdaratio": 0.1352792216,
    "operatingIncome": 729000000,
    "operatingIncomeRatio": 0.0971611355,
    "totalOtherIncomeExpensesNet": -77000000,
    "incomeBeforeTax": 652000000,
    "incomeBeforeTaxRatio": 0.0868985739,
    "incomeTaxExpense": 109000000,
    "netIncome": 543000000,
    "netIncomeRatio": 0.0723710516,
    "eps": 1.74,
    "epsdiluted": 1.73,
    "weightedAverageShsOut": 311700000,
    "weightedAverageShsOutDil": 313100000,
    "link": "https://www.sec.gov/Archives/edgar/data/874766/000136231008003874/0001362310-08-003874-index.htm",
    "finalLink": "https://www.sec.gov/Archives/edgar/data/874766/000136231008003874/c74065e10vq.htm"
  },
  {
    "date": "2008-03-31",
    "symbol": "HIG",
    "reportedCurrency": "USD",
    "cik": "0000874766",
    "fillingDate": "2008-04-28",
    "acceptedDate": "2008-04-28 16:53:44",
    "calendarYear": "2008",
    "period": "Q1",
    "revenue": 1544000000,
    "costOfRevenue": 7403000000,
    "grossProfit": -5859000000,
    "grossProfitRatio": -3.7946891192,
    "researchAndDevelopmentExpenses": 0,
    "generalAndAdministrativeExpenses": 0,
    "sellingAndMarketingExpenses": 0,
    "sellingGeneralAndAdministrativeExpenses": 950000000,
    "otherExpenses": -6900000000,
    "operatingExpenses": -5950000000,
    "costAndExpenses": 1453000000,
    "interestIncome": 0,
    "interestExpense": 67000000,
    "depreciationAndAmortization": 190000000,
    "ebitda": 348000000,
    "ebitdaratio": 0.225388601,
    "operatingIncome": 158000000,
    "operatingIncomeRatio": 0.1023316062,
    "totalOtherIncomeExpensesNet": -67000000,
    "incomeBeforeTax": 91000000,
    "incomeBeforeTaxRatio": 0.0589378238,
    "incomeTaxExpense": -54000000,
    "netIncome": 145000000,
    "netIncomeRatio": 0.0939119171,
    "eps": 0.46,
    "epsdiluted": 0.46,
    "weightedAverageShsOut": 313800000,
    "weightedAverageShsOutDil": 315700000,
    "link": "https://www.sec.gov/Archives/edgar/data/874766/000136231008002198/0001362310-08-002198-index.htm",
    "finalLink": "https://www.sec.gov/Archives/edgar/data/874766/000136231008002198/c73059e10vq.htm"
  },
  {
    "date": "2007-12-31",
    "symbol": "HIG",
    "reportedCurrency": "USD",
    "cik": "0000874766",
    "fillingDate": "2008-02-22",
    "acceptedDate": "2008-02-22 16:24:24",
    "calendarYear": "2007",
    "period": "Q4",
    "revenue": 5674000000,
    "costOfRevenue": 3579000000,
    "grossProfit": 2095000000,
    "grossProfitRatio": 0.3692280578,
    "researchAndDevelopmentExpenses": 0,
    "generalAndAdministrativeExpenses": 0,
    "sellingAndMarketingExpenses": 0,
    "sellingGeneralAndAdministrativeExpenses": 0,
    "otherExpenses": 1314000000,
    "operatingExpenses": 1314000000,
    "costAndExpenses": 4893000000,
    "interestIncome": 0,
    "interestExpense": 67000000,
    "depreciationAndAmortization": 310000000,
    "ebitda": 1158000000,
    "ebitdaratio": 0.2040888262,
    "operatingIncome": 848000000,
    "operatingIncomeRatio": 0.1494536482,
    "totalOtherIncomeExpensesNet": -67000000,
    "incomeBeforeTax": 781000000,
    "incomeBeforeTaxRatio": 0.1376454001,
    "incomeTaxExpense": 186000000,
    "netIncome": 595000000,
    "netIncomeRatio": 0.1048642933,
    "eps": 1.9,
    "epsdiluted": 1.9,
    "weightedAverageShsOut": 313300000,
    "weightedAverageShsOutDil": 313800000,
    "link": "https://www.sec.gov/Archives/edgar/data/874766/000095012308002003/0000950123-08-002003-index.htm",
    "finalLink": "https://www.sec.gov/Archives/edgar/data/874766/000095012308002003/y49953e10vk.htm"
  },
  {
    "date": "2007-09-30",
    "symbol": "HIG",
    "reportedCurrency": "USD",
    "cik": "0000874766",
    "fillingDate": "2007-10-25",
    "acceptedDate": "2007-10-25 16:42:30",
    "calendarYear": "2007",
    "period": "Q3",
    "revenue": 5823000000,
    "costOfRevenue": 3444000000,
    "grossProfit": 2379000000,
    "grossProfitRatio": 0.4085522926,
    "researchAndDevelopmentExpenses": 0,
    "generalAndAdministrativeExpenses": 0,
    "sellingAndMarketingExpenses": 0,
    "sellingGeneralAndAdministrativeExpenses": 0,
    "otherExpenses": 1204000000,
    "operatingExpenses": 1204000000,
    "costAndExpenses": 4648000000,
    "interestIncome": 0,
    "interestExpense": 67000000,
    "depreciationAndAmortization": 202000000,
    "ebitda": 1444000000,
    "ebitdaratio": 0.2479821398,
    "operatingIncome": 1242000000,
    "operatingIncomeRatio": 0.2132921175,
    "totalOtherIncomeExpensesNet": -67000000,
    "incomeBeforeTax": 1175000000,
    "incomeBeforeTaxRatio": 0.201786021,
    "incomeTaxExpense": 324000000,
    "netIncome": 851000000,
    "netIncomeRatio": 0.146144599,
    "eps": 2.7,
    "epsdiluted": 2.68,
    "weightedAverageShsOut": 315400000,
    "weightedAverageShsOutDil": 318000000,
    "link": "https://www.sec.gov/Archives/edgar/data/874766/000095012307014270/0000950123-07-014270-index.htm",
    "finalLink": "https://www.sec.gov/Archives/edgar/data/874766/000095012307014270/y41143e10vq.htm"
  },
  {
    "date": "2007-06-30",
    "symbol": "HIG",
    "reportedCurrency": "USD",
    "cik": "0000874766",
    "fillingDate": "2007-07-26",
    "acceptedDate": "2007-07-26 16:13:54",
    "calendarYear": "2007",
    "period": "Q2",
    "revenue": 7660000000,
    "costOfRevenue": 5615000000,
    "grossProfit": 2045000000,
    "grossProfitRatio": 0.2669712794,
    "researchAndDevelopmentExpenses": 0,
    "generalAndAdministrativeExpenses": 0,
    "sellingAndMarketingExpenses": 0,
    "sellingGeneralAndAdministrativeExpenses": 0,
    "otherExpenses": 1208000000,
    "operatingExpenses": 1208000000,
    "costAndExpenses": 6823000000,
    "interestIncome": 0,
    "interestExpense": 66000000,
    "depreciationAndAmortization": 170000000,
    "ebitda": 1073000000,
    "ebitdaratio": 0.140078329,
    "operatingIncome": 903000000,
    "operatingIncomeRatio": 0.1178851175,
    "totalOtherIncomeExpensesNet": -66000000,
    "incomeBeforeTax": 837000000,
    "incomeBeforeTaxRatio": 0.1092689295,
    "incomeTaxExpense": 210000000,
    "netIncome": 627000000,
    "netIncomeRatio": 0.0818537859,
    "eps": 1.98,
    "epsdiluted": 1.96,
    "weightedAverageShsOut": 316800000,
    "weightedAverageShsOutDil": 319600000,
    "link": "https://www.sec.gov/Archives/edgar/data/874766/000095012307010339/0000950123-07-010339-index.htm",
    "finalLink": "https://www.sec.gov/Archives/edgar/data/874766/000095012307010339/y37452e10vq.htm"
  },
  {
    "date": "2007-03-31",
    "symbol": "HIG",
    "reportedCurrency": "USD",
    "cik": "0000874766",
    "fillingDate": "2007-04-26",
    "acceptedDate": "2007-04-26 16:31:27",
    "calendarYear": "2007",
    "period": "Q1",
    "revenue": 6759000000,
    "costOfRevenue": 4205000000,
    "grossProfit": 2554000000,
    "grossProfitRatio": 0.3778665483,
    "researchAndDevelopmentExpenses": 0,
    "generalAndAdministrativeExpenses": 0,
    "sellingAndMarketingExpenses": 0,
    "sellingGeneralAndAdministrativeExpenses": 0,
    "otherExpenses": 1342000000,
    "operatingExpenses": 1342000000,
    "costAndExpenses": 5547000000,
    "interestIncome": 0,
    "interestExpense": 63000000,
    "depreciationAndAmortization": 112000000,
    "ebitda": 1387000000,
    "ebitdaratio": 0.205207871,
    "operatingIncome": 1275000000,
    "operatingIncomeRatio": 0.1886373724,
    "totalOtherIncomeExpensesNet": -63000000,
    "incomeBeforeTax": 1212000000,
    "incomeBeforeTaxRatio": 0.1793164669,
    "incomeTaxExpense": 336000000,
    "netIncome": 876000000,
    "netIncomeRatio": 0.1296049711,
    "eps": 2.74,
    "epsdiluted": 2.71,
    "weightedAverageShsOut": 319600000,
    "weightedAverageShsOutDil": 322700000,
    "link": "https://www.sec.gov/Archives/edgar/data/874766/000095012307006062/0000950123-07-006062-index.htm",
    "finalLink": "https://www.sec.gov/Archives/edgar/data/874766/000095012307006062/y33901e10vq.htm"
  },
  {
    "date": "2006-12-31",
    "symbol": "HIG",
    "reportedCurrency": "USD",
    "cik": "0000874766",
    "fillingDate": "2007-02-23",
    "acceptedDate": "2007-02-23 16:10:56",
    "calendarYear": "2006",
    "period": "Q4",
    "revenue": 7579000000,
    "costOfRevenue": 5374000000,
    "grossProfit": 2205000000,
    "grossProfitRatio": 0.2909354796,
    "researchAndDevelopmentExpenses": 0,
    "generalAndAdministrativeExpenses": 0,
    "sellingAndMarketingExpenses": 0,
    "sellingGeneralAndAdministrativeExpenses": 0,
    "otherExpenses": 1203000000,
    "operatingExpenses": 1203000000,
    "costAndExpenses": 6577000000,
    "interestIncome": 0,
    "interestExpense": 70000000,
    "depreciationAndAmortization": 219000000,
    "ebitda": 1291000000,
    "ebitdaratio": 0.1703390949,
    "operatingIncome": 1072000000,
    "operatingIncomeRatio": 0.1414434622,
    "totalOtherIncomeExpensesNet": -70000000,
    "incomeBeforeTax": 1002000000,
    "incomeBeforeTaxRatio": 0.1322074152,
    "incomeTaxExpense": 219000000,
    "netIncome": 783000000,
    "netIncomeRatio": 0.1033117826,
    "eps": 2.45,
    "epsdiluted": 2.45,
    "weightedAverageShsOut": 317200000,
    "weightedAverageShsOutDil": 319600000,
    "link": "https://www.sec.gov/Archives/edgar/data/874766/000095012307002663/0000950123-07-002663-index.htm",
    "finalLink": "https://www.sec.gov/Archives/edgar/data/874766/000095012307002663/y30259e10vk.htm"
  },
  {
    "date": "2006-09-30",
    "symbol": "HIG",
    "reportedCurrency": "USD",
    "cik": "0000874766",
    "fillingDate": "2006-10-26",
    "acceptedDate": "2006-10-26 16:14:50",
    "calendarYear": "2006",
    "period": "Q3",
    "revenue": 7407000000,
    "costOfRevenue": 5330000000,
    "grossProfit": 2077000000,
    "grossProfitRatio": 0.2804104226,
    "researchAndDevelopmentExpenses": 0,
    "generalAndAdministrativeExpenses": 0,
    "sellingAndMarketingExpenses": 0,
    "sellingGeneralAndAdministrativeExpenses": 0,
    "otherExpenses": 1066000000,
    "operatingExpenses": 1066000000,
    "costAndExpenses": 6396000000,
    "interestIncome": 0,
    "interestExpense": 70000000,
    "depreciationAndAmortization": 69000000,
    "ebitda": 1150000000,
    "ebitdaratio": 0.1552585392,
    "operatingIncome": 1081000000,
    "operatingIncomeRatio": 0.1459430269,
    "totalOtherIncomeExpensesNet": -70000000,
    "incomeBeforeTax": 1011000000,
    "incomeBeforeTaxRatio": 0.1364925071,
    "incomeTaxExpense": 253000000,
    "netIncome": 758000000,
    "netIncomeRatio": 0.1023356285,
    "eps": 2.45,
    "epsdiluted": 2.39,
    "weightedAverageShsOut": 310000000,
    "weightedAverageShsOutDil": 316700000,
    "link": "https://www.sec.gov/Archives/edgar/data/874766/000095012306013033/0000950123-06-013033-index.htm",
    "finalLink": "https://www.sec.gov/Archives/edgar/data/874766/000095012306013033/y26175e10vq.htm"
  },
  {
    "date": "2006-06-30",
    "symbol": "HIG",
    "reportedCurrency": "USD",
    "cik": "0000874766",
    "fillingDate": "2006-07-27",
    "acceptedDate": "2006-07-27 16:27:15",
    "calendarYear": "2006",
    "period": "Q2",
    "revenue": 4971000000,
    "costOfRevenue": 3300000000,
    "grossProfit": 1671000000,
    "grossProfitRatio": 0.3361496681,
    "researchAndDevelopmentExpenses": 0,
    "generalAndAdministrativeExpenses": 0,
    "sellingAndMarketingExpenses": 0,
    "sellingGeneralAndAdministrativeExpenses": 0,
    "otherExpenses": 1066000000,
    "operatingExpenses": 1066000000,
    "costAndExpenses": 4366000000,
    "interestIncome": 0,
    "interestExpense": 71000000,
    "depreciationAndAmortization": 274000000,
    "ebitda": 950000000,
    "ebitdaratio": 0.1911084289,
    "operatingIncome": 676000000,
    "operatingIncomeRatio": 0.1359887347,
    "totalOtherIncomeExpensesNet": -71000000,
    "incomeBeforeTax": 605000000,
    "incomeBeforeTaxRatio": 0.1217058942,
    "incomeTaxExpense": 129000000,
    "netIncome": 476000000,
    "netIncomeRatio": 0.0957553812,
    "eps": 1.57,
    "epsdiluted": 1.52,
    "weightedAverageShsOut": 303300000,
    "weightedAverageShsOutDil": 312300000,
    "link": "https://www.sec.gov/Archives/edgar/data/874766/000095012306009517/0000950123-06-009517-index.htm",
    "finalLink": "https://www.sec.gov/Archives/edgar/data/874766/000095012306009517/y23483e10vq.htm"
  },
  {
    "date": "2006-03-31",
    "symbol": "HIG",
    "reportedCurrency": "USD",
    "cik": "0000874766",
    "fillingDate": "2006-04-27",
    "acceptedDate": "2006-04-27 16:50:22",
    "calendarYear": "2006",
    "period": "Q1",
    "revenue": 6543000000,
    "costOfRevenue": 4596000000,
    "grossProfit": 1947000000,
    "grossProfitRatio": 0.2975699221,
    "researchAndDevelopmentExpenses": 0,
    "generalAndAdministrativeExpenses": 0,
    "sellingAndMarketingExpenses": 0,
    "sellingGeneralAndAdministrativeExpenses": 0,
    "otherExpenses": 963000000,
    "operatingExpenses": 963000000,
    "costAndExpenses": 5559000000,
    "interestIncome": 0,
    "interestExpense": 66000000,
    "depreciationAndAmortization": 44000000,
    "ebitda": 1094000000,
    "ebitdaratio": 0.1672015895,
    "operatingIncome": 1050000000,
    "operatingIncomeRatio": 0.1604768455,
    "totalOtherIncomeExpensesNet": -66000000,
    "incomeBeforeTax": 984000000,
    "incomeBeforeTaxRatio": 0.1503897295,
    "incomeTaxExpense": 256000000,
    "netIncome": 728000000,
    "netIncomeRatio": 0.1112639462,
    "eps": 2.41,
    "epsdiluted": 2.34,
    "weightedAverageShsOut": 302200000,
    "weightedAverageShsOutDil": 310900000,
    "link": "https://www.sec.gov/Archives/edgar/data/874766/000095012306005310/0000950123-06-005310-index.htm",
    "finalLink": "https://www.sec.gov/Archives/edgar/data/874766/000095012306005310/y20177e10vq.htm"
  },
  {
    "date": "2005-12-31",
    "symbol": "HIG",
    "reportedCurrency": "USD",
    "cik": "0000874766",
    "fillingDate": "2006-02-24",
    "acceptedDate": "2006-02-24 16:52:19",
    "calendarYear": "2005",
    "period": "Q4",
    "revenue": 7737000000,
    "costOfRevenue": 6025000000,
    "grossProfit": 1712000000,
    "grossProfitRatio": 0.2212743958,
    "researchAndDevelopmentExpenses": 0,
    "generalAndAdministrativeExpenses": 0,
    "sellingAndMarketingExpenses": 0,
    "sellingGeneralAndAdministrativeExpenses": 0,
    "otherExpenses": 1164000000,
    "operatingExpenses": 1164000000,
    "costAndExpenses": 7189000000,
    "interestIncome": 0,
    "interestExpense": 63000000,
    "depreciationAndAmortization": 193000000,
    "ebitda": 804000000,
    "ebitdaratio": 0.1039162466,
    "operatingIncome": 611000000,
    "operatingIncomeRatio": 0.0789711775,
    "totalOtherIncomeExpensesNet": -63000000,
    "incomeBeforeTax": 548000000,
    "incomeBeforeTaxRatio": 0.0708284865,
    "incomeTaxExpense": 81000000,
    "netIncome": 467000000,
    "netIncomeRatio": 0.0603593124,
    "eps": 1.55,
    "epsdiluted": 1.55,
    "weightedAverageShsOut": 300700000,
    "weightedAverageShsOutDil": 302200000,
    "link": "https://www.sec.gov/Archives/edgar/data/874766/000095012306002232/0000950123-06-002232-index.htm",
    "finalLink": "https://www.sec.gov/Archives/edgar/data/874766/000095012306002232/y17778e10vk.htm"
  },
  {
    "date": "2005-09-30",
    "symbol": "HIG",
    "reportedCurrency": "USD",
    "cik": "0000874766",
    "fillingDate": "2005-11-03",
    "acceptedDate": "2005-11-03 16:43:35",
    "calendarYear": "2005",
    "period": "Q3",
    "revenue": 7307000000,
    "costOfRevenue": 5590000000,
    "grossProfit": 1717000000,
    "grossProfitRatio": 0.234980156,
    "researchAndDevelopmentExpenses": 0,
    "generalAndAdministrativeExpenses": 0,
    "sellingAndMarketingExpenses": 0,
    "sellingGeneralAndAdministrativeExpenses": 0,
    "otherExpenses": 1021000000,
    "operatingExpenses": 1021000000,
    "costAndExpenses": 6611000000,
    "interestIncome": 0,
    "interestExpense": 62000000,
    "depreciationAndAmortization": 156000000,
    "ebitda": 914000000,
    "ebitdaratio": 0.1250855344,
    "operatingIncome": 758000000,
    "operatingIncomeRatio": 0.1037361434,
    "totalOtherIncomeExpensesNet": -62000000,
    "incomeBeforeTax": 696000000,
    "incomeBeforeTaxRatio": 0.0952511291,
    "incomeTaxExpense": 157000000,
    "netIncome": 539000000,
    "netIncomeRatio": 0.073764883,
    "eps": 1.8,
    "epsdiluted": 1.76,
    "weightedAverageShsOut": 299200000,
    "weightedAverageShsOutDil": 307000000,
    "link": "https://www.sec.gov/Archives/edgar/data/874766/000095012305013050/0000950123-05-013050-index.htm",
    "finalLink": "https://www.sec.gov/Archives/edgar/data/874766/000095012305013050/y14125e10vq.htm"
  },
  {
    "date": "2005-06-30",
    "symbol": "HIG",
    "reportedCurrency": "USD",
    "cik": "0000874766",
    "fillingDate": "2005-08-04",
    "acceptedDate": "2005-08-04 16:20:43",
    "calendarYear": "2005",
    "period": "Q2",
    "revenue": 6064000000,
    "costOfRevenue": 4219000000,
    "grossProfit": 1845000000,
    "grossProfitRatio": 0.3042546174,
    "researchAndDevelopmentExpenses": 0,
    "generalAndAdministrativeExpenses": 0,
    "sellingAndMarketingExpenses": 0,
    "sellingGeneralAndAdministrativeExpenses": 0,
    "otherExpenses": 1018000000,
    "operatingExpenses": 1018000000,
    "costAndExpenses": 5237000000,
    "interestIncome": 0,
    "interestExpense": 64000000,
    "depreciationAndAmortization": 183000000,
    "ebitda": 1074000000,
    "ebitdaratio": 0.1771108179,
    "operatingIncome": 891000000,
    "operatingIncomeRatio": 0.1469327177,
    "totalOtherIncomeExpensesNet": -64000000,
    "incomeBeforeTax": 827000000,
    "incomeBeforeTaxRatio": 0.136378628,
    "incomeTaxExpense": 225000000,
    "netIncome": 602000000,
    "netIncomeRatio": 0.0992744063,
    "eps": 2.03,
    "epsdiluted": 1.98,
    "weightedAverageShsOut": 297100000,
    "weightedAverageShsOutDil": 303900000,
    "link": "https://www.sec.gov/Archives/edgar/data/874766/000095012305009425/0000950123-05-009425-index.htm",
    "finalLink": "https://www.sec.gov/Archives/edgar/data/874766/000095012305009425/y11371e10vq.htm"
  },
  {
    "date": "2005-03-31",
    "symbol": "HIG",
    "reportedCurrency": "USD",
    "cik": "0000874766",
    "fillingDate": "2005-05-02",
    "acceptedDate": "2005-05-02 16:33:18",
    "calendarYear": "2005",
    "period": "Q1",
    "revenue": 6002000000,
    "costOfRevenue": 4138000000,
    "grossProfit": 1864000000,
    "grossProfitRatio": 0.3105631456,
    "researchAndDevelopmentExpenses": 0,
    "generalAndAdministrativeExpenses": 0,
    "sellingAndMarketingExpenses": 0,
    "sellingGeneralAndAdministrativeExpenses": 0,
    "otherExpenses": 950000000,
    "operatingExpenses": 950000000,
    "costAndExpenses": 5088000000,
    "interestIncome": 0,
    "interestExpense": 63000000,
    "depreciationAndAmortization": 29000000,
    "ebitda": 1006000000,
    "ebitdaratio": 0.1676107964,
    "operatingIncome": 977000000,
    "operatingIncomeRatio": 0.1627790736,
    "totalOtherIncomeExpensesNet": -63000000,
    "incomeBeforeTax": 914000000,
    "incomeBeforeTaxRatio": 0.1522825725,
    "incomeTaxExpense": 248000000,
    "netIncome": 666000000,
    "netIncomeRatio": 0.1109630123,
    "eps": 2.26,
    "epsdiluted": 2.21,
    "weightedAverageShsOut": 294800000,
    "weightedAverageShsOutDil": 301300000,
    "link": "https://www.sec.gov/Archives/edgar/data/874766/000095012305005422/0000950123-05-005422-index.htm",
    "finalLink": "https://www.sec.gov/Archives/edgar/data/874766/000095012305005422/y08358e10vq.htm"
  },
  {
    "date": "2004-12-31",
    "symbol": "HIG",
    "reportedCurrency": "USD",
    "cik": "0000874766",
    "fillingDate": "2005-02-28",
    "acceptedDate": "2005-02-28 16:24:57",
    "calendarYear": "2004",
    "period": "Q4",
    "revenue": 6101000000,
    "costOfRevenue": 4342000000,
    "grossProfit": 1759000000,
    "grossProfitRatio": 0.2883133912,
    "researchAndDevelopmentExpenses": 0,
    "generalAndAdministrativeExpenses": 0,
    "sellingAndMarketingExpenses": 0,
    "sellingGeneralAndAdministrativeExpenses": 0,
    "otherExpenses": 938000000,
    "operatingExpenses": 938000000,
    "costAndExpenses": 5280000000,
    "interestIncome": 0,
    "interestExpense": 62000000,
    "depreciationAndAmortization": 84000000,
    "ebitda": 967000000,
    "ebitdaratio": 0.1584986068,
    "operatingIncome": 883000000,
    "operatingIncomeRatio": 0.1447303721,
    "totalOtherIncomeExpensesNet": -62000000,
    "incomeBeforeTax": 821000000,
    "incomeBeforeTaxRatio": 0.1345681036,
    "incomeTaxExpense": 201000000,
    "netIncome": 620000000,
    "netIncomeRatio": 0.1016226848,
    "eps": 2.1,
    "epsdiluted": 2.1,
    "weightedAverageShsOut": 293800000,
    "weightedAverageShsOutDil": 294800000,
    "link": "https://www.sec.gov/Archives/edgar/data/874766/000095012305002392/0000950123-05-002392-index.htm",
    "finalLink": "https://www.sec.gov/Archives/edgar/data/874766/000095012305002392/y06108ke10vk.htm"
  },
  {
    "date": "2004-09-30",
    "symbol": "HIG",
    "reportedCurrency": "USD",
    "cik": "0000874766",
    "fillingDate": "2004-11-04",
    "acceptedDate": "2004-11-04 17:17:32",
    "calendarYear": "2004",
    "period": "Q3",
    "revenue": 5416000000,
    "costOfRevenue": 4174000000,
    "grossProfit": 1242000000,
    "grossProfitRatio": 0.2293205318,
    "researchAndDevelopmentExpenses": 0,
    "generalAndAdministrativeExpenses": 0,
    "sellingAndMarketingExpenses": 0,
    "sellingGeneralAndAdministrativeExpenses": 0,
    "otherExpenses": 935000000,
    "operatingExpenses": 935000000,
    "costAndExpenses": 5109000000,
    "interestIncome": 0,
    "interestExpense": 61000000,
    "depreciationAndAmortization": -8000000,
    "ebitda": 360000000,
    "ebitdaratio": 0.0664697194,
    "operatingIncome": 368000000,
    "operatingIncomeRatio": 0.0679468242,
    "totalOtherIncomeExpensesNet": -61000000,
    "incomeBeforeTax": 307000000,
    "incomeBeforeTaxRatio": 0.0566838996,
    "incomeTaxExpense": -187000000,
    "netIncome": 494000000,
    "netIncomeRatio": 0.091211226,
    "eps": 1.68,
    "epsdiluted": 1.66,
    "weightedAverageShsOut": 293200000,
    "weightedAverageShsOutDil": 297500000,
    "link": "https://www.sec.gov/Archives/edgar/data/874766/000095012304013000/0000950123-04-013000-index.htm",
    "finalLink": "https://www.sec.gov/Archives/edgar/data/874766/000095012304013000/y67751e10vq.htm"
  },
  {
    "date": "2004-06-30",
    "symbol": "HIG",
    "reportedCurrency": "USD",
    "cik": "0000874766",
    "fillingDate": "2004-08-04",
    "acceptedDate": "2004-08-04 16:56:29",
    "calendarYear": "2004",
    "period": "Q2",
    "revenue": 5444000000,
    "costOfRevenue": 3976000000,
    "grossProfit": 1468000000,
    "grossProfitRatio": 0.2696546657,
    "researchAndDevelopmentExpenses": 0,
    "generalAndAdministrativeExpenses": 0,
    "sellingAndMarketingExpenses": 0,
    "sellingGeneralAndAdministrativeExpenses": 0,
    "otherExpenses": 891000000,
    "operatingExpenses": 891000000,
    "costAndExpenses": 4867000000,
    "interestIncome": 0,
    "interestExpense": 62000000,
    "depreciationAndAmortization": 165000000,
    "ebitda": 804000000,
    "ebitdaratio": 0.1476855253,
    "operatingIncome": 639000000,
    "operatingIncomeRatio": 0.1173769287,
    "totalOtherIncomeExpensesNet": -62000000,
    "incomeBeforeTax": 577000000,
    "incomeBeforeTaxRatio": 0.1059882439,
    "incomeTaxExpense": 144000000,
    "netIncome": 433000000,
    "netIncomeRatio": 0.0795371051,
    "eps": 1.48,
    "epsdiluted": 1.46,
    "weightedAverageShsOut": 292300000,
    "weightedAverageShsOutDil": 297500000,
    "link": "https://www.sec.gov/Archives/edgar/data/874766/000095012304009222/0000950123-04-009222-index.htm",
    "finalLink": "https://www.sec.gov/Archives/edgar/data/874766/000095012304009222/y99102e10vq.htm"
  },
  {
    "date": "2004-03-31",
    "symbol": "HIG",
    "reportedCurrency": "USD",
    "cik": "0000874766",
    "fillingDate": "2004-05-04",
    "acceptedDate": "2004-05-04 17:21:28",
    "calendarYear": "2004",
    "period": "Q1",
    "revenue": 5732000000,
    "costOfRevenue": 3976000000,
    "grossProfit": 1756000000,
    "grossProfitRatio": 0.306350314,
    "researchAndDevelopmentExpenses": 0,
    "generalAndAdministrativeExpenses": 0,
    "sellingAndMarketingExpenses": 0,
    "sellingGeneralAndAdministrativeExpenses": 0,
    "otherExpenses": 938000000,
    "operatingExpenses": 938000000,
    "costAndExpenses": 4914000000,
    "interestIncome": 0,
    "interestExpense": 66000000,
    "depreciationAndAmortization": 33000000,
    "ebitda": 917000000,
    "ebitdaratio": 0.1599790649,
    "operatingIncome": 884000000,
    "operatingIncomeRatio": 0.1542219121,
    "totalOtherIncomeExpensesNet": -66000000,
    "incomeBeforeTax": 818000000,
    "incomeBeforeTaxRatio": 0.1427076064,
    "incomeTaxExpense": 227000000,
    "netIncome": 568000000,
    "netIncomeRatio": 0.0990928123,
    "eps": 1.96,
    "epsdiluted": 1.93,
    "weightedAverageShsOut": 289900000,
    "weightedAverageShsOutDil": 294900000,
    "link": "https://www.sec.gov/Archives/edgar/data/874766/000095012304005701/0000950123-04-005701-index.htm",
    "finalLink": "https://www.sec.gov/Archives/edgar/data/874766/000095012304005701/y96782e10vq.htm"
  },
  {
    "date": "2003-12-31",
    "symbol": "HIG",
    "reportedCurrency": "USD",
    "cik": "0000874766",
    "fillingDate": "2004-02-27",
    "acceptedDate": "2004-02-27 16:34:18",
    "calendarYear": "2003",
    "period": "Q4",
    "revenue": 4773000000,
    "costOfRevenue": 3333000000,
    "grossProfit": 1440000000,
    "grossProfitRatio": 0.3016970459,
    "researchAndDevelopmentExpenses": 0,
    "generalAndAdministrativeExpenses": 0,
    "sellingAndMarketingExpenses": 0,
    "sellingGeneralAndAdministrativeExpenses": 0,
    "otherExpenses": 830000000,
    "operatingExpenses": 830000000,
    "costAndExpenses": 4163000000,
    "interestIncome": 0,
    "interestExpense": 0,
    "depreciationAndAmortization": 20000000,
    "ebitda": 630000000,
    "ebitdaratio": 0.1319924576,
    "operatingIncome": 610000000,
    "operatingIncomeRatio": 0.1278022208,
    "totalOtherIncomeExpensesNet": 0,
    "incomeBeforeTax": 610000000,
    "incomeBeforeTaxRatio": 0.1278022208,
    "incomeTaxExpense": 156000000,
    "netIncome": 454000000,
    "netIncomeRatio": 0.0951183742,
    "eps": 1.57,
    "epsdiluted": 1.57,
    "weightedAverageShsOut": 282900000,
    "weightedAverageShsOutDil": 289900000,
    "link": "https://www.sec.gov/Archives/edgar/data/874766/000094857204000011/0000948572-04-000011-index.htm",
    "finalLink": "https://www.sec.gov/Archives/edgar/data/874766/000094857204000011/b10k123103.txt"
  },
  {
    "date": "2003-09-30",
    "symbol": "HIG",
    "reportedCurrency": "USD",
    "cik": "0000874766",
    "fillingDate": "2003-11-05",
    "acceptedDate": "2003-11-05 17:16:00",
    "calendarYear": "2003",
    "period": "Q3",
    "revenue": 4947000000,
    "costOfRevenue": 3631000000,
    "grossProfit": 1316000000,
    "grossProfitRatio": 0.26601981,
    "researchAndDevelopmentExpenses": 0,
    "generalAndAdministrativeExpenses": 0,
    "sellingAndMarketingExpenses": 0,
    "sellingGeneralAndAdministrativeExpenses": 0,
    "otherExpenses": 880000000,
    "operatingExpenses": 880000000,
    "costAndExpenses": 4511000000,
    "interestIncome": 0,
    "interestExpense": 70000000,
    "depreciationAndAmortization": 188000000,
    "ebitda": 694000000,
    "ebitdaratio": 0.1402870427,
    "operatingIncome": 506000000,
    "operatingIncomeRatio": 0.1022842127,
    "totalOtherIncomeExpensesNet": -70000000,
    "incomeBeforeTax": 436000000,
    "incomeBeforeTaxRatio": 0.0881342228,
    "incomeTaxExpense": 93000000,
    "netIncome": 343000000,
    "netIncomeRatio": 0.0693349505,
    "eps": 1.21,
    "epsdiluted": 1.2,
    "weightedAverageShsOut": 282500000,
    "weightedAverageShsOutDil": 284800000,
    "link": "https://www.sec.gov/Archives/edgar/data/874766/000094857203000065/0000948572-03-000065-index.htm",
    "finalLink": "https://www.sec.gov/Archives/edgar/data/874766/000094857203000065/b10q093003.txt"
  },
  {
    "date": "2003-06-30",
    "symbol": "HIG",
    "reportedCurrency": "USD",
    "cik": "0000874766",
    "fillingDate": "2003-08-06",
    "acceptedDate": "2003-08-06 17:15:32",
    "calendarYear": "2003",
    "period": "Q2",
    "revenue": 4682000000,
    "costOfRevenue": 3186000000,
    "grossProfit": 1496000000,
    "grossProfitRatio": 0.319521572,
    "researchAndDevelopmentExpenses": 0,
    "generalAndAdministrativeExpenses": 0,
    "sellingAndMarketingExpenses": 0,
    "sellingGeneralAndAdministrativeExpenses": 0,
    "otherExpenses": 867000000,
    "operatingExpenses": 867000000,
    "costAndExpenses": 4053000000,
    "interestIncome": 0,
    "interestExpense": 69000000,
    "depreciationAndAmortization": -61000000,
    "ebitda": 637000000,
    "ebitdaratio": 0.1360529688,
    "operatingIncome": 698000000,
    "operatingIncomeRatio": 0.1490815891,
    "totalOtherIncomeExpensesNet": -69000000,
    "incomeBeforeTax": 629000000,
    "incomeBeforeTaxRatio": 0.1343442973,
    "incomeTaxExpense": 122000000,
    "netIncome": 507000000,
    "netIncomeRatio": 0.1082870568,
    "eps": 1.89,
    "epsdiluted": 1.88,
    "weightedAverageShsOut": 268800000,
    "weightedAverageShsOutDil": 270200000,
    "link": "https://www.sec.gov/Archives/edgar/data/874766/000094857203000055/0000948572-03-000055-index.htm",
    "finalLink": "https://www.sec.gov/Archives/edgar/data/874766/000094857203000055/b10q063003.txt"
  },
  {
    "date": "2003-03-31",
    "symbol": "HIG",
    "reportedCurrency": "USD",
    "cik": "0000874766",
    "fillingDate": "2003-05-13",
    "acceptedDate": "2003-05-13 17:15:04",
    "calendarYear": "2003",
    "period": "Q1",
    "revenue": 4331000000,
    "costOfRevenue": 5809000000,
    "grossProfit": -1478000000,
    "grossProfitRatio": -0.3412606788,
    "researchAndDevelopmentExpenses": 0,
    "generalAndAdministrativeExpenses": 0,
    "sellingAndMarketingExpenses": 0,
    "sellingGeneralAndAdministrativeExpenses": 0,
    "otherExpenses": 747000000,
    "operatingExpenses": 747000000,
    "costAndExpenses": 6556000000,
    "interestIncome": 0,
    "interestExpense": 66000000,
    "depreciationAndAmortization": 72000000,
    "ebitda": -2087000000,
    "ebitdaratio": -0.4818748557,
    "operatingIncome": -2159000000,
    "operatingIncomeRatio": -0.4984991919,
    "totalOtherIncomeExpensesNet": -66000000,
    "incomeBeforeTax": -2225000000,
    "incomeBeforeTaxRatio": -0.5137381667,
    "incomeTaxExpense": -830000000,
    "netIncome": -1395000000,
    "netIncomeRatio": -0.3220965135,
    "eps": -5.46,
    "epsdiluted": -5.46,
    "weightedAverageShsOut": 255400000,
    "weightedAverageShsOutDil": 255400000,
    "link": "https://www.sec.gov/Archives/edgar/data/874766/000094857203000025/0000948572-03-000025-index.htm",
    "finalLink": "https://www.sec.gov/Archives/edgar/data/874766/000094857203000025/b10q033103.txt"
  },
  {
    "date": "2002-12-31",
    "symbol": "HIG",
    "reportedCurrency": "USD",
    "cik": "0000874766",
    "fillingDate": "2003-03-03",
    "acceptedDate": "2003-03-03 16:29:16",
    "calendarYear": "2002",
    "period": "Q4",
    "revenue": 4161000000,
    "costOfRevenue": 3005000000,
    "grossProfit": 1156000000,
    "grossProfitRatio": 0.2778178323,
    "researchAndDevelopmentExpenses": 0,
    "generalAndAdministrativeExpenses": 0,
    "sellingAndMarketingExpenses": 0,
    "sellingGeneralAndAdministrativeExpenses": 0,
    "otherExpenses": 850000000,
    "operatingExpenses": 850000000,
    "costAndExpenses": 3855000000,
    "interestIncome": 0,
    "interestExpense": 0,
    "depreciationAndAmortization": 43000000,
    "ebitda": 349000000,
    "ebitdaratio": 0.0838740687,
    "operatingIncome": 306000000,
    "operatingIncomeRatio": 0.0735400144,
    "totalOtherIncomeExpensesNet": 0,
    "incomeBeforeTax": 306000000,
    "incomeBeforeTaxRatio": 0.0735400144,
    "incomeTaxExpense": 48000000,
    "netIncome": 258000000,
    "netIncomeRatio": 0.0620043259,
    "eps": 1.01,
    "epsdiluted": 1.01,
    "weightedAverageShsOut": 255400000,
    "weightedAverageShsOutDil": 255400000,
    "link": "https://www.sec.gov/Archives/edgar/data/874766/000094857203000012/0000948572-03-000012-index.htm",
    "finalLink": "https://www.sec.gov/Archives/edgar/data/874766/000094857203000012/b10k12312002.txt"
  },
  {
    "date": "2002-09-30",
    "symbol": "HIG",
    "reportedCurrency": "USD",
    "cik": "0000874766",
    "fillingDate": "2002-11-13",
    "acceptedDate": "2002-11-13 16:48:19",
    "calendarYear": "2002",
    "period": "Q3",
    "revenue": 3961000000,
    "costOfRevenue": 3001000000,
    "grossProfit": 960000000,
    "grossProfitRatio": 0.2423630396,
    "researchAndDevelopmentExpenses": 0,
    "generalAndAdministrativeExpenses": 0,
    "sellingAndMarketingExpenses": 0,
    "sellingGeneralAndAdministrativeExpenses": 0,
    "otherExpenses": 766000000,
    "operatingExpenses": 766000000,
    "costAndExpenses": 3767000000,
    "interestIncome": 0,
    "interestExpense": 0,
    "depreciationAndAmortization": 26000000,
    "ebitda": 220000000,
    "ebitdaratio": 0.0555415299,
    "operatingIncome": 194000000,
    "operatingIncomeRatio": 0.0489775309,
    "totalOtherIncomeExpensesNet": 0,
    "incomeBeforeTax": 194000000,
    "incomeBeforeTaxRatio": 0.0489775309,
    "incomeTaxExpense": -71000000,
    "netIncome": 265000000,
    "netIncomeRatio": 0.0669022974,
    "eps": 1.06,
    "epsdiluted": 1.06,
    "weightedAverageShsOut": 248900000,
    "weightedAverageShsOutDil": 250500000,
    "link": "https://www.sec.gov/Archives/edgar/data/874766/000094857202000082/0000948572-02-000082-index.htm",
    "finalLink": "https://www.sec.gov/Archives/edgar/data/874766/000094857202000082/b10qsep30.txt"
  },
  {
    "date": "2002-06-30",
    "symbol": "HIG",
    "reportedCurrency": "USD",
    "cik": "0000874766",
    "fillingDate": "2002-08-12",
    "acceptedDate": "2002-08-12 13:32:32",
    "calendarYear": "2002",
    "period": "Q2",
    "revenue": 3992000000,
    "costOfRevenue": 2948000000,
    "grossProfit": 1044000000,
    "grossProfitRatio": 0.2615230461,
    "researchAndDevelopmentExpenses": 0,
    "generalAndAdministrativeExpenses": 0,
    "sellingAndMarketingExpenses": 0,
    "sellingGeneralAndAdministrativeExpenses": 0,
    "otherExpenses": 737000000,
    "operatingExpenses": 737000000,
    "costAndExpenses": 3685000000,
    "interestIncome": 0,
    "interestExpense": 0,
    "depreciationAndAmortization": 22000000,
    "ebitda": 222000000,
    "ebitdaratio": 0.0556112224,
    "operatingIncome": 200000000,
    "operatingIncomeRatio": 0.0501002004,
    "totalOtherIncomeExpensesNet": 0,
    "incomeBeforeTax": 200000000,
    "incomeBeforeTaxRatio": 0.0501002004,
    "incomeTaxExpense": 15000000,
    "netIncome": 185000000,
    "netIncomeRatio": 0.0463426854,
    "eps": 0.75,
    "epsdiluted": 0.74,
    "weightedAverageShsOut": 247400000,
    "weightedAverageShsOutDil": 250700000,
    "link": "https://www.sec.gov/Archives/edgar/data/874766/000094857202000060/0000948572-02-000060-index.htm",
    "finalLink": "https://www.sec.gov/Archives/edgar/data/874766/000094857202000060/b10qaug02.txt"
  },
  {
    "date": "2002-03-31",
    "symbol": "HIG",
    "reportedCurrency": "USD",
    "cik": "0000874766",
    "fillingDate": "2002-05-15",
    "acceptedDate": "2002-05-15 13:26:29",
    "calendarYear": "2002",
    "period": "Q1",
    "revenue": 3900000000,
    "costOfRevenue": 2811000000,
    "grossProfit": 1089000000,
    "grossProfitRatio": 0.2792307692,
    "researchAndDevelopmentExpenses": 0,
    "generalAndAdministrativeExpenses": 0,
    "sellingAndMarketingExpenses": 0,
    "sellingGeneralAndAdministrativeExpenses": 0,
    "otherExpenses": 721000000,
    "operatingExpenses": 721000000,
    "costAndExpenses": 3532000000,
    "interestIncome": 0,
    "interestExpense": 0,
    "depreciationAndAmortization": 13000000,
    "ebitda": 381000000,
    "ebitdaratio": 0.0976923077,
    "operatingIncome": 368000000,
    "operatingIncomeRatio": 0.0943589744,
    "totalOtherIncomeExpensesNet": 0,
    "incomeBeforeTax": 368000000,
    "incomeBeforeTaxRatio": 0.0943589744,
    "incomeTaxExpense": 76000000,
    "netIncome": 292000000,
    "netIncomeRatio": 0.0748717949,
    "eps": 1.19,
    "epsdiluted": 1.17,
    "weightedAverageShsOut": 246100000,
    "weightedAverageShsOutDil": 249700000,
    "link": "https://www.sec.gov/Archives/edgar/data/874766/000094857202000043/0000948572-02-000043-index.htm",
    "finalLink": "https://www.sec.gov/Archives/edgar/data/874766/000094857202000043/b10qmay02.txt"
  },
  {
    "date": "2001-12-31",
    "symbol": "HIG",
    "reportedCurrency": "USD",
    "cik": "0000874766",
    "fillingDate": "2002-03-20",
    "acceptedDate": "2002-03-20 00:00:00",
    "calendarYear": "2001",
    "period": "Q4",
    "revenue": 3856000000,
    "costOfRevenue": 2913000000,
    "grossProfit": 943000000,
    "grossProfitRatio": 0.2445539419,
    "researchAndDevelopmentExpenses": 0,
    "generalAndAdministrativeExpenses": 0,
    "sellingAndMarketingExpenses": 0,
    "sellingGeneralAndAdministrativeExpenses": 0,
    "otherExpenses": 779000000,
    "operatingExpenses": 779000000,
    "costAndExpenses": 3692000000,
    "interestIncome": 0,
    "interestExpense": 0,
    "depreciationAndAmortization": 34000000,
    "ebitda": 198000000,
    "ebitdaratio": 0.0513485477,
    "operatingIncome": 164000000,
    "operatingIncomeRatio": 0.0425311203,
    "totalOtherIncomeExpensesNet": 0,
    "incomeBeforeTax": 164000000,
    "incomeBeforeTaxRatio": 0.0425311203,
    "incomeTaxExpense": 12000000,
    "netIncome": 144000000,
    "netIncomeRatio": 0.0373443983,
    "eps": 0.59,
    "epsdiluted": 0.59,
    "weightedAverageShsOut": 245312676,
    "weightedAverageShsOutDil": 246100000,
    "link": "https://www.sec.gov/Archives/edgar/data/874766/000094857202000009/0000948572-02-000009-index.htm",
    "finalLink": "https://www.sec.gov/Archives/edgar/data/874766/000094857202000009/b10kdec01.txt"
  },
  {
    "date": "2001-09-30",
    "symbol": "HIG",
    "reportedCurrency": "USD",
    "cik": "0000874766",
    "fillingDate": "2001-11-13",
    "acceptedDate": "2001-11-13 00:00:00",
    "calendarYear": "2001",
    "period": "Q3",
    "revenue": 3722000000,
    "costOfRevenue": 3442000000,
    "grossProfit": 280000000,
    "grossProfitRatio": 0.0752283718,
    "researchAndDevelopmentExpenses": 0,
    "generalAndAdministrativeExpenses": 0,
    "sellingAndMarketingExpenses": 0,
    "sellingGeneralAndAdministrativeExpenses": 0,
    "otherExpenses": 706000000,
    "operatingExpenses": 706000000,
    "costAndExpenses": 4148000000,
    "interestIncome": 0,
    "interestExpense": 0,
    "depreciationAndAmortization": 34000000,
    "ebitda": -392000000,
    "ebitdaratio": -0.1053197206,
    "operatingIncome": -426000000,
    "operatingIncomeRatio": -0.1144545943,
    "totalOtherIncomeExpensesNet": 0,
    "incomeBeforeTax": -426000000,
    "incomeBeforeTaxRatio": -0.1144545943,
    "incomeTaxExpense": -323000000,
    "netIncome": -103000000,
    "netIncomeRatio": -0.0276732939,
    "eps": -0.43,
    "epsdiluted": -0.43,
    "weightedAverageShsOut": 238000000,
    "weightedAverageShsOutDil": 238000000,
    "link": "https://www.sec.gov/Archives/edgar/data/874766/000094857201500049/0000948572-01-500049-index.htm",
    "finalLink": "https://www.sec.gov/Archives/edgar/data/874766/000094857201500049/b10q111401.txt"
  },
  {
    "date": "2001-06-30",
    "symbol": "HIG",
    "reportedCurrency": "USD",
    "cik": "0000874766",
    "fillingDate": "2001-08-13",
    "acceptedDate": "2001-08-13 00:00:00",
    "calendarYear": "2001",
    "period": "Q2",
    "revenue": 3847000000,
    "costOfRevenue": 2894000000,
    "grossProfit": 953000000,
    "grossProfitRatio": 0.2477255004,
    "researchAndDevelopmentExpenses": 0,
    "generalAndAdministrativeExpenses": 0,
    "sellingAndMarketingExpenses": 0,
    "sellingGeneralAndAdministrativeExpenses": 0,
    "otherExpenses": 658000000,
    "operatingExpenses": 658000000,
    "costAndExpenses": 3552000000,
    "interestIncome": 0,
    "interestExpense": 0,
    "depreciationAndAmortization": -11000000,
    "ebitda": 284000000,
    "ebitdaratio": 0.0738237588,
    "operatingIncome": 295000000,
    "operatingIncomeRatio": 0.0766831297,
    "totalOtherIncomeExpensesNet": 0,
    "incomeBeforeTax": 295000000,
    "incomeBeforeTaxRatio": 0.0766831297,
    "incomeTaxExpense": 58000000,
    "netIncome": 226000000,
    "netIncomeRatio": 0.0587470756,
    "eps": 0.95,
    "epsdiluted": 0.94,
    "weightedAverageShsOut": 237300000,
    "weightedAverageShsOutDil": 241300000,
    "link": "https://www.sec.gov/Archives/edgar/data/874766/000094857201500034/0000948572-01-500034-index.htm",
    "finalLink": "https://www.sec.gov/Archives/edgar/data/874766/000094857201500034/b-10qjun.txt"
  },
  {
    "date": "2001-03-31",
    "symbol": "HIG",
    "reportedCurrency": "USD",
    "cik": "0000874766",
    "fillingDate": "2001-05-14",
    "acceptedDate": "2001-05-14 00:00:00",
    "calendarYear": "2001",
    "period": "Q1",
    "revenue": 3722000000,
    "costOfRevenue": 2729000000,
    "grossProfit": 993000000,
    "grossProfitRatio": 0.2667920473,
    "researchAndDevelopmentExpenses": 0,
    "generalAndAdministrativeExpenses": 0,
    "sellingAndMarketingExpenses": 0,
    "sellingGeneralAndAdministrativeExpenses": 0,
    "otherExpenses": 672000000,
    "operatingExpenses": 672000000,
    "costAndExpenses": 3401000000,
    "interestIncome": 0,
    "interestExpense": 0,
    "depreciationAndAmortization": 15000000,
    "ebitda": 336000000,
    "ebitdaratio": 0.0902740462,
    "operatingIncome": 321000000,
    "operatingIncomeRatio": 0.0862439549,
    "totalOtherIncomeExpensesNet": 0,
    "incomeBeforeTax": 321000000,
    "incomeBeforeTaxRatio": 0.0862439549,
    "incomeTaxExpense": 58000000,
    "netIncome": 240000000,
    "netIncomeRatio": 0.0644814616,
    "eps": 1.04,
    "epsdiluted": 1.02,
    "weightedAverageShsOut": 231500000,
    "weightedAverageShsOutDil": 235500000,
    "link": "https://www.sec.gov/Archives/edgar/data/874766/000094857201500012/0000948572-01-500012-index.htm",
    "finalLink": "https://www.sec.gov/Archives/edgar/data/874766/000094857201500012/exh10_1.txt"
  },
  {
    "date": "2000-12-31",
    "symbol": "HIG",
    "reportedCurrency": "USD",
    "cik": "0000874766",
    "fillingDate": "2001-03-23",
    "acceptedDate": "2001-03-23 00:00:00",
    "calendarYear": "2000",
    "period": "Q4",
    "revenue": 3899000000,
    "costOfRevenue": 2725000000,
    "grossProfit": 1174000000,
    "grossProfitRatio": 0.3011028469,
    "researchAndDevelopmentExpenses": 0,
    "generalAndAdministrativeExpenses": 0,
    "sellingAndMarketingExpenses": 0,
    "sellingGeneralAndAdministrativeExpenses": 0,
    "otherExpenses": 677000000,
    "operatingExpenses": 677000000,
    "costAndExpenses": 3402000000,
    "interestIncome": 0,
    "interestExpense": 0,
    "depreciationAndAmortization": 17000000,
    "ebitda": 514000000,
    "ebitdaratio": 0.131828674,
    "operatingIncome": 497000000,
    "operatingIncomeRatio": 0.1274685817,
    "totalOtherIncomeExpensesNet": 0,
    "incomeBeforeTax": 497000000,
    "incomeBeforeTaxRatio": 0.1274685817,
    "incomeTaxExpense": 224000000,
    "netIncome": 273000000,
    "netIncomeRatio": 0.0700179533,
    "eps": 1.18,
    "epsdiluted": 1.18,
    "weightedAverageShsOut": 225700000,
    "weightedAverageShsOutDil": 231500000,
    "link": "https://www.sec.gov/Archives/edgar/data/874766/000094857201000009/0000948572-01-000009-index.htm",
    "finalLink": "https://www.sec.gov/Archives/edgar/data/874766/000094857201000009/0000948572-01-000009-0001.txt"
  },
  {
    "date": "2000-09-30",
    "symbol": "HIG",
    "reportedCurrency": "USD",
    "cik": "0000874766",
    "fillingDate": "2000-11-13",
    "acceptedDate": "2000-11-13 00:00:00",
    "calendarYear": "2000",
    "period": "Q3",
    "revenue": 3791000000,
    "costOfRevenue": 2745000000,
    "grossProfit": 1046000000,
    "grossProfitRatio": 0.2759166447,
    "researchAndDevelopmentExpenses": 0,
    "generalAndAdministrativeExpenses": 0,
    "sellingAndMarketingExpenses": 0,
    "sellingGeneralAndAdministrativeExpenses": 0,
    "otherExpenses": 727000000,
    "operatingExpenses": 727000000,
    "costAndExpenses": 3472000000,
    "interestIncome": 0,
    "interestExpense": 0,
    "depreciationAndAmortization": 19000000,
    "ebitda": 338000000,
    "ebitdaratio": 0.0891585334,
    "operatingIncome": 319000000,
    "operatingIncomeRatio": 0.0841466631,
    "totalOtherIncomeExpensesNet": 0,
    "incomeBeforeTax": 319000000,
    "incomeBeforeTaxRatio": 0.0841466631,
    "incomeTaxExpense": 69000000,
    "netIncome": 250000000,
    "netIncomeRatio": 0.0659456608,
    "eps": 1.11,
    "epsdiluted": 1.09,
    "weightedAverageShsOut": 224400000,
    "weightedAverageShsOutDil": 229300000,
    "link": "https://www.sec.gov/Archives/edgar/data/874766/000094857200000054/0000948572-00-000054-index.htm",
    "finalLink": "https://www.sec.gov/Archives/edgar/data/874766/000094857200000054/0000948572-00-000054-0001.txt"
  },
  {
    "date": "2000-06-30",
    "symbol": "HIG",
    "reportedCurrency": "USD",
    "cik": "0000874766",
    "fillingDate": "2000-08-11",
    "acceptedDate": "2000-08-11 00:00:00",
    "calendarYear": "2000",
    "period": "Q2",
    "revenue": 3514000000,
    "costOfRevenue": 2628000000,
    "grossProfit": 886000000,
    "grossProfitRatio": 0.2521343199,
    "researchAndDevelopmentExpenses": 0,
    "generalAndAdministrativeExpenses": 0,
    "sellingAndMarketingExpenses": 0,
    "sellingGeneralAndAdministrativeExpenses": 0,
    "otherExpenses": 628000000,
    "operatingExpenses": 628000000,
    "costAndExpenses": 3256000000,
    "interestIncome": 0,
    "interestExpense": 0,
    "depreciationAndAmortization": 7000000,
    "ebitda": 265000000,
    "ebitdaratio": 0.0754126352,
    "operatingIncome": 258000000,
    "operatingIncomeRatio": 0.0734206033,
    "totalOtherIncomeExpensesNet": 0,
    "incomeBeforeTax": 258000000,
    "incomeBeforeTaxRatio": 0.0734206033,
    "incomeTaxExpense": 19000000,
    "netIncome": 213000000,
    "netIncomeRatio": 0.0606146841,
    "eps": 0.98,
    "epsdiluted": 0.97,
    "weightedAverageShsOut": 216500000,
    "weightedAverageShsOutDil": 219900000,
    "link": "https://www.sec.gov/Archives/edgar/data/874766/000094857200000046/0000948572-00-000046-index.htm",
    "finalLink": "https://www.sec.gov/Archives/edgar/data/874766/000094857200000046/0000948572-00-000046-0001.txt"
  },
  {
    "date": "2000-03-31",
    "symbol": "HIG",
    "reportedCurrency": "USD",
    "cik": "0000874766",
    "fillingDate": "2000-05-15",
    "acceptedDate": "2000-05-15 00:00:00",
    "calendarYear": "2000",
    "period": "Q1",
    "revenue": 3499000000,
    "costOfRevenue": 2534000000,
    "grossProfit": 965000000,
    "grossProfitRatio": 0.2757930837,
    "researchAndDevelopmentExpenses": 0,
    "generalAndAdministrativeExpenses": 0,
    "sellingAndMarketingExpenses": 0,
    "sellingGeneralAndAdministrativeExpenses": 0,
    "otherExpenses": 621000000,
    "operatingExpenses": 621000000,
    "costAndExpenses": 3155000000,
    "interestIncome": 0,
    "interestExpense": 0,
    "depreciationAndAmortization": 20000000,
    "ebitda": 336000000,
    "ebitdaratio": 0.0960274364,
    "operatingIncome": 316000000,
    "operatingIncomeRatio": 0.0903115176,
    "totalOtherIncomeExpensesNet": 0,
    "incomeBeforeTax": 316000000,
    "incomeBeforeTaxRatio": 0.0903115176,
    "incomeTaxExpense": 78000000,
    "netIncome": 238000000,
    "netIncomeRatio": 0.0680194341,
    "eps": 1.1,
    "epsdiluted": 1.1,
    "weightedAverageShsOut": 215800000,
    "weightedAverageShsOutDil": 217300000,
    "link": "https://www.sec.gov/Archives/edgar/data/874766/000094857200000034/0000948572-00-000034-index.html",
    "finalLink": "https://www.sec.gov/Archives/edgar/data/874766/000094857200000034/"
  },
  {
    "date": "1999-12-31",
    "symbol": "HIG",
    "reportedCurrency": "USD",
    "cik": "0000874766",
    "fillingDate": "2000-03-24",
    "acceptedDate": "2000-03-24 00:00:00",
    "calendarYear": "1999",
    "period": "Q4",
    "revenue": 3436000000,
    "costOfRevenue": 0,
    "grossProfit": 3436000000,
    "grossProfitRatio": 1,
    "researchAndDevelopmentExpenses": 0,
    "generalAndAdministrativeExpenses": 0,
    "sellingAndMarketingExpenses": 0,
    "sellingGeneralAndAdministrativeExpenses": 0,
    "otherExpenses": 0,
    "operatingExpenses": 0,
    "costAndExpenses": 0,
    "interestIncome": 0,
    "interestExpense": 0,
    "depreciationAndAmortization": 10000000,
    "ebitda": 1245000000,
    "ebitdaratio": 0.3623399302,
    "operatingIncome": 1235000000,
    "operatingIncomeRatio": 0.3594295693,
    "totalOtherIncomeExpensesNet": 0,
    "incomeBeforeTax": 1235000000,
    "incomeBeforeTaxRatio": 0.3594295693,
    "incomeTaxExpense": 85000000,
    "netIncome": 223000000,
    "netIncomeRatio": 0.0649010477,
    "eps": 1.03,
    "epsdiluted": 1.03,
    "weightedAverageShsOut": 215800000,
    "weightedAverageShsOutDil": 215800000,
    "link": "https://www.sec.gov/Archives/edgar/data/874766/000094857200000014/0000948572-00-000014-index.html",
    "finalLink": "https://www.sec.gov/Archives/edgar/data/874766/000094857200000014/"
  },
  {
    "date": "1999-09-30",
    "symbol": "HIG",
    "reportedCurrency": "USD",
    "cik": "0000874766",
    "fillingDate": "1999-11-12",
    "acceptedDate": "1999-11-12 00:00:00",
    "calendarYear": "1999",
    "period": "Q3",
    "revenue": 3444000000,
    "costOfRevenue": 0,
    "grossProfit": 3444000000,
    "grossProfitRatio": 1,
    "researchAndDevelopmentExpenses": 0,
    "generalAndAdministrativeExpenses": 0,
    "sellingAndMarketingExpenses": 0,
    "sellingGeneralAndAdministrativeExpenses": 0,
    "otherExpenses": 0,
    "operatingExpenses": 0,
    "costAndExpenses": 0,
    "interestIncome": 0,
    "interestExpense": 0,
    "depreciationAndAmortization": 12000000,
    "ebitda": 243000000,
    "ebitdaratio": 0.0705574913,
    "operatingIncome": 231000000,
    "operatingIncomeRatio": 0.0670731707,
    "totalOtherIncomeExpensesNet": 0,
    "incomeBeforeTax": 231000000,
    "incomeBeforeTaxRatio": 0.0670731707,
    "incomeTaxExpense": 45000000,
    "netIncome": 186000000,
    "netIncomeRatio": 0.0540069686,
    "eps": 0.83,
    "epsdiluted": 0.82,
    "weightedAverageShsOut": 224096386,
    "weightedAverageShsOutDil": 226829268,
    "link": "https://www.sec.gov/Archives/edgar/data/874766/000094857299000061/0000948572-99-000061-index.html",
    "finalLink": "https://www.sec.gov/Archives/edgar/data/874766/000094857299000061/"
  },
  {
    "date": "1999-06-30",
    "symbol": "HIG",
    "reportedCurrency": "USD",
    "cik": "0000874766",
    "fillingDate": "1999-08-13",
    "acceptedDate": "1999-08-13 00:00:00",
    "calendarYear": "1999",
    "period": "Q2",
    "revenue": 3349000000,
    "costOfRevenue": 0,
    "grossProfit": 3349000000,
    "grossProfitRatio": 1,
    "researchAndDevelopmentExpenses": 0,
    "generalAndAdministrativeExpenses": 0,
    "sellingAndMarketingExpenses": 0,
    "sellingGeneralAndAdministrativeExpenses": 0,
    "otherExpenses": 0,
    "operatingExpenses": 0,
    "costAndExpenses": 0,
    "interestIncome": 0,
    "interestExpense": 0,
    "depreciationAndAmortization": 21000000,
    "ebitda": 307000000,
    "ebitdaratio": 0.091669155,
    "operatingIncome": 286000000,
    "operatingIncomeRatio": 0.0853986265,
    "totalOtherIncomeExpensesNet": 0,
    "incomeBeforeTax": 286000000,
    "incomeBeforeTaxRatio": 0.0853986265,
    "incomeTaxExpense": 71000000,
    "netIncome": 215000000,
    "netIncomeRatio": 0.0641982681,
    "eps": 0.95,
    "epsdiluted": 0.93,
    "weightedAverageShsOut": 226315789,
    "weightedAverageShsOutDil": 231182796,
    "link": "https://www.sec.gov/Archives/edgar/data/874766/000094857299000051/0000948572-99-000051-index.html",
    "finalLink": "https://www.sec.gov/Archives/edgar/data/874766/000094857299000051/"
  },
  {
    "date": "1999-03-31",
    "symbol": "HIG",
    "reportedCurrency": "USD",
    "cik": "0000874766",
    "fillingDate": "1999-05-17",
    "acceptedDate": "1999-05-17 00:00:00",
    "calendarYear": "1999",
    "period": "Q1",
    "revenue": 3299000000,
    "costOfRevenue": 0,
    "grossProfit": 3299000000,
    "grossProfitRatio": 1,
    "researchAndDevelopmentExpenses": 0,
    "generalAndAdministrativeExpenses": 0,
    "sellingAndMarketingExpenses": 0,
    "sellingGeneralAndAdministrativeExpenses": 0,
    "otherExpenses": 0,
    "operatingExpenses": 0,
    "costAndExpenses": 0,
    "interestIncome": 0,
    "interestExpense": 0,
    "depreciationAndAmortization": 15000000,
    "ebitda": 339000000,
    "ebitdaratio": 0.1027584116,
    "operatingIncome": 324000000,
    "operatingIncomeRatio": 0.0982115793,
    "totalOtherIncomeExpensesNet": 0,
    "incomeBeforeTax": 324000000,
    "incomeBeforeTaxRatio": 0.0982115793,
    "incomeTaxExpense": 86000000,
    "netIncome": 238000000,
    "netIncomeRatio": 0.0721430737,
    "eps": 1.05,
    "epsdiluted": 1.04,
    "weightedAverageShsOut": 226666667,
    "weightedAverageShsOutDil": 228846154,
    "link": "https://www.sec.gov/Archives/edgar/data/874766/000094857299000034/0000948572-99-000034-index.html",
    "finalLink": "https://www.sec.gov/Archives/edgar/data/874766/"
  },
  {
    "date": "1998-12-31",
    "symbol": "HIG",
    "reportedCurrency": "USD",
    "cik": "0000874766",
    "fillingDate": "1999-03-26",
    "acceptedDate": "1999-03-26 00:00:00",
    "calendarYear": "1998",
    "period": "Q4",
    "revenue": 4161000000,
    "costOfRevenue": 0,
    "grossProfit": 4161000000,
    "grossProfitRatio": 1,
    "researchAndDevelopmentExpenses": 0,
    "generalAndAdministrativeExpenses": 0,
    "sellingAndMarketingExpenses": 0,
    "sellingGeneralAndAdministrativeExpenses": 0,
    "otherExpenses": 0,
    "operatingExpenses": 0,
    "costAndExpenses": 0,
    "interestIncome": 0,
    "interestExpense": 0,
    "depreciationAndAmortization": 25000000,
    "ebitda": 1500000000,
    "ebitdaratio": 0.3604902668,
    "operatingIncome": 1475000000,
    "operatingIncomeRatio": 0.3544820957,
    "totalOtherIncomeExpensesNet": 0,
    "incomeBeforeTax": 1475000000,
    "incomeBeforeTaxRatio": 0.3544820957,
    "incomeTaxExpense": 115000000,
    "netIncome": 301000000,
    "netIncomeRatio": 0.0723383802,
    "eps": 1.33,
    "epsdiluted": 1.33,
    "weightedAverageShsOut": 226594737,
    "weightedAverageShsOutDil": 226666667,
    "link": "https://www.sec.gov/Archives/edgar/data/874766/000094857299000004/0000948572-99-000004-index.html",
    "finalLink": "https://www.sec.gov/Archives/edgar/data/874766/"
  },
  {
    "date": "1998-09-30",
    "symbol": "HIG",
    "reportedCurrency": "USD",
    "cik": "0000874766",
    "fillingDate": "1998-11-16",
    "acceptedDate": "1998-11-16 00:00:00",
    "calendarYear": "1998",
    "period": "Q3",
    "revenue": 3640000000,
    "costOfRevenue": 0,
    "grossProfit": 3640000000,
    "grossProfitRatio": 1,
    "researchAndDevelopmentExpenses": 0,
    "generalAndAdministrativeExpenses": 0,
    "sellingAndMarketingExpenses": 0,
    "sellingGeneralAndAdministrativeExpenses": 0,
    "otherExpenses": 0,
    "operatingExpenses": 0,
    "costAndExpenses": 0,
    "interestIncome": 0,
    "interestExpense": 0,
    "depreciationAndAmortization": 21000000,
    "ebitda": 315000000,
    "ebitdaratio": 0.0865384615,
    "operatingIncome": 294000000,
    "operatingIncomeRatio": 0.0807692308,
    "totalOtherIncomeExpensesNet": 0,
    "incomeBeforeTax": 294000000,
    "incomeBeforeTaxRatio": 0.0807692308,
    "incomeTaxExpense": 80000000,
    "netIncome": 214000000,
    "netIncomeRatio": 0.0587912088,
    "eps": 0.92,
    "epsdiluted": 0.91,
    "weightedAverageShsOut": 232608696,
    "weightedAverageShsOutDil": 235164835,
    "link": "https://www.sec.gov/Archives/edgar/data/874766/000094857298000051/0000948572-98-000051-index.html",
    "finalLink": "https://www.sec.gov/Archives/edgar/data/874766/"
  },
  {
    "date": "1998-06-30",
    "symbol": "HIG",
    "reportedCurrency": "USD",
    "cik": "0000874766",
    "fillingDate": "1998-08-14",
    "acceptedDate": "1998-08-14 00:00:00",
    "calendarYear": "1998",
    "period": "Q2",
    "revenue": 3493000000,
    "costOfRevenue": 0,
    "grossProfit": 3493000000,
    "grossProfitRatio": 1,
    "researchAndDevelopmentExpenses": 0,
    "generalAndAdministrativeExpenses": 0,
    "sellingAndMarketingExpenses": 0,
    "sellingGeneralAndAdministrativeExpenses": 0,
    "otherExpenses": 0,
    "operatingExpenses": 0,
    "costAndExpenses": 0,
    "interestIncome": 0,
    "interestExpense": 0,
    "depreciationAndAmortization": 21000000,
    "ebitda": 344000000,
    "ebitdaratio": 0.0984826796,
    "operatingIncome": 323000000,
    "operatingIncomeRatio": 0.0924706556,
    "totalOtherIncomeExpensesNet": 0,
    "incomeBeforeTax": 323000000,
    "incomeBeforeTaxRatio": 0.0924706556,
    "incomeTaxExpense": 87000000,
    "netIncome": 236000000,
    "netIncomeRatio": 0.0675636988,
    "eps": 1,
    "epsdiluted": 0.99,
    "weightedAverageShsOut": 236000000,
    "weightedAverageShsOutDil": 238383838,
    "link": "https://www.sec.gov/Archives/edgar/data/874766/000094857298000036/0000948572-98-000036-index.html",
    "finalLink": "https://www.sec.gov/Archives/edgar/data/874766/"
  },
  {
    "date": "1998-03-31",
    "symbol": "HIG",
    "reportedCurrency": "USD",
    "cik": "0000874766",
    "fillingDate": "1998-05-15",
    "acceptedDate": "1998-05-15 00:00:00",
    "calendarYear": "1998",
    "period": "Q1",
    "revenue": 3728000000,
    "costOfRevenue": 0,
    "grossProfit": 3728000000,
    "grossProfitRatio": 1,
    "researchAndDevelopmentExpenses": 0,
    "generalAndAdministrativeExpenses": 0,
    "sellingAndMarketingExpenses": 0,
    "sellingGeneralAndAdministrativeExpenses": 0,
    "otherExpenses": 0,
    "operatingExpenses": 0,
    "costAndExpenses": 0,
    "interestIncome": 0,
    "interestExpense": 0,
    "depreciationAndAmortization": 36000000,
    "ebitda": 406000000,
    "ebitdaratio": 0.1089055794,
    "operatingIncome": 370000000,
    "operatingIncomeRatio": 0.099248927,
    "totalOtherIncomeExpensesNet": 0,
    "incomeBeforeTax": 370000000,
    "incomeBeforeTaxRatio": 0.099248927,
    "incomeTaxExpense": 106000000,
    "netIncome": 264000000,
    "netIncomeRatio": 0.0708154506,
    "eps": 1.12,
    "epsdiluted": 1.11,
    "weightedAverageShsOut": 235714286,
    "weightedAverageShsOutDil": 237837838,
    "link": "https://www.sec.gov/Archives/edgar/data/874766/000094857298000021/0000948572-98-000021-index.html",
    "finalLink": "https://www.sec.gov/Archives/edgar/data/874766/"
  },
  {
    "date": "1997-12-31",
    "symbol": "HIG",
    "reportedCurrency": "USD",
    "cik": "0000874766",
    "fillingDate": "1998-03-27",
    "acceptedDate": "1998-03-27 00:00:00",
    "calendarYear": "1997",
    "period": "Q4",
    "revenue": 3371000000,
    "costOfRevenue": 0,
    "grossProfit": 3371000000,
    "grossProfitRatio": 1,
    "researchAndDevelopmentExpenses": 0,
    "generalAndAdministrativeExpenses": 0,
    "sellingAndMarketingExpenses": 0,
    "sellingGeneralAndAdministrativeExpenses": 0,
    "otherExpenses": 0,
    "operatingExpenses": 0,
    "costAndExpenses": 0,
    "interestIncome": 0,
    "interestExpense": 0,
    "depreciationAndAmortization": 26000000,
    "ebitda": 1729000000,
    "ebitdaratio": 0.5129041827,
    "operatingIncome": 1703000000,
    "operatingIncomeRatio": 0.5051913379,
    "totalOtherIncomeExpensesNet": 0,
    "incomeBeforeTax": 1703000000,
    "incomeBeforeTaxRatio": 0.5051913379,
    "incomeTaxExpense": 70000000,
    "netIncome": 255000000,
    "netIncomeRatio": 0.0756452091,
    "eps": 1.08,
    "epsdiluted": 1.08,
    "weightedAverageShsOut": 235714286,
    "weightedAverageShsOutDil": 235714286,
    "link": "https://www.sec.gov/Archives/edgar/data/874766/000094857298000007/0000948572-98-000007-index.html",
    "finalLink": "https://www.sec.gov/Archives/edgar/data/874766/"
  },
  {
    "date": "1997-09-30",
    "symbol": "HIG",
    "reportedCurrency": "USD",
    "cik": "0000874766",
    "fillingDate": "1997-11-14",
    "acceptedDate": "1997-11-14 00:00:00",
    "calendarYear": "1997",
    "period": "Q3",
    "revenue": 3354000000,
    "costOfRevenue": 0,
    "grossProfit": 3354000000,
    "grossProfitRatio": 1,
    "researchAndDevelopmentExpenses": 0,
    "generalAndAdministrativeExpenses": 0,
    "sellingAndMarketingExpenses": 0,
    "sellingGeneralAndAdministrativeExpenses": 0,
    "otherExpenses": 0,
    "operatingExpenses": 0,
    "costAndExpenses": 0,
    "interestIncome": 0,
    "interestExpense": 0,
    "depreciationAndAmortization": 21000000,
    "ebitda": 450000000,
    "ebitdaratio": 0.1341681574,
    "operatingIncome": 429000000,
    "operatingIncomeRatio": 0.1279069767,
    "totalOtherIncomeExpensesNet": 0,
    "incomeBeforeTax": 429000000,
    "incomeBeforeTaxRatio": 0.1279069767,
    "incomeTaxExpense": 130000000,
    "netIncome": 299000000,
    "netIncomeRatio": 0.0891472868,
    "eps": 1.27,
    "epsdiluted": 1.25,
    "weightedAverageShsOut": 235433071,
    "weightedAverageShsOutDil": 239200000,
    "link": "https://www.sec.gov/Archives/edgar/data/874766/000094857297000055/0000948572-97-000055-index.html",
    "finalLink": "https://www.sec.gov/Archives/edgar/data/874766/"
  },
  {
    "date": "1997-06-30",
    "symbol": "HIG",
    "reportedCurrency": "USD",
    "cik": "0000874766",
    "fillingDate": "1997-08-14",
    "acceptedDate": "1997-08-14 00:00:00",
    "calendarYear": "1997",
    "period": "Q2",
    "revenue": 3510000000,
    "costOfRevenue": 0,
    "grossProfit": 3510000000,
    "grossProfitRatio": 1,
    "researchAndDevelopmentExpenses": 0,
    "generalAndAdministrativeExpenses": 0,
    "sellingAndMarketingExpenses": 0,
    "sellingGeneralAndAdministrativeExpenses": 0,
    "otherExpenses": 0,
    "operatingExpenses": 0,
    "costAndExpenses": 0,
    "interestIncome": 0,
    "interestExpense": 0,
    "depreciationAndAmortization": 17000000,
    "ebitda": 655000000,
    "ebitdaratio": 0.1866096866,
    "operatingIncome": 638000000,
    "operatingIncomeRatio": 0.1817663818,
    "totalOtherIncomeExpensesNet": 0,
    "incomeBeforeTax": 638000000,
    "incomeBeforeTaxRatio": 0.1817663818,
    "incomeTaxExpense": 64000000,
    "netIncome": 574000000,
    "netIncomeRatio": 0.1635327635,
    "eps": 2.43,
    "epsdiluted": 2.41,
    "weightedAverageShsOut": 236213992,
    "weightedAverageShsOutDil": 238174274,
    "link": "https://www.sec.gov/Archives/edgar/data/874766/000094857297000041/0000948572-97-000041-index.html",
    "finalLink": "https://www.sec.gov/Archives/edgar/data/874766/"
  },
  {
    "date": "1997-03-31",
    "symbol": "HIG",
    "reportedCurrency": "USD",
    "cik": "0000874766",
    "fillingDate": "1997-05-15",
    "acceptedDate": "1997-05-15 00:00:00",
    "calendarYear": "1997",
    "period": "Q1",
    "revenue": 3136000000,
    "costOfRevenue": 0,
    "grossProfit": 3136000000,
    "grossProfitRatio": 1,
    "researchAndDevelopmentExpenses": 0,
    "generalAndAdministrativeExpenses": 0,
    "sellingAndMarketingExpenses": 0,
    "sellingGeneralAndAdministrativeExpenses": 0,
    "otherExpenses": 0,
    "operatingExpenses": 0,
    "costAndExpenses": 0,
    "interestIncome": 0,
    "interestExpense": 0,
    "depreciationAndAmortization": 21000000,
    "ebitda": 295000000,
    "ebitdaratio": 0.0940688776,
    "operatingIncome": 274000000,
    "operatingIncomeRatio": 0.087372449,
    "totalOtherIncomeExpensesNet": 0,
    "incomeBeforeTax": 274000000,
    "incomeBeforeTaxRatio": 0.087372449,
    "incomeTaxExpense": 70000000,
    "netIncome": 204000000,
    "netIncomeRatio": 0.0650510204,
    "eps": 0.87,
    "epsdiluted": 0.86,
    "weightedAverageShsOut": 234482759,
    "weightedAverageShsOutDil": 237209302,
    "link": "https://www.sec.gov/Archives/edgar/data/874766/000094857297000026/0000948572-97-000026-index.html",
    "finalLink": "https://www.sec.gov/Archives/edgar/data/874766/"
  },
  {
    "date": "1996-12-31",
    "symbol": "HIG",
    "reportedCurrency": "USD",
    "cik": "0000874766",
    "fillingDate": "1997-03-28",
    "acceptedDate": "1997-03-28 00:00:00",
    "calendarYear": "1996",
    "period": "Q4",
    "revenue": 3333000000,
    "costOfRevenue": 0,
    "grossProfit": 3333000000,
    "grossProfitRatio": 1,
    "researchAndDevelopmentExpenses": 0,
    "generalAndAdministrativeExpenses": 0,
    "sellingAndMarketingExpenses": 0,
    "sellingGeneralAndAdministrativeExpenses": 0,
    "otherExpenses": 0,
    "operatingExpenses": 0,
    "costAndExpenses": 0,
    "interestIncome": 0,
    "interestExpense": 0,
    "depreciationAndAmortization": 33000000,
    "ebitda": -285000000,
    "ebitdaratio": -0.0855085509,
    "operatingIncome": -318000000,
    "operatingIncomeRatio": -0.095409541,
    "totalOtherIncomeExpensesNet": 0,
    "incomeBeforeTax": -318000000,
    "incomeBeforeTaxRatio": -0.095409541,
    "incomeTaxExpense": 49000000,
    "netIncome": 205000000,
    "netIncomeRatio": 0.0615061506,
    "eps": 0.87,
    "epsdiluted": 0.87,
    "weightedAverageShsOut": 234482759,
    "weightedAverageShsOutDil": 234482759,
    "link": "https://www.sec.gov/Archives/edgar/data/874766/000094857297000016/0000948572-97-000016-index.html",
    "finalLink": "https://www.sec.gov/Archives/edgar/data/874766/"
  },
  {
    "date": "1996-09-30",
    "symbol": "HIG",
    "reportedCurrency": "USD",
    "cik": "0000874766",
    "fillingDate": "1996-11-07",
    "acceptedDate": "1996-11-07 00:00:00",
    "calendarYear": "1996",
    "period": "Q3",
    "revenue": 2836000000,
    "costOfRevenue": 0,
    "grossProfit": 2836000000,
    "grossProfitRatio": 1,
    "researchAndDevelopmentExpenses": 0,
    "generalAndAdministrativeExpenses": 0,
    "sellingAndMarketingExpenses": 0,
    "sellingGeneralAndAdministrativeExpenses": 0,
    "otherExpenses": 0,
    "operatingExpenses": 0,
    "costAndExpenses": 0,
    "interestIncome": 0,
    "interestExpense": 0,
    "depreciationAndAmortization": 9000000,
    "ebitda": -856000000,
    "ebitdaratio": -0.3018335684,
    "operatingIncome": -865000000,
    "operatingIncomeRatio": -0.3050070522,
    "totalOtherIncomeExpensesNet": 0,
    "incomeBeforeTax": -865000000,
    "incomeBeforeTaxRatio": -0.3050070522,
    "incomeTaxExpense": -322000000,
    "netIncome": -543000000,
    "netIncomeRatio": -0.1914668547,
    "eps": -2.32,
    "epsdiluted": -2.32,
    "weightedAverageShsOut": 234051724,
    "weightedAverageShsOutDil": 234051724,
    "link": "https://www.sec.gov/Archives/edgar/data/874766/000094857296000056/0000948572-96-000056-index.html",
    "finalLink": "https://www.sec.gov/Archives/edgar/data/874766/"
  },
  {
    "date": "1996-06-30",
    "symbol": "HIG",
    "reportedCurrency": "USD",
    "cik": "0000874766",
    "fillingDate": "1996-08-14",
    "acceptedDate": "1996-08-14 00:00:00",
    "calendarYear": "1996",
    "period": "Q2",
    "revenue": 3026000000,
    "costOfRevenue": 0,
    "grossProfit": 3026000000,
    "grossProfitRatio": 1,
    "researchAndDevelopmentExpenses": 0,
    "generalAndAdministrativeExpenses": 0,
    "sellingAndMarketingExpenses": 0,
    "sellingGeneralAndAdministrativeExpenses": 0,
    "otherExpenses": 0,
    "operatingExpenses": 0,
    "costAndExpenses": 0,
    "interestIncome": 0,
    "interestExpense": 0,
    "depreciationAndAmortization": 16000000,
    "ebitda": 195000000,
    "ebitdaratio": 0.0644415069,
    "operatingIncome": 179000000,
    "operatingIncomeRatio": 0.0591539987,
    "totalOtherIncomeExpensesNet": 0,
    "incomeBeforeTax": 179000000,
    "incomeBeforeTaxRatio": 0.0591539987,
    "incomeTaxExpense": 36000000,
    "netIncome": 143000000,
    "netIncomeRatio": 0.0472571051,
    "eps": 0.61,
    "epsdiluted": 0.61,
    "weightedAverageShsOut": 234426230,
    "weightedAverageShsOutDil": 234426230,
    "link": "https://www.sec.gov/Archives/edgar/data/874766/000094857296000043/0000948572-96-000043-index.html",
    "finalLink": "https://www.sec.gov/Archives/edgar/data/874766/"
  },
  {
    "date": "1996-03-31",
    "symbol": "HIG",
    "reportedCurrency": "USD",
    "cik": "0000874766",
    "fillingDate": "1996-05-15",
    "acceptedDate": "1996-05-15 00:00:00",
    "calendarYear": "1996",
    "period": "Q1",
    "revenue": 3278000000,
    "costOfRevenue": 0,
    "grossProfit": 3278000000,
    "grossProfitRatio": 1,
    "researchAndDevelopmentExpenses": 0,
    "generalAndAdministrativeExpenses": 0,
    "sellingAndMarketingExpenses": 0,
    "sellingGeneralAndAdministrativeExpenses": 0,
    "otherExpenses": 0,
    "operatingExpenses": 0,
    "costAndExpenses": 0,
    "interestIncome": 0,
    "interestExpense": 0,
    "depreciationAndAmortization": 23000000,
    "ebitda": 137000000,
    "ebitdaratio": 0.0417937767,
    "operatingIncome": 114000000,
    "operatingIncomeRatio": 0.0347773032,
    "totalOtherIncomeExpensesNet": 0,
    "incomeBeforeTax": 114000000,
    "incomeBeforeTaxRatio": 0.0347773032,
    "incomeTaxExpense": 18000000,
    "netIncome": 96000000,
    "netIncomeRatio": 0.0292861501,
    "eps": 0.41,
    "epsdiluted": 0.41,
    "weightedAverageShsOut": 234146341,
    "weightedAverageShsOutDil": 234146341,
    "link": "https://www.sec.gov/Archives/edgar/data/874766/000094857296000039/0000948572-96-000039-index.html",
    "finalLink": "https://www.sec.gov/Archives/edgar/data/874766/"
  },
  {
    "date": "1995-12-31",
    "symbol": "HIG",
    "reportedCurrency": "USD",
    "cik": "0000874766",
    "fillingDate": "1995-12-31",
    "acceptedDate": "1995-12-31 00:00:00",
    "calendarYear": "1995",
    "period": "Q4",
    "revenue": 3274000000,
    "costOfRevenue": 0,
    "grossProfit": 3274000000,
    "grossProfitRatio": 1,
    "researchAndDevelopmentExpenses": 0,
    "generalAndAdministrativeExpenses": 0,
    "sellingAndMarketingExpenses": 0,
    "sellingGeneralAndAdministrativeExpenses": 0,
    "otherExpenses": 3274000000,
    "operatingExpenses": 3274000000,
    "costAndExpenses": 3274000000,
    "interestIncome": 0,
    "interestExpense": 0,
    "depreciationAndAmortization": 20000000,
    "ebitda": 0,
    "ebitdaratio": 0,
    "operatingIncome": 0,
    "operatingIncomeRatio": 0,
    "totalOtherIncomeExpensesNet": 213000000,
    "incomeBeforeTax": 213000000,
    "incomeBeforeTaxRatio": 0.065058033,
    "incomeTaxExpense": 37000000,
    "netIncome": 176000000,
    "netIncomeRatio": 0.0537568723,
    "eps": 0.77,
    "epsdiluted": 0.77,
    "weightedAverageShsOut": 230000000,
    "weightedAverageShsOutDil": 230000000,
    "link": null,
    "finalLink": null
  },
  {
    "date": "1995-09-30",
    "symbol": "HIG",
    "reportedCurrency": "USD",
    "cik": "0000874766",
    "fillingDate": "1995-09-30",
    "acceptedDate": "1995-09-30 00:00:00",
    "calendarYear": "1995",
    "period": "Q3",
    "revenue": 3027000000,
    "costOfRevenue": 0,
    "grossProfit": 3027000000,
    "grossProfitRatio": 1,
    "researchAndDevelopmentExpenses": 0,
    "generalAndAdministrativeExpenses": 0,
    "sellingAndMarketingExpenses": 0,
    "sellingGeneralAndAdministrativeExpenses": 0,
    "otherExpenses": 3027000000,
    "operatingExpenses": 3027000000,
    "costAndExpenses": 3027000000,
    "interestIncome": 0,
    "interestExpense": 0,
    "depreciationAndAmortization": 27000000,
    "ebitda": 0,
    "ebitdaratio": 0,
    "operatingIncome": 0,
    "operatingIncomeRatio": 0,
    "totalOtherIncomeExpensesNet": 220000000,
    "incomeBeforeTax": 220000000,
    "incomeBeforeTaxRatio": 0.0726792204,
    "incomeTaxExpense": 62000000,
    "netIncome": 158000000,
    "netIncomeRatio": 0.0521968946,
    "eps": 0.15,
    "epsdiluted": 0.15,
    "weightedAverageShsOut": 230000000,
    "weightedAverageShsOutDil": 230000000,
    "link": null,
    "finalLink": null
  }
]