[
  {
    "date": "2024-12-31",
    "symbol": "HIG",
    "reportedCurrency": "USD",
    "cik": "0000874766",
    "fillingDate": "2025-02-21",
    "acceptedDate": "2025-02-21 16:18:27",
    "calendarYear": "2024",
    "period": "FY",
    "revenue": 26384000000,
    "costOfRevenue": 22414000000,
    "grossProfit": 3970000000,
    "grossProfitRatio": 0.1504699818,
    "researchAndDevelopmentExpenses": 0,
    "generalAndAdministrativeExpenses": 0,
    "sellingAndMarketingExpenses": 0,
    "sellingGeneralAndAdministrativeExpenses": 0,
    "otherExpenses": 121000000,
    "operatingExpenses": 121000000,
    "costAndExpenses": 22535000000,
    "interestIncome": 0,
    "interestExpense": 199000000,
    "depreciationAndAmortization": 356000000,
    "ebitda": 4205000000,
    "ebitdaratio": 0.1593768951,
    "operatingIncome": 3849000000,
    "operatingIncomeRatio": 0.145883869,
    "totalOtherIncomeExpensesNet": 0,
    "incomeBeforeTax": 3849000000,
    "incomeBeforeTaxRatio": 0.145883869,
    "incomeTaxExpense": 738000000,
    "netIncome": 3111000000,
    "netIncomeRatio": 0.1179123711,
    "eps": 10.51,
    "epsdiluted": 10.35,
    "weightedAverageShsOut": 293900000,
    "weightedAverageShsOutDil": 298600000,
    "link": "https://www.sec.gov/Archives/edgar/data/874766/000087476625000023/0000874766-25-000023-index.htm",
    "finalLink": "https://www.sec.gov/Archives/edgar/data/874766/000087476625000023/hig-20241231.htm"
  },
  {
    "date": "2023-12-31",
    "symbol": "HIG",
    "reportedCurrency": "USD",
    "cik": "0000874766",
    "fillingDate": "2023-12-31",
    "acceptedDate": "2023-12-30 19:00:00",
    "calendarYear": "2023",
    "period": "FY",
    "revenue": 24330000000,
    "costOfRevenue": 21163000000,
    "grossProfit": 3167000000,
    "grossProfitRatio": 0.1301685162,
    "researchAndDevelopmentExpenses": 0,
    "generalAndAdministrativeExpenses": 0,
    "sellingAndMarketingExpenses": 0,
    "sellingGeneralAndAdministrativeExpenses": 0,
    "otherExpenses": 79000000,
    "operatingExpenses": 79000000,
    "costAndExpenses": 21242000000,
    "interestIncome": 0,
    "interestExpense": 199000000,
    "depreciationAndAmortization": 510000000,
    "ebitda": 3598000000,
    "ebitdaratio": 0.1478832717,
    "operatingIncome": 3088000000,
    "operatingIncomeRatio": 0.1269214961,
    "totalOtherIncomeExpensesNet": 0,
    "incomeBeforeTax": 3088000000,
    "incomeBeforeTaxRatio": 0.1269214961,
    "incomeTaxExpense": 584000000,
    "netIncome": 2504000000,
    "netIncomeRatio": 0.102918208,
    "eps": 8.09,
    "epsdiluted": 7.97,
    "weightedAverageShsOut": 307100000,
    "weightedAverageShsOutDil": 311500000,
    "link": null,
    "finalLink": null
  },
  {
    "date": "2022-12-31",
    "symbol": "HIG",
    "reportedCurrency": "USD",
    "cik": "0000874766",
    "fillingDate": "2023-02-24",
    "acceptedDate": "2023-02-24 16:04:22",
    "calendarYear": "2022",
    "period": "FY",
    "revenue": 21854000000,
    "costOfRevenue": 19803000000,
    "grossProfit": 2051000000,
    "grossProfitRatio": 0.0938500961,
    "researchAndDevelopmentExpenses": 0,
    "generalAndAdministrativeExpenses": 0,
    "sellingAndMarketingExpenses": 0,
    "sellingGeneralAndAdministrativeExpenses": 0,
    "otherExpenses": -211000000,
    "operatingExpenses": -211000000,
    "costAndExpenses": 19592000000,
    "interestIncome": 0,
    "interestExpense": 213000000,
    "depreciationAndAmortization": 625000000,
    "ebitda": 2887000000,
    "ebitdaratio": 0.1321039627,
    "operatingIncome": 2262000000,
    "operatingIncomeRatio": 0.1035050792,
    "totalOtherIncomeExpensesNet": 0,
    "incomeBeforeTax": 2262000000,
    "incomeBeforeTaxRatio": 0.1035050792,
    "incomeTaxExpense": 443000000,
    "netIncome": 1819000000,
    "netIncomeRatio": 0.0832341905,
    "eps": 5.52,
    "epsdiluted": 5.44,
    "weightedAverageShsOut": 324800000,
    "weightedAverageShsOutDil": 329500000,
    "link": "https://www.sec.gov/Archives/edgar/data/874766/000087476623000023/0000874766-23-000023-index.htm",
    "finalLink": "https://www.sec.gov/Archives/edgar/data/874766/000087476623000023/hig-20221231.htm"
  },
  {
    "date": "2021-12-31",
    "symbol": "HIG",
    "reportedCurrency": "USD",
    "cik": "0000874766",
    "fillingDate": "2022-02-18",
    "acceptedDate": "2022-02-18 16:08:25",
    "calendarYear": "2021",
    "period": "FY",
    "revenue": 21649000000,
    "costOfRevenue": 19179000000,
    "grossProfit": 2470000000,
    "grossProfitRatio": 0.1140930297,
    "researchAndDevelopmentExpenses": 0,
    "generalAndAdministrativeExpenses": 0,
    "sellingAndMarketingExpenses": 0,
    "sellingGeneralAndAdministrativeExpenses": 0,
    "otherExpenses": -435000000,
    "operatingExpenses": -435000000,
    "costAndExpenses": 18744000000,
    "interestIncome": 0,
    "interestExpense": 234000000,
    "depreciationAndAmortization": 680000000,
    "ebitda": 3585000000,
    "ebitdaratio": 0.1655965634,
    "operatingIncome": 2905000000,
    "operatingIncomeRatio": 0.1341863366,
    "totalOtherIncomeExpensesNet": 0,
    "incomeBeforeTax": 2905000000,
    "incomeBeforeTaxRatio": 0.1341863366,
    "incomeTaxExpense": 534000000,
    "netIncome": 2371000000,
    "netIncomeRatio": 0.1095200702,
    "eps": 6.71,
    "epsdiluted": 6.62,
    "weightedAverageShsOut": 349100000,
    "weightedAverageShsOutDil": 354100000,
    "link": "https://www.sec.gov/Archives/edgar/data/874766/000087476622000019/0000874766-22-000019-index.htm",
    "finalLink": "https://www.sec.gov/Archives/edgar/data/874766/000087476622000019/hig-20211231.htm"
  },
  {
    "date": "2020-12-31",
    "symbol": "HIG",
    "reportedCurrency": "USD",
    "cik": "0000874766",
    "fillingDate": "2021-02-19",
    "acceptedDate": "2021-02-19 16:23:11",
    "calendarYear": "2020",
    "period": "FY",
    "revenue": 20320000000,
    "costOfRevenue": 17991000000,
    "grossProfit": 2329000000,
    "grossProfitRatio": 0.1146161417,
    "researchAndDevelopmentExpenses": 0,
    "generalAndAdministrativeExpenses": 0,
    "sellingAndMarketingExpenses": 0,
    "sellingGeneralAndAdministrativeExpenses": 0,
    "otherExpenses": 209000000,
    "operatingExpenses": 209000000,
    "costAndExpenses": 18200000000,
    "interestIncome": 0,
    "interestExpense": 236000000,
    "depreciationAndAmortization": 562000000,
    "ebitda": 2682000000,
    "ebitdaratio": 0.131988189,
    "operatingIncome": 2120000000,
    "operatingIncomeRatio": 0.1043307087,
    "totalOtherIncomeExpensesNet": 0,
    "incomeBeforeTax": 2120000000,
    "incomeBeforeTaxRatio": 0.1043307087,
    "incomeTaxExpense": 383000000,
    "netIncome": 1737000000,
    "netIncomeRatio": 0.0854822835,
    "eps": 4.79,
    "epsdiluted": 4.76,
    "weightedAverageShsOut": 358300000,
    "weightedAverageShsOutDil": 360600000,
    "link": "https://www.sec.gov/Archives/edgar/data/874766/000087476621000022/0000874766-21-000022-index.htm",
    "finalLink": "https://www.sec.gov/Archives/edgar/data/874766/000087476621000022/hig-20201231.htm"
  },
  {
    "date": "2019-12-31",
    "symbol": "HIG",
    "reportedCurrency": "USD",
    "cik": "0000874766",
    "fillingDate": "2020-02-21",
    "acceptedDate": "2020-02-21 16:18:28",
    "calendarYear": "2019",
    "period": "FY",
    "revenue": 20508000000,
    "costOfRevenue": 17765000000,
    "grossProfit": 2743000000,
    "grossProfitRatio": 0.1337526819,
    "researchAndDevelopmentExpenses": 0,
    "generalAndAdministrativeExpenses": 0,
    "sellingAndMarketingExpenses": 0,
    "sellingGeneralAndAdministrativeExpenses": 0,
    "otherExpenses": 183000000,
    "operatingExpenses": 183000000,
    "costAndExpenses": 17948000000,
    "interestIncome": 0,
    "interestExpense": 259000000,
    "depreciationAndAmortization": 451000000,
    "ebitda": 3270000000,
    "ebitdaratio": 0.1594499707,
    "operatingIncome": 2819000000,
    "operatingIncomeRatio": 0.1374585528,
    "totalOtherIncomeExpensesNet": -259000000,
    "incomeBeforeTax": 2560000000,
    "incomeBeforeTaxRatio": 0.1248293349,
    "incomeTaxExpense": 475000000,
    "netIncome": 2085000000,
    "netIncomeRatio": 0.1016676419,
    "eps": 5.78,
    "epsdiluted": 5.71,
    "weightedAverageShsOut": 360900000,
    "weightedAverageShsOutDil": 364900000,
    "link": "https://www.sec.gov/Archives/edgar/data/874766/000087476620000020/0000874766-20-000020-index.htm",
    "finalLink": "https://www.sec.gov/Archives/edgar/data/874766/000087476620000020/hig1231201910-kdocument.htm"
  },
  {
    "date": "2018-12-31",
    "symbol": "HIG",
    "reportedCurrency": "USD",
    "cik": "0000874766",
    "fillingDate": "2019-02-22",
    "acceptedDate": "2019-02-22 16:09:46",
    "calendarYear": "2018",
    "period": "FY",
    "revenue": 18750000000,
    "costOfRevenue": 16830000000,
    "grossProfit": 1920000000,
    "grossProfitRatio": 0.1024,
    "researchAndDevelopmentExpenses": 0,
    "generalAndAdministrativeExpenses": 0,
    "sellingAndMarketingExpenses": 0,
    "sellingGeneralAndAdministrativeExpenses": 0,
    "otherExpenses": 167000000,
    "operatingExpenses": 167000000,
    "costAndExpenses": 16997000000,
    "interestIncome": 0,
    "interestExpense": 298000000,
    "depreciationAndAmortization": 467000000,
    "ebitda": 2518000000,
    "ebitdaratio": 0.1342933333,
    "operatingIncome": 2051000000,
    "operatingIncomeRatio": 0.1093866667,
    "totalOtherIncomeExpensesNet": -298000000,
    "incomeBeforeTax": 1753000000,
    "incomeBeforeTaxRatio": 0.0934933333,
    "incomeTaxExpense": 268000000,
    "netIncome": 1807000000,
    "netIncomeRatio": 0.0963733333,
    "eps": 5.04,
    "epsdiluted": 4.96,
    "weightedAverageShsOut": 358400000,
    "weightedAverageShsOutDil": 364100000,
    "link": "https://www.sec.gov/Archives/edgar/data/874766/000087476619000018/0000874766-19-000018-index.htm",
    "finalLink": "https://www.sec.gov/Archives/edgar/data/874766/000087476619000018/hig1231201810-kdocument.htm"
  },
  {
    "date": "2017-12-31",
    "symbol": "HIG",
    "reportedCurrency": "USD",
    "cik": "0000874766",
    "fillingDate": "2018-02-23",
    "acceptedDate": "2018-02-23 16:27:29",
    "calendarYear": "2017",
    "period": "FY",
    "revenue": 17162000000,
    "costOfRevenue": 16109000000,
    "grossProfit": 1053000000,
    "grossProfitRatio": 0.0613564853,
    "researchAndDevelopmentExpenses": 0,
    "generalAndAdministrativeExpenses": 0,
    "sellingAndMarketingExpenses": 0,
    "sellingGeneralAndAdministrativeExpenses": 0,
    "otherExpenses": 330000000,
    "operatingExpenses": 330000000,
    "costAndExpenses": 16439000000,
    "interestIncome": 0,
    "interestExpense": 316000000,
    "depreciationAndAmortization": 399000000,
    "ebitda": 1438000000,
    "ebitdaratio": 0.0837897681,
    "operatingIncome": 1039000000,
    "operatingIncomeRatio": 0.0605407295,
    "totalOtherIncomeExpensesNet": -316000000,
    "incomeBeforeTax": 723000000,
    "incomeBeforeTaxRatio": 0.0421279571,
    "incomeTaxExpense": 985000000,
    "netIncome": -3131000000,
    "netIncomeRatio": -0.1824379443,
    "eps": -8.61,
    "epsdiluted": -8.45,
    "weightedAverageShsOut": 363700000,
    "weightedAverageShsOutDil": 370500000,
    "link": "https://www.sec.gov/Archives/edgar/data/874766/000087476618000011/0000874766-18-000011-index.htm",
    "finalLink": "https://www.sec.gov/Archives/edgar/data/874766/000087476618000011/hig1231201710-kdocument.htm"
  },
  {
    "date": "2016-12-31",
    "symbol": "HIG",
    "reportedCurrency": "USD",
    "cik": "0000874766",
    "fillingDate": "2017-02-24",
    "acceptedDate": "2017-02-24 16:06:01",
    "calendarYear": "2016",
    "period": "FY",
    "revenue": 16291000000,
    "costOfRevenue": 15513000000,
    "grossProfit": 778000000,
    "grossProfitRatio": 0.0477564299,
    "researchAndDevelopmentExpenses": 0,
    "generalAndAdministrativeExpenses": 0,
    "sellingAndMarketingExpenses": 0,
    "sellingGeneralAndAdministrativeExpenses": 0,
    "otherExpenses": 331000000,
    "operatingExpenses": 331000000,
    "costAndExpenses": 15844000000,
    "interestIncome": 0,
    "interestExpense": 327000000,
    "depreciationAndAmortization": 398000000,
    "ebitda": 1172000000,
    "ebitdaratio": 0.0719415628,
    "operatingIncome": 774000000,
    "operatingIncomeRatio": 0.0475108956,
    "totalOtherIncomeExpensesNet": -327000000,
    "incomeBeforeTax": 447000000,
    "incomeBeforeTaxRatio": 0.027438463,
    "incomeTaxExpense": -166000000,
    "netIncome": 896000000,
    "netIncomeRatio": 0.0549996931,
    "eps": 2.31,
    "epsdiluted": 2.27,
    "weightedAverageShsOut": 387700000,
    "weightedAverageShsOutDil": 394800000,
    "link": "https://www.sec.gov/Archives/edgar/data/874766/000087476617000010/0000874766-17-000010-index.htm",
    "finalLink": "https://www.sec.gov/Archives/edgar/data/874766/000087476617000010/hig1231201610-kdocument.htm"
  },
  {
    "date": "2015-12-31",
    "symbol": "HIG",
    "reportedCurrency": "USD",
    "cik": "0000874766",
    "fillingDate": "2016-02-26",
    "acceptedDate": "2016-02-26 16:20:31",
    "calendarYear": "2015",
    "period": "FY",
    "revenue": 15997000000,
    "costOfRevenue": 14148000000,
    "grossProfit": 1849000000,
    "grossProfitRatio": 0.115584172,
    "researchAndDevelopmentExpenses": 0,
    "generalAndAdministrativeExpenses": 0,
    "sellingAndMarketingExpenses": 0,
    "sellingGeneralAndAdministrativeExpenses": 0,
    "otherExpenses": 371000000,
    "operatingExpenses": 371000000,
    "costAndExpenses": 14519000000,
    "interestIncome": 0,
    "interestExpense": 346000000,
    "depreciationAndAmortization": 373000000,
    "ebitda": 2197000000,
    "ebitdaratio": 0.1373382509,
    "operatingIncome": 1824000000,
    "operatingIncomeRatio": 0.114021379,
    "totalOtherIncomeExpensesNet": -346000000,
    "incomeBeforeTax": 1478000000,
    "incomeBeforeTaxRatio": 0.0923923236,
    "incomeTaxExpense": 289000000,
    "netIncome": 1682000000,
    "netIncomeRatio": 0.1051447146,
    "eps": 4.05,
    "epsdiluted": 3.96,
    "weightedAverageShsOut": 415500000,
    "weightedAverageShsOutDil": 425200000,
    "link": "https://www.sec.gov/Archives/edgar/data/874766/000087476616000046/0000874766-16-000046-index.htm",
    "finalLink": "https://www.sec.gov/Archives/edgar/data/874766/000087476616000046/hig1231201510-kdocument.htm"
  },
  {
    "date": "2014-12-31",
    "symbol": "HIG",
    "reportedCurrency": "USD",
    "cik": "0000874766",
    "fillingDate": "2015-02-27",
    "acceptedDate": "2015-02-27 16:10:45",
    "calendarYear": "2014",
    "period": "FY",
    "revenue": 18614000000,
    "costOfRevenue": 16539000000,
    "grossProfit": 2075000000,
    "grossProfitRatio": 0.1114752337,
    "researchAndDevelopmentExpenses": 0,
    "generalAndAdministrativeExpenses": 0,
    "sellingAndMarketingExpenses": 0,
    "sellingGeneralAndAdministrativeExpenses": 0,
    "otherExpenses": 376000000,
    "operatingExpenses": 376000000,
    "costAndExpenses": 16915000000,
    "interestIncome": 0,
    "interestExpense": 376000000,
    "depreciationAndAmortization": 276000000,
    "ebitda": 2351000000,
    "ebitdaratio": 0.1263027829,
    "operatingIncome": 2075000000,
    "operatingIncomeRatio": 0.1114752337,
    "totalOtherIncomeExpensesNet": -376000000,
    "incomeBeforeTax": 1699000000,
    "incomeBeforeTaxRatio": 0.0912753841,
    "incomeTaxExpense": 350000000,
    "netIncome": 798000000,
    "netIncomeRatio": 0.0428709573,
    "eps": 1.81,
    "epsdiluted": 1.73,
    "weightedAverageShsOut": 441800000,
    "weightedAverageShsOutDil": 460200000,
    "link": "https://www.sec.gov/Archives/edgar/data/874766/000087476615000013/0000874766-15-000013-index.htm",
    "finalLink": "https://www.sec.gov/Archives/edgar/data/874766/000087476615000013/hig1231201410-kdocument.htm"
  },
  {
    "date": "2013-12-31",
    "symbol": "HIG",
    "reportedCurrency": "USD",
    "cik": "0000874766",
    "fillingDate": "2014-02-28",
    "acceptedDate": "2014-02-28 16:48:19",
    "calendarYear": "2013",
    "period": "FY",
    "revenue": 20673000000,
    "costOfRevenue": 18592000000,
    "grossProfit": 2081000000,
    "grossProfitRatio": 0.1006627001,
    "researchAndDevelopmentExpenses": 0,
    "generalAndAdministrativeExpenses": 0,
    "sellingAndMarketingExpenses": 0,
    "sellingGeneralAndAdministrativeExpenses": 0,
    "otherExpenses": 610000000,
    "operatingExpenses": 610000000,
    "costAndExpenses": 19202000000,
    "interestIncome": 0,
    "interestExpense": 397000000,
    "depreciationAndAmortization": 189000000,
    "ebitda": 2057000000,
    "ebitdaratio": 0.0995017656,
    "operatingIncome": 1868000000,
    "operatingIncomeRatio": 0.090359406,
    "totalOtherIncomeExpensesNet": -397000000,
    "incomeBeforeTax": 1471000000,
    "incomeBeforeTaxRatio": 0.0711556136,
    "incomeTaxExpense": 246000000,
    "netIncome": 176000000,
    "netIncomeRatio": 0.0085135201,
    "eps": 0.37,
    "epsdiluted": 0.34,
    "weightedAverageShsOut": 447700000,
    "weightedAverageShsOutDil": 490600000,
    "link": "https://www.sec.gov/Archives/edgar/data/874766/000087476614000007/0000874766-14-000007-index.htm",
    "finalLink": "https://www.sec.gov/Archives/edgar/data/874766/000087476614000007/hig1231201310-kdocument.htm"
  },
  {
    "date": "2012-12-31",
    "symbol": "HIG",
    "reportedCurrency": "USD",
    "cik": "0000874766",
    "fillingDate": "2013-03-01",
    "acceptedDate": "2013-03-01 16:26:44",
    "calendarYear": "2012",
    "period": "FY",
    "revenue": 22086000000,
    "costOfRevenue": 20808000000,
    "grossProfit": 1278000000,
    "grossProfitRatio": 0.0578647107,
    "researchAndDevelopmentExpenses": 0,
    "generalAndAdministrativeExpenses": 0,
    "sellingAndMarketingExpenses": 0,
    "sellingGeneralAndAdministrativeExpenses": 0,
    "otherExpenses": 1367000000,
    "operatingExpenses": 1367000000,
    "costAndExpenses": 22175000000,
    "interestIncome": 0,
    "interestExpense": 457000000,
    "depreciationAndAmortization": 467000000,
    "ebitda": 835000000,
    "ebitdaratio": 0.0378067554,
    "operatingIncome": 368000000,
    "operatingIncomeRatio": 0.0166621389,
    "totalOtherIncomeExpensesNet": -457000000,
    "incomeBeforeTax": -89000000,
    "incomeBeforeTaxRatio": -0.0040297021,
    "incomeTaxExpense": -309000000,
    "netIncome": -38000000,
    "netIncomeRatio": -0.001720547,
    "eps": -0.0868,
    "epsdiluted": -0.0781,
    "weightedAverageShsOut": 437700000,
    "weightedAverageShsOutDil": 486800000,
    "link": "https://www.sec.gov/Archives/edgar/data/874766/000087476613000021/0000874766-13-000021-index.htm",
    "finalLink": "https://www.sec.gov/Archives/edgar/data/874766/000087476613000021/hig12311210-kdocument.htm"
  },
  {
    "date": "2011-12-31",
    "symbol": "HIG",
    "reportedCurrency": "USD",
    "cik": "0000874766",
    "fillingDate": "2012-02-24",
    "acceptedDate": "2012-02-24 16:34:45",
    "calendarYear": "2011",
    "period": "FY",
    "revenue": 21733000000,
    "costOfRevenue": 20995000000,
    "grossProfit": 738000000,
    "grossProfitRatio": 0.033957576,
    "researchAndDevelopmentExpenses": 0,
    "generalAndAdministrativeExpenses": 0,
    "sellingAndMarketingExpenses": 0,
    "sellingGeneralAndAdministrativeExpenses": 4398000000,
    "otherExpenses": -3860000000,
    "operatingExpenses": 538000000,
    "costAndExpenses": 21533000000,
    "interestIncome": 0,
    "interestExpense": 508000000,
    "depreciationAndAmortization": 668000000,
    "ebitda": 1376000000,
    "ebitdaratio": 0.0633138545,
    "operatingIncome": 708000000,
    "operatingIncomeRatio": 0.0325771868,
    "totalOtherIncomeExpensesNet": -508000000,
    "incomeBeforeTax": 200000000,
    "incomeBeforeTaxRatio": 0.0092025951,
    "incomeTaxExpense": -373000000,
    "netIncome": 712000000,
    "netIncomeRatio": 0.0327612387,
    "eps": 1.53,
    "epsdiluted": 1.38,
    "weightedAverageShsOut": 431500000,
    "weightedAverageShsOutDil": 478000000,
    "link": "https://www.sec.gov/Archives/edgar/data/874766/000095012312003120/0000950123-12-003120-index.htm",
    "finalLink": "https://www.sec.gov/Archives/edgar/data/874766/000095012312003120/c25396e10vk.htm"
  },
  {
    "date": "2010-12-31",
    "symbol": "HIG",
    "reportedCurrency": "USD",
    "cik": "0000874766",
    "fillingDate": "2011-02-25",
    "acceptedDate": "2011-02-25 17:41:09",
    "calendarYear": "2010",
    "period": "FY",
    "revenue": 22049000000,
    "costOfRevenue": 19269000000,
    "grossProfit": 2780000000,
    "grossProfitRatio": 0.1260828155,
    "researchAndDevelopmentExpenses": 0,
    "generalAndAdministrativeExpenses": 0,
    "sellingAndMarketingExpenses": 0,
    "sellingGeneralAndAdministrativeExpenses": 4663000000,
    "otherExpenses": -4155000000,
    "operatingExpenses": 508000000,
    "costAndExpenses": 19777000000,
    "interestIncome": 0,
    "interestExpense": 508000000,
    "depreciationAndAmortization": 596000000,
    "ebitda": 3376000000,
    "ebitdaratio": 0.1531135199,
    "operatingIncome": 2780000000,
    "operatingIncomeRatio": 0.1260828155,
    "totalOtherIncomeExpensesNet": -508000000,
    "incomeBeforeTax": 2272000000,
    "incomeBeforeTaxRatio": 0.1030432219,
    "incomeTaxExpense": 572000000,
    "netIncome": 1636000000,
    "netIncomeRatio": 0.0741983763,
    "eps": 2.7,
    "epsdiluted": 2.49,
    "weightedAverageShsOut": 431500000,
    "weightedAverageShsOutDil": 481500000,
    "link": "https://www.sec.gov/Archives/edgar/data/874766/000095012311018937/0000950123-11-018937-index.htm",
    "finalLink": "https://www.sec.gov/Archives/edgar/data/874766/000095012311018937/c13002e10vk.htm"
  },
  {
    "date": "2009-12-31",
    "symbol": "HIG",
    "reportedCurrency": "USD",
    "cik": "0000874766",
    "fillingDate": "2010-02-23",
    "acceptedDate": "2010-02-23 16:14:57",
    "calendarYear": "2009",
    "period": "FY",
    "revenue": 24701000000,
    "costOfRevenue": 17019000000,
    "grossProfit": 7682000000,
    "grossProfitRatio": 0.3109995547,
    "researchAndDevelopmentExpenses": 0,
    "generalAndAdministrativeExpenses": 0,
    "sellingAndMarketingExpenses": 0,
    "sellingGeneralAndAdministrativeExpenses": 4635000000,
    "otherExpenses": 4775000000,
    "operatingExpenses": 9410000000,
    "costAndExpenses": 26429000000,
    "interestIncome": 0,
    "interestExpense": 476000000,
    "depreciationAndAmortization": 470000000,
    "ebitda": -782000000,
    "ebitdaratio": -0.0316586373,
    "operatingIncome": -1252000000,
    "operatingIncomeRatio": -0.050686207,
    "totalOtherIncomeExpensesNet": -476000000,
    "incomeBeforeTax": -1728000000,
    "incomeBeforeTaxRatio": -0.0699566819,
    "incomeTaxExpense": -841000000,
    "netIncome": -887000000,
    "netIncomeRatio": -0.0359094773,
    "eps": -2.56,
    "epsdiluted": -2.45,
    "weightedAverageShsOut": 346300000,
    "weightedAverageShsOutDil": 361800000,
    "link": "https://www.sec.gov/Archives/edgar/data/874766/000095012310015756/0000950123-10-015756-index.htm",
    "finalLink": "https://www.sec.gov/Archives/edgar/data/874766/000095012310015756/c96333e10vk.htm"
  },
  {
    "date": "2008-12-31",
    "symbol": "HIG",
    "reportedCurrency": "USD",
    "cik": "0000874766",
    "fillingDate": "2009-02-12",
    "acceptedDate": "2009-02-11 20:55:33",
    "calendarYear": "2008",
    "period": "FY",
    "revenue": 9219000000,
    "costOfRevenue": 24428000000,
    "grossProfit": -15209000000,
    "grossProfitRatio": -1.6497450917,
    "researchAndDevelopmentExpenses": 0,
    "generalAndAdministrativeExpenses": 0,
    "sellingAndMarketingExpenses": 0,
    "sellingGeneralAndAdministrativeExpenses": 3993000000,
    "otherExpenses": -14611000000,
    "operatingExpenses": -10618000000,
    "costAndExpenses": 13810000000,
    "interestIncome": 0,
    "interestExpense": 343000000,
    "depreciationAndAmortization": 361000000,
    "ebitda": -3887000000,
    "ebitdaratio": -0.421629244,
    "operatingIncome": -4248000000,
    "operatingIncomeRatio": -0.4607875041,
    "totalOtherIncomeExpensesNet": -343000000,
    "incomeBeforeTax": -4591000000,
    "incomeBeforeTaxRatio": -0.4979932748,
    "incomeTaxExpense": -1842000000,
    "netIncome": -2749000000,
    "netIncomeRatio": -0.2981885237,
    "eps": -8.9,
    "epsdiluted": -8.9,
    "weightedAverageShsOut": 308800000,
    "weightedAverageShsOutDil": 308800000,
    "link": "https://www.sec.gov/Archives/edgar/data/874766/000136231009001777/0001362310-09-001777-index.htm",
    "finalLink": "https://www.sec.gov/Archives/edgar/data/874766/000136231009001777/c80697e10vk.htm"
  },
  {
    "date": "2007-12-31",
    "symbol": "HIG",
    "reportedCurrency": "USD",
    "cik": "0000874766",
    "fillingDate": "2008-02-22",
    "acceptedDate": "2008-02-22 16:24:24",
    "calendarYear": "2007",
    "period": "FY",
    "revenue": 25916000000,
    "costOfRevenue": 17053000000,
    "grossProfit": 8863000000,
    "grossProfitRatio": 0.3419895046,
    "researchAndDevelopmentExpenses": 0,
    "generalAndAdministrativeExpenses": 0,
    "sellingAndMarketingExpenses": 0,
    "sellingGeneralAndAdministrativeExpenses": 0,
    "otherExpenses": 4858000000,
    "operatingExpenses": 4858000000,
    "costAndExpenses": 21911000000,
    "interestIncome": 0,
    "interestExpense": 263000000,
    "depreciationAndAmortization": 794000000,
    "ebitda": 5062000000,
    "ebitdaratio": 0.1953233524,
    "operatingIncome": 4268000000,
    "operatingIncomeRatio": 0.1646859083,
    "totalOtherIncomeExpensesNet": -263000000,
    "incomeBeforeTax": 4005000000,
    "incomeBeforeTaxRatio": 0.1545377373,
    "incomeTaxExpense": 1056000000,
    "netIncome": 2949000000,
    "netIncomeRatio": 0.1137907084,
    "eps": 9.32,
    "epsdiluted": 9.24,
    "weightedAverageShsOut": 316300000,
    "weightedAverageShsOutDil": 319100000,
    "link": "https://www.sec.gov/Archives/edgar/data/874766/000095012308002003/0000950123-08-002003-index.htm",
    "finalLink": "https://www.sec.gov/Archives/edgar/data/874766/000095012308002003/y49953e10vk.htm"
  },
  {
    "date": "2006-12-31",
    "symbol": "HIG",
    "reportedCurrency": "USD",
    "cik": "0000874766",
    "fillingDate": "2007-02-23",
    "acceptedDate": "2007-02-23 16:10:56",
    "calendarYear": "2006",
    "period": "FY",
    "revenue": 26500000000,
    "costOfRevenue": 18600000000,
    "grossProfit": 7900000000,
    "grossProfitRatio": 0.2981132075,
    "researchAndDevelopmentExpenses": 0,
    "generalAndAdministrativeExpenses": 0,
    "sellingAndMarketingExpenses": 0,
    "sellingGeneralAndAdministrativeExpenses": 0,
    "otherExpenses": 4298000000,
    "operatingExpenses": 4298000000,
    "costAndExpenses": 22898000000,
    "interestIncome": 0,
    "interestExpense": 277000000,
    "depreciationAndAmortization": 606000000,
    "ebitda": 4485000000,
    "ebitdaratio": 0.169245283,
    "operatingIncome": 3879000000,
    "operatingIncomeRatio": 0.1463773585,
    "totalOtherIncomeExpensesNet": -277000000,
    "incomeBeforeTax": 3602000000,
    "incomeBeforeTaxRatio": 0.1359245283,
    "incomeTaxExpense": 857000000,
    "netIncome": 2745000000,
    "netIncomeRatio": 0.1035849057,
    "eps": 8.89,
    "epsdiluted": 8.69,
    "weightedAverageShsOut": 308800000,
    "weightedAverageShsOutDil": 315900000,
    "link": "https://www.sec.gov/Archives/edgar/data/874766/000095012307002663/0000950123-07-002663-index.htm",
    "finalLink": "https://www.sec.gov/Archives/edgar/data/874766/000095012307002663/y30259e10vk.htm"
  },
  {
    "date": "2005-12-31",
    "symbol": "HIG",
    "reportedCurrency": "USD",
    "cik": "0000874766",
    "fillingDate": "2006-02-24",
    "acceptedDate": "2006-02-24 16:52:19",
    "calendarYear": "2005",
    "period": "FY",
    "revenue": 27083000000,
    "costOfRevenue": 19945000000,
    "grossProfit": 7138000000,
    "grossProfitRatio": 0.2635601669,
    "researchAndDevelopmentExpenses": 0,
    "generalAndAdministrativeExpenses": 0,
    "sellingAndMarketingExpenses": 0,
    "sellingGeneralAndAdministrativeExpenses": 0,
    "otherExpenses": 4153000000,
    "operatingExpenses": 4153000000,
    "costAndExpenses": 24098000000,
    "interestIncome": 0,
    "interestExpense": 252000000,
    "depreciationAndAmortization": 561000000,
    "ebitda": 3798000000,
    "ebitdaratio": 0.1402355721,
    "operatingIncome": 3237000000,
    "operatingIncomeRatio": 0.119521471,
    "totalOtherIncomeExpensesNet": -252000000,
    "incomeBeforeTax": 2985000000,
    "incomeBeforeTaxRatio": 0.1102167411,
    "incomeTaxExpense": 711000000,
    "netIncome": 2274000000,
    "netIncomeRatio": 0.0839641103,
    "eps": 7.63,
    "epsdiluted": 7.44,
    "weightedAverageShsOut": 298000000,
    "weightedAverageShsOutDil": 305600000,
    "link": "https://www.sec.gov/Archives/edgar/data/874766/000095012306002232/0000950123-06-002232-index.htm",
    "finalLink": "https://www.sec.gov/Archives/edgar/data/874766/000095012306002232/y17778e10vk.htm"
  },
  {
    "date": "2004-12-31",
    "symbol": "HIG",
    "reportedCurrency": "USD",
    "cik": "0000874766",
    "fillingDate": "2005-02-28",
    "acceptedDate": "2005-02-28 16:24:57",
    "calendarYear": "2004",
    "period": "FY",
    "revenue": 22708000000,
    "costOfRevenue": 16483000000,
    "grossProfit": 6225000000,
    "grossProfitRatio": 0.2741324643,
    "researchAndDevelopmentExpenses": 0,
    "generalAndAdministrativeExpenses": 0,
    "sellingAndMarketingExpenses": 0,
    "sellingGeneralAndAdministrativeExpenses": 0,
    "otherExpenses": 3702000000,
    "operatingExpenses": 3702000000,
    "costAndExpenses": 20185000000,
    "interestIncome": 0,
    "interestExpense": 251000000,
    "depreciationAndAmortization": 274000000,
    "ebitda": 3048000000,
    "ebitdaratio": 0.1342258235,
    "operatingIncome": 2774000000,
    "operatingIncomeRatio": 0.1221595913,
    "totalOtherIncomeExpensesNet": -251000000,
    "incomeBeforeTax": 2523000000,
    "incomeBeforeTaxRatio": 0.1111062181,
    "incomeTaxExpense": 385000000,
    "netIncome": 2115000000,
    "netIncomeRatio": 0.0931389819,
    "eps": 7.24,
    "epsdiluted": 7.12,
    "weightedAverageShsOut": 292300000,
    "weightedAverageShsOutDil": 297000000,
    "link": "https://www.sec.gov/Archives/edgar/data/874766/000095012305002392/0000950123-05-002392-index.htm",
    "finalLink": "https://www.sec.gov/Archives/edgar/data/874766/000095012305002392/y06108ke10vk.htm"
  },
  {
    "date": "2003-12-31",
    "symbol": "HIG",
    "reportedCurrency": "USD",
    "cik": "0000874766",
    "fillingDate": "2004-02-27",
    "acceptedDate": "2004-02-27 16:34:18",
    "calendarYear": "2003",
    "period": "FY",
    "revenue": 18733000000,
    "costOfRevenue": 15959000000,
    "grossProfit": 2774000000,
    "grossProfitRatio": 0.1480809267,
    "researchAndDevelopmentExpenses": 0,
    "generalAndAdministrativeExpenses": 0,
    "sellingAndMarketingExpenses": 0,
    "sellingGeneralAndAdministrativeExpenses": 0,
    "otherExpenses": 3324000000,
    "operatingExpenses": 3324000000,
    "costAndExpenses": 19283000000,
    "interestIncome": 0,
    "interestExpense": 271000000,
    "depreciationAndAmortization": 219000000,
    "ebitda": -60000000,
    "ebitdaratio": -0.003202904,
    "operatingIncome": -279000000,
    "operatingIncomeRatio": -0.0148935034,
    "totalOtherIncomeExpensesNet": -271000000,
    "incomeBeforeTax": -550000000,
    "incomeBeforeTaxRatio": -0.029359953,
    "incomeTaxExpense": -459000000,
    "netIncome": -91000000,
    "netIncomeRatio": -0.0048577377,
    "eps": -0.33,
    "epsdiluted": -0.33,
    "weightedAverageShsOut": 272400000,
    "weightedAverageShsOutDil": 272400000,
    "link": "https://www.sec.gov/Archives/edgar/data/874766/000094857204000011/0000948572-04-000011-index.htm",
    "finalLink": "https://www.sec.gov/Archives/edgar/data/874766/000094857204000011/b10k123103.txt"
  },
  {
    "date": "2002-12-31",
    "symbol": "HIG",
    "reportedCurrency": "USD",
    "cik": "0000874766",
    "fillingDate": "2003-03-03",
    "acceptedDate": "2003-03-03 16:29:16",
    "calendarYear": "2002",
    "period": "FY",
    "revenue": 16417000000,
    "costOfRevenue": 12275000000,
    "grossProfit": 4142000000,
    "grossProfitRatio": 0.2522994457,
    "researchAndDevelopmentExpenses": 0,
    "generalAndAdministrativeExpenses": 0,
    "sellingAndMarketingExpenses": 0,
    "sellingGeneralAndAdministrativeExpenses": 0,
    "otherExpenses": 3074000000,
    "operatingExpenses": 3074000000,
    "costAndExpenses": 15349000000,
    "interestIncome": 0,
    "interestExpense": 0,
    "depreciationAndAmortization": 2345000000,
    "ebitda": 3413000000,
    "ebitdaratio": 0.207894256,
    "operatingIncome": 1068000000,
    "operatingIncomeRatio": 0.0650545167,
    "totalOtherIncomeExpensesNet": 0,
    "incomeBeforeTax": 1068000000,
    "incomeBeforeTaxRatio": 0.0650545167,
    "incomeTaxExpense": 68000000,
    "netIncome": 1000000000,
    "netIncomeRatio": 0.0609124688,
    "eps": 4.01,
    "epsdiluted": 3.97,
    "weightedAverageShsOut": 249400000,
    "weightedAverageShsOutDil": 251800000,
    "link": "https://www.sec.gov/Archives/edgar/data/874766/000094857203000012/0000948572-03-000012-index.htm",
    "finalLink": "https://www.sec.gov/Archives/edgar/data/874766/000094857203000012/b10k12312002.txt"
  },
  {
    "date": "2001-12-31",
    "symbol": "HIG",
    "reportedCurrency": "USD",
    "cik": "0000874766",
    "fillingDate": "2002-03-20",
    "acceptedDate": "2002-03-20 00:00:00",
    "calendarYear": "2001",
    "period": "FY",
    "revenue": 15980000000,
    "costOfRevenue": 11978000000,
    "grossProfit": 4002000000,
    "grossProfitRatio": 0.2504380476,
    "researchAndDevelopmentExpenses": 0,
    "generalAndAdministrativeExpenses": 0,
    "sellingAndMarketingExpenses": 0,
    "sellingGeneralAndAdministrativeExpenses": 0,
    "otherExpenses": 2815000000,
    "operatingExpenses": 2815000000,
    "costAndExpenses": 14793000000,
    "interestIncome": 0,
    "interestExpense": 0,
    "depreciationAndAmortization": 72000000,
    "ebitda": 413000000,
    "ebitdaratio": 0.025844806,
    "operatingIncome": 341000000,
    "operatingIncomeRatio": 0.021339174,
    "totalOtherIncomeExpensesNet": 0,
    "incomeBeforeTax": 341000000,
    "incomeBeforeTaxRatio": 0.021339174,
    "incomeTaxExpense": -200000000,
    "netIncome": 507000000,
    "netIncomeRatio": 0.0317271589,
    "eps": 2.13,
    "epsdiluted": 2.1,
    "weightedAverageShsOut": 237700000,
    "weightedAverageShsOutDil": 241400000,
    "link": "https://www.sec.gov/Archives/edgar/data/874766/000094857202000009/0000948572-02-000009-index.htm",
    "finalLink": "https://www.sec.gov/Archives/edgar/data/874766/000094857202000009/b10kdec01.txt"
  },
  {
    "date": "2000-12-31",
    "symbol": "HIG",
    "reportedCurrency": "USD",
    "cik": "0000874766",
    "fillingDate": "2001-03-23",
    "acceptedDate": "2001-03-23 00:00:00",
    "calendarYear": "2000",
    "period": "FY",
    "revenue": 14703000000,
    "costOfRevenue": 10632000000,
    "grossProfit": 4071000000,
    "grossProfitRatio": 0.2768822689,
    "researchAndDevelopmentExpenses": 0,
    "generalAndAdministrativeExpenses": 0,
    "sellingAndMarketingExpenses": 0,
    "sellingGeneralAndAdministrativeExpenses": 0,
    "otherExpenses": 2653000000,
    "operatingExpenses": 2653000000,
    "costAndExpenses": 13285000000,
    "interestIncome": 0,
    "interestExpense": 0,
    "depreciationAndAmortization": 63000000,
    "ebitda": 1481000000,
    "ebitdaratio": 0.1007277426,
    "operatingIncome": 1418000000,
    "operatingIncomeRatio": 0.0964429028,
    "totalOtherIncomeExpensesNet": 0,
    "incomeBeforeTax": 1418000000,
    "incomeBeforeTaxRatio": 0.0964429028,
    "incomeTaxExpense": 390000000,
    "netIncome": 974000000,
    "netIncomeRatio": 0.066244984,
    "eps": 4.42,
    "epsdiluted": 4.34,
    "weightedAverageShsOut": 220600000,
    "weightedAverageShsOutDil": 224400000,
    "link": "https://www.sec.gov/Archives/edgar/data/874766/000094857201000009/0000948572-01-000009-index.htm",
    "finalLink": "https://www.sec.gov/Archives/edgar/data/874766/000094857201000009/0000948572-01-000009-0001.txt"
  },
  {
    "date": "1999-12-31",
    "symbol": "HIG",
    "reportedCurrency": "USD",
    "cik": "0000874766",
    "fillingDate": "2000-03-24",
    "acceptedDate": "2000-03-24 00:00:00",
    "calendarYear": "1999",
    "period": "FY",
    "revenue": 13528000000,
    "costOfRevenue": 9913000000,
    "grossProfit": 3615000000,
    "grossProfitRatio": 0.2672235364,
    "researchAndDevelopmentExpenses": 0,
    "generalAndAdministrativeExpenses": 0,
    "sellingAndMarketingExpenses": 0,
    "sellingGeneralAndAdministrativeExpenses": 0,
    "otherExpenses": 2380000000,
    "operatingExpenses": 2380000000,
    "costAndExpenses": 12293000000,
    "interestIncome": 0,
    "interestExpense": 0,
    "depreciationAndAmortization": 58000000,
    "ebitda": 1293000000,
    "ebitdaratio": 0.0955795387,
    "operatingIncome": 1235000000,
    "operatingIncomeRatio": 0.0912921348,
    "totalOtherIncomeExpensesNet": 0,
    "incomeBeforeTax": 1235000000,
    "incomeBeforeTaxRatio": 0.0912921348,
    "incomeTaxExpense": 287000000,
    "netIncome": 862000000,
    "netIncomeRatio": 0.0637196925,
    "eps": 3.83,
    "epsdiluted": 3.79,
    "weightedAverageShsOut": 224900000,
    "weightedAverageShsOutDil": 227500000,
    "link": "https://www.sec.gov/Archives/edgar/data/874766/000094857200000014/0000948572-00-000014-index.html",
    "finalLink": "https://www.sec.gov/Archives/edgar/data/874766/000094857200000014/"
  },
  {
    "date": "1998-12-31",
    "symbol": "HIG",
    "reportedCurrency": "USD",
    "cik": "0000874766",
    "fillingDate": "1999-03-26",
    "acceptedDate": "1999-03-26 00:00:00",
    "calendarYear": "1998",
    "period": "FY",
    "revenue": 15022000000,
    "costOfRevenue": 10633000000,
    "grossProfit": 4389000000,
    "grossProfitRatio": 0.2921714818,
    "researchAndDevelopmentExpenses": 0,
    "generalAndAdministrativeExpenses": 0,
    "sellingAndMarketingExpenses": 0,
    "sellingGeneralAndAdministrativeExpenses": 0,
    "otherExpenses": 2914000000,
    "operatingExpenses": 2914000000,
    "costAndExpenses": 13547000000,
    "interestIncome": 0,
    "interestExpense": 0,
    "depreciationAndAmortization": 103000000,
    "ebitda": 1578000000,
    "ebitdaratio": 0.1050459326,
    "operatingIncome": 1475000000,
    "operatingIncomeRatio": 0.0981893223,
    "totalOtherIncomeExpensesNet": 0,
    "incomeBeforeTax": 1475000000,
    "incomeBeforeTaxRatio": 0.0981893223,
    "incomeTaxExpense": 388000000,
    "netIncome": 1015000000,
    "netIncomeRatio": 0.0675675676,
    "eps": 4.36,
    "epsdiluted": 4.3,
    "weightedAverageShsOut": 232800000,
    "weightedAverageShsOutDil": 236200000,
    "link": "https://www.sec.gov/Archives/edgar/data/874766/000094857299000004/0000948572-99-000004-index.html",
    "finalLink": "https://www.sec.gov/Archives/edgar/data/874766/"
  },
  {
    "date": "1997-12-31",
    "symbol": "HIG",
    "reportedCurrency": "USD",
    "cik": "0000874766",
    "fillingDate": "1998-03-27",
    "acceptedDate": "1998-03-27 00:00:00",
    "calendarYear": "1997",
    "period": "FY",
    "revenue": 13829000000,
    "costOfRevenue": 9865000000,
    "grossProfit": 3964000000,
    "grossProfitRatio": 0.286644009,
    "researchAndDevelopmentExpenses": 0,
    "generalAndAdministrativeExpenses": 0,
    "sellingAndMarketingExpenses": 0,
    "sellingGeneralAndAdministrativeExpenses": 0,
    "otherExpenses": 1737000000,
    "operatingExpenses": 1737000000,
    "costAndExpenses": 11602000000,
    "interestIncome": 0,
    "interestExpense": 0,
    "depreciationAndAmortization": 85000000,
    "ebitda": 1751000000,
    "ebitdaratio": 0.1266179767,
    "operatingIncome": 1666000000,
    "operatingIncomeRatio": 0.120471473,
    "totalOtherIncomeExpensesNet": 0,
    "incomeBeforeTax": 1666000000,
    "incomeBeforeTaxRatio": 0.120471473,
    "incomeTaxExpense": 334000000,
    "netIncome": 1332000000,
    "netIncomeRatio": 0.0963193289,
    "eps": 5.65,
    "epsdiluted": 5.58,
    "weightedAverageShsOut": 236000000,
    "weightedAverageShsOutDil": 238800000,
    "link": "https://www.sec.gov/Archives/edgar/data/874766/000094857298000007/0000948572-98-000007-index.html",
    "finalLink": "https://www.sec.gov/Archives/edgar/data/874766/"
  },
  {
    "date": "1996-12-31",
    "symbol": "HIG",
    "reportedCurrency": "USD",
    "cik": "0000874766",
    "fillingDate": "1997-03-28",
    "acceptedDate": "1997-03-28 00:00:00",
    "calendarYear": "1996",
    "period": "FY",
    "revenue": 12577000000,
    "costOfRevenue": 10620000000,
    "grossProfit": 1957000000,
    "grossProfitRatio": 0.1556014948,
    "researchAndDevelopmentExpenses": 0,
    "generalAndAdministrativeExpenses": 0,
    "sellingAndMarketingExpenses": 0,
    "sellingGeneralAndAdministrativeExpenses": 0,
    "otherExpenses": 2171000000,
    "operatingExpenses": 2171000000,
    "costAndExpenses": 12791000000,
    "interestIncome": 0,
    "interestExpense": 0,
    "depreciationAndAmortization": 81000000,
    "ebitda": -237000000,
    "ebitdaratio": -0.0188439214,
    "operatingIncome": -318000000,
    "operatingIncomeRatio": -0.025284249,
    "totalOtherIncomeExpensesNet": 0,
    "incomeBeforeTax": -318000000,
    "incomeBeforeTaxRatio": -0.025284249,
    "incomeTaxExpense": -219000000,
    "netIncome": -99000000,
    "netIncomeRatio": -0.0078715115,
    "eps": -0.42,
    "epsdiluted": -0.42,
    "weightedAverageShsOut": 234600000,
    "weightedAverageShsOutDil": 234600000,
    "link": "https://www.sec.gov/Archives/edgar/data/874766/000094857297000016/0000948572-97-000016-index.html",
    "finalLink": "https://www.sec.gov/Archives/edgar/data/874766/"
  },
  {
    "date": "1995-12-31",
    "symbol": "HIG",
    "reportedCurrency": "USD",
    "cik": "0000874766",
    "fillingDate": "1995-12-31",
    "acceptedDate": "1995-12-31 00:00:00",
    "calendarYear": "1995",
    "period": "FY",
    "revenue": 12150000000,
    "costOfRevenue": 0,
    "grossProfit": 12150000000,
    "grossProfitRatio": 1,
    "researchAndDevelopmentExpenses": 0,
    "generalAndAdministrativeExpenses": 0,
    "sellingAndMarketingExpenses": 0,
    "sellingGeneralAndAdministrativeExpenses": 0,
    "otherExpenses": 0,
    "operatingExpenses": 0,
    "costAndExpenses": 0,
    "interestIncome": 0,
    "interestExpense": 0,
    "depreciationAndAmortization": 85000000,
    "ebitda": 827000000,
    "ebitdaratio": 0.0680658436,
    "operatingIncome": 742000000,
    "operatingIncomeRatio": 0.0610699588,
    "totalOtherIncomeExpensesNet": 0,
    "incomeBeforeTax": 742000000,
    "incomeBeforeTaxRatio": 0.0610699588,
    "incomeTaxExpense": 180000000,
    "netIncome": 562000000,
    "netIncomeRatio": 0.046255144,
    "eps": 2.39,
    "epsdiluted": 2.38,
    "weightedAverageShsOut": 233891213,
    "weightedAverageShsOutDil": 234873950,
    "link": null,
    "finalLink": null
  }
]