[
  {
    "date": "2025-06-30",
    "symbol": "HII",
    "reportedCurrency": "USD",
    "cik": "0001501585",
    "fillingDate": "2025-07-31",
    "acceptedDate": "2025-07-31 10:59:50",
    "calendarYear": "2025",
    "period": "Q2",
    "revenue": 3082000000,
    "costOfRevenue": 2687000000,
    "grossProfit": 395000000,
    "grossProfitRatio": 0.1281635302,
    "researchAndDevelopmentExpenses": 0,
    "generalAndAdministrativeExpenses": 241000000,
    "sellingAndMarketingExpenses": 0,
    "sellingGeneralAndAdministrativeExpenses": 241000000,
    "otherExpenses": 0,
    "operatingExpenses": 241000000,
    "costAndExpenses": 2928000000,
    "interestIncome": 0,
    "interestExpense": 28000000,
    "depreciationAndAmortization": 83000000,
    "ebitda": 299000000,
    "ebitdaratio": 0.0970149254,
    "operatingIncome": 154000000,
    "operatingIncomeRatio": 0.0499675535,
    "totalOtherIncomeExpensesNet": 34000000,
    "incomeBeforeTax": 188000000,
    "incomeBeforeTaxRatio": 0.0609993511,
    "incomeTaxExpense": 36000000,
    "netIncome": 152000000,
    "netIncomeRatio": 0.0493186243,
    "eps": 3.8579,
    "epsdiluted": 3.8579,
    "weightedAverageShsOut": 39400000,
    "weightedAverageShsOutDil": 39400000,
    "link": "https://www.sec.gov/Archives/edgar/data/1501585/000150158525000099/0001501585-25-000099-index.htm",
    "finalLink": "https://www.sec.gov/Archives/edgar/data/1501585/000150158525000099/hii-20250630.htm"
  },
  {
    "date": "2025-03-31",
    "symbol": "HII",
    "reportedCurrency": "USD",
    "cik": "0001501585",
    "fillingDate": "2025-05-01",
    "acceptedDate": "2025-05-01 12:31:25",
    "calendarYear": "2025",
    "period": "Q1",
    "revenue": 2734000000,
    "costOfRevenue": 2340000000,
    "grossProfit": 394000000,
    "grossProfitRatio": 0.1441111924,
    "researchAndDevelopmentExpenses": 0,
    "generalAndAdministrativeExpenses": 246000000,
    "sellingAndMarketingExpenses": 0,
    "sellingGeneralAndAdministrativeExpenses": 246000000,
    "otherExpenses": 0,
    "operatingExpenses": 246000000,
    "costAndExpenses": 2586000000,
    "interestIncome": 0,
    "interestExpense": 28000000,
    "depreciationAndAmortization": 79000000,
    "ebitda": 294000000,
    "ebitdaratio": 0.1075347476,
    "operatingIncome": 148000000,
    "operatingIncomeRatio": 0.0541331383,
    "totalOtherIncomeExpensesNet": 39000000,
    "incomeBeforeTax": 187000000,
    "incomeBeforeTaxRatio": 0.0683979517,
    "incomeTaxExpense": 38000000,
    "netIncome": 149000000,
    "netIncomeRatio": 0.0544989027,
    "eps": 3.79,
    "epsdiluted": 3.79,
    "weightedAverageShsOut": 39300000,
    "weightedAverageShsOutDil": 39300000,
    "link": "https://www.sec.gov/Archives/edgar/data/1501585/000150158525000037/0001501585-25-000037-index.htm",
    "finalLink": "https://www.sec.gov/Archives/edgar/data/1501585/000150158525000037/hii-20250331.htm"
  },
  {
    "date": "2024-12-31",
    "symbol": "HII",
    "reportedCurrency": "USD",
    "cik": "0001501585",
    "fillingDate": "2025-02-06",
    "acceptedDate": "2025-02-06 12:07:09",
    "calendarYear": "2024",
    "period": "Q4",
    "revenue": 3004000000,
    "costOfRevenue": 2683000000,
    "grossProfit": 321000000,
    "grossProfitRatio": 0.1068575233,
    "researchAndDevelopmentExpenses": 0,
    "generalAndAdministrativeExpenses": 234000000,
    "sellingAndMarketingExpenses": 0,
    "sellingGeneralAndAdministrativeExpenses": 234000000,
    "otherExpenses": 0,
    "operatingExpenses": 234000000,
    "costAndExpenses": 2917000000,
    "interestIncome": 0,
    "interestExpense": 27000000,
    "depreciationAndAmortization": 84000000,
    "ebitda": 242000000,
    "ebitdaratio": 0.0805592543,
    "operatingIncome": 87000000,
    "operatingIncomeRatio": 0.0289613848,
    "totalOtherIncomeExpensesNet": 44000000,
    "incomeBeforeTax": 131000000,
    "incomeBeforeTaxRatio": 0.043608522,
    "incomeTaxExpense": 8000000,
    "netIncome": 123000000,
    "netIncomeRatio": 0.0409454061,
    "eps": 3.15,
    "epsdiluted": 3.15,
    "weightedAverageShsOut": 39100000,
    "weightedAverageShsOutDil": 39100000,
    "link": "https://www.sec.gov/Archives/edgar/data/1501585/000150158525000006/0001501585-25-000006-index.htm",
    "finalLink": "https://www.sec.gov/Archives/edgar/data/1501585/000150158525000006/hii-20241231.htm"
  },
  {
    "date": "2024-09-30",
    "symbol": "HII",
    "reportedCurrency": "USD",
    "cik": "0001501585",
    "fillingDate": "2024-10-31",
    "acceptedDate": "2024-10-31 11:01:02",
    "calendarYear": "2024",
    "period": "Q3",
    "revenue": 2749000000,
    "costOfRevenue": 2427000000,
    "grossProfit": 322000000,
    "grossProfitRatio": 0.1171335031,
    "researchAndDevelopmentExpenses": 0,
    "generalAndAdministrativeExpenses": 252000000,
    "sellingAndMarketingExpenses": 0,
    "sellingGeneralAndAdministrativeExpenses": 252000000,
    "otherExpenses": 0,
    "operatingExpenses": 252000000,
    "costAndExpenses": 2679000000,
    "interestIncome": 0,
    "interestExpense": 23000000,
    "depreciationAndAmortization": 82000000,
    "ebitda": 217000000,
    "ebitdaratio": 0.0789377956,
    "operatingIncome": 70000000,
    "operatingIncomeRatio": 0.025463805,
    "totalOtherIncomeExpensesNet": 42000000,
    "incomeBeforeTax": 112000000,
    "incomeBeforeTaxRatio": 0.040742088,
    "incomeTaxExpense": 11000000,
    "netIncome": 101000000,
    "netIncomeRatio": 0.036740633,
    "eps": 2.56,
    "epsdiluted": 2.56,
    "weightedAverageShsOut": 39500000,
    "weightedAverageShsOutDil": 39500000,
    "link": "https://www.sec.gov/Archives/edgar/data/1501585/000150158524000042/0001501585-24-000042-index.htm",
    "finalLink": "https://www.sec.gov/Archives/edgar/data/1501585/000150158524000042/hii-20240930.htm"
  },
  {
    "date": "2024-06-30",
    "symbol": "HII",
    "reportedCurrency": "USD",
    "cik": "0001501585",
    "fillingDate": "2024-08-01",
    "acceptedDate": "2024-08-01 11:05:59",
    "calendarYear": "2024",
    "period": "Q2",
    "revenue": 2977000000,
    "costOfRevenue": 2545000000,
    "grossProfit": 432000000,
    "grossProfitRatio": 0.1451125294,
    "researchAndDevelopmentExpenses": 0,
    "generalAndAdministrativeExpenses": 255000000,
    "sellingAndMarketingExpenses": 0,
    "sellingGeneralAndAdministrativeExpenses": 255000000,
    "otherExpenses": 0,
    "operatingExpenses": 255000000,
    "costAndExpenses": 2800000000,
    "interestIncome": 0,
    "interestExpense": 24000000,
    "depreciationAndAmortization": 80000000,
    "ebitda": 320000000,
    "ebitdaratio": 0.1074907625,
    "operatingIncome": 177000000,
    "operatingIncomeRatio": 0.059455828,
    "totalOtherIncomeExpensesNet": 39000000,
    "incomeBeforeTax": 216000000,
    "incomeBeforeTaxRatio": 0.0725562647,
    "incomeTaxExpense": 43000000,
    "netIncome": 173000000,
    "netIncomeRatio": 0.0581121935,
    "eps": 4.38,
    "epsdiluted": 4.38,
    "weightedAverageShsOut": 39500000,
    "weightedAverageShsOutDil": 39500000,
    "link": "https://www.sec.gov/Archives/edgar/data/1501585/000150158524000036/0001501585-24-000036-index.htm",
    "finalLink": "https://www.sec.gov/Archives/edgar/data/1501585/000150158524000036/hii-20240630.htm"
  },
  {
    "date": "2024-03-31",
    "symbol": "HII",
    "reportedCurrency": "USD",
    "cik": "0001501585",
    "fillingDate": "2024-05-02",
    "acceptedDate": "2024-05-02 10:55:16",
    "calendarYear": "2024",
    "period": "Q1",
    "revenue": 2805000000,
    "costOfRevenue": 2430000000,
    "grossProfit": 375000000,
    "grossProfitRatio": 0.1336898396,
    "researchAndDevelopmentExpenses": 0,
    "generalAndAdministrativeExpenses": 232000000,
    "sellingAndMarketingExpenses": 0,
    "sellingGeneralAndAdministrativeExpenses": 232000000,
    "otherExpenses": 0,
    "operatingExpenses": 232000000,
    "costAndExpenses": 2662000000,
    "interestIncome": 0,
    "interestExpense": 21000000,
    "depreciationAndAmortization": 80000000,
    "ebitda": 285000000,
    "ebitdaratio": 0.1016042781,
    "operatingIncome": 143000000,
    "operatingIncomeRatio": 0.0509803922,
    "totalOtherIncomeExpensesNet": 41000000,
    "incomeBeforeTax": 184000000,
    "incomeBeforeTaxRatio": 0.065597148,
    "incomeTaxExpense": 31000000,
    "netIncome": 153000000,
    "netIncomeRatio": 0.0545454545,
    "eps": 3.87,
    "epsdiluted": 3.87,
    "weightedAverageShsOut": 39500000,
    "weightedAverageShsOutDil": 39500000,
    "link": "https://www.sec.gov/Archives/edgar/data/1501585/000150158524000013/0001501585-24-000013-index.htm",
    "finalLink": "https://www.sec.gov/Archives/edgar/data/1501585/000150158524000013/hii-20240331.htm"
  },
  {
    "date": "2023-12-31",
    "symbol": "HII",
    "reportedCurrency": "USD",
    "cik": "0001501585",
    "fillingDate": "2024-02-01",
    "acceptedDate": "2024-02-01 12:09:56",
    "calendarYear": "2023",
    "period": "Q4",
    "revenue": 3177000000,
    "costOfRevenue": 2686000000,
    "grossProfit": 491000000,
    "grossProfitRatio": 0.154548316,
    "researchAndDevelopmentExpenses": 0,
    "generalAndAdministrativeExpenses": 311000000,
    "sellingAndMarketingExpenses": 0,
    "sellingGeneralAndAdministrativeExpenses": 311000000,
    "otherExpenses": 0,
    "operatingExpenses": 311000000,
    "costAndExpenses": 2997000000,
    "interestIncome": 0,
    "interestExpense": 25000000,
    "depreciationAndAmortization": 88000000,
    "ebitda": 445000000,
    "ebitdaratio": 0.1400692477,
    "operatingIncome": 180000000,
    "operatingIncomeRatio": 0.0566572238,
    "totalOtherIncomeExpensesNet": 152000000,
    "incomeBeforeTax": 332000000,
    "incomeBeforeTaxRatio": 0.1045011017,
    "incomeTaxExpense": 58000000,
    "netIncome": 274000000,
    "netIncomeRatio": 0.0862448851,
    "eps": 6.9,
    "epsdiluted": 6.9,
    "weightedAverageShsOut": 39700000,
    "weightedAverageShsOutDil": 39700000,
    "link": "https://www.sec.gov/Archives/edgar/data/1501585/000150158524000007/0001501585-24-000007-index.htm",
    "finalLink": "https://www.sec.gov/Archives/edgar/data/1501585/000150158524000007/hii-20231231.htm"
  },
  {
    "date": "2023-09-30",
    "symbol": "HII",
    "reportedCurrency": "USD",
    "cik": "0001501585",
    "fillingDate": "2023-11-02",
    "acceptedDate": "2023-11-02 11:38:11",
    "calendarYear": "2023",
    "period": "Q3",
    "revenue": 2816000000,
    "costOfRevenue": 2400000000,
    "grossProfit": 416000000,
    "grossProfitRatio": 0.1477272727,
    "researchAndDevelopmentExpenses": 0,
    "generalAndAdministrativeExpenses": 253000000,
    "sellingAndMarketingExpenses": 0,
    "sellingGeneralAndAdministrativeExpenses": 253000000,
    "otherExpenses": 0,
    "operatingExpenses": 253000000,
    "costAndExpenses": 2653000000,
    "interestIncome": 0,
    "interestExpense": 22000000,
    "depreciationAndAmortization": 85000000,
    "ebitda": 296000000,
    "ebitdaratio": 0.1051136364,
    "operatingIncome": 163000000,
    "operatingIncomeRatio": 0.0578835227,
    "totalOtherIncomeExpensesNet": 26000000,
    "incomeBeforeTax": 189000000,
    "incomeBeforeTaxRatio": 0.0671164773,
    "incomeTaxExpense": 41000000,
    "netIncome": 148000000,
    "netIncomeRatio": 0.0525568182,
    "eps": 3.7,
    "epsdiluted": 3.7,
    "weightedAverageShsOut": 40000000,
    "weightedAverageShsOutDil": 40000000,
    "link": "https://www.sec.gov/Archives/edgar/data/1501585/000150158523000033/0001501585-23-000033-index.htm",
    "finalLink": "https://www.sec.gov/Archives/edgar/data/1501585/000150158523000033/hii-20230930.htm"
  },
  {
    "date": "2023-06-30",
    "symbol": "HII",
    "reportedCurrency": "USD",
    "cik": "0001501585",
    "fillingDate": "2023-08-03",
    "acceptedDate": "2023-08-03 11:04:43",
    "calendarYear": "2023",
    "period": "Q2",
    "revenue": 2787000000,
    "costOfRevenue": 2398000000,
    "grossProfit": 389000000,
    "grossProfitRatio": 0.1395766057,
    "researchAndDevelopmentExpenses": 0,
    "generalAndAdministrativeExpenses": 238000000,
    "sellingAndMarketingExpenses": 0,
    "sellingGeneralAndAdministrativeExpenses": 238000000,
    "otherExpenses": 0,
    "operatingExpenses": 238000000,
    "costAndExpenses": 2636000000,
    "interestIncome": 0,
    "interestExpense": 24000000,
    "depreciationAndAmortization": 87000000,
    "ebitda": 280000000,
    "ebitdaratio": 0.1004664514,
    "operatingIncome": 151000000,
    "operatingIncomeRatio": 0.054180122,
    "totalOtherIncomeExpensesNet": 18000000,
    "incomeBeforeTax": 169000000,
    "incomeBeforeTaxRatio": 0.0606386796,
    "incomeTaxExpense": 39000000,
    "netIncome": 130000000,
    "netIncomeRatio": 0.0466451381,
    "eps": 3.27,
    "epsdiluted": 3.27,
    "weightedAverageShsOut": 39800000,
    "weightedAverageShsOutDil": 39800000,
    "link": "https://www.sec.gov/Archives/edgar/data/1501585/000150158523000026/0001501585-23-000026-index.htm",
    "finalLink": "https://www.sec.gov/Archives/edgar/data/1501585/000150158523000026/hii-20230630.htm"
  },
  {
    "date": "2023-03-31",
    "symbol": "HII",
    "reportedCurrency": "USD",
    "cik": "0001501585",
    "fillingDate": "2023-05-04",
    "acceptedDate": "2023-05-04 11:16:18",
    "calendarYear": "2023",
    "period": "Q1",
    "revenue": 2674000000,
    "costOfRevenue": 2324000000,
    "grossProfit": 350000000,
    "grossProfitRatio": 0.1308900524,
    "researchAndDevelopmentExpenses": 0,
    "generalAndAdministrativeExpenses": 220000000,
    "sellingAndMarketingExpenses": 0,
    "sellingGeneralAndAdministrativeExpenses": 220000000,
    "otherExpenses": 0,
    "operatingExpenses": 220000000,
    "costAndExpenses": 2544000000,
    "interestIncome": 0,
    "interestExpense": 24000000,
    "depreciationAndAmortization": 87000000,
    "ebitda": 274000000,
    "ebitdaratio": 0.1024682124,
    "operatingIncome": 130000000,
    "operatingIncomeRatio": 0.0486163052,
    "totalOtherIncomeExpensesNet": 33000000,
    "incomeBeforeTax": 163000000,
    "incomeBeforeTaxRatio": 0.0609573672,
    "incomeTaxExpense": 34000000,
    "netIncome": 129000000,
    "netIncomeRatio": 0.0482423336,
    "eps": 3.23,
    "epsdiluted": 3.23,
    "weightedAverageShsOut": 39900000,
    "weightedAverageShsOutDil": 39900000,
    "link": "https://www.sec.gov/Archives/edgar/data/1501585/000150158523000016/0001501585-23-000016-index.htm",
    "finalLink": "https://www.sec.gov/Archives/edgar/data/1501585/000150158523000016/hii-20230331.htm"
  },
  {
    "date": "2022-12-31",
    "symbol": "HII",
    "reportedCurrency": "USD",
    "cik": "0001501585",
    "fillingDate": "2023-02-09",
    "acceptedDate": "2023-02-09 13:30:13",
    "calendarYear": "2022",
    "period": "Q4",
    "revenue": 2812000000,
    "costOfRevenue": 2473000000,
    "grossProfit": 339000000,
    "grossProfitRatio": 0.1205547653,
    "researchAndDevelopmentExpenses": 0,
    "generalAndAdministrativeExpenses": 236000000,
    "sellingAndMarketingExpenses": 0,
    "sellingGeneralAndAdministrativeExpenses": 236000000,
    "otherExpenses": 0,
    "operatingExpenses": 236000000,
    "costAndExpenses": 2709000000,
    "interestIncome": 0,
    "interestExpense": 23000000,
    "depreciationAndAmortization": 95000000,
    "ebitda": 277000000,
    "ebitdaratio": 0.0985064011,
    "operatingIncome": 103000000,
    "operatingIncomeRatio": 0.036628734,
    "totalOtherIncomeExpensesNet": 56000000,
    "incomeBeforeTax": 159000000,
    "incomeBeforeTaxRatio": 0.0565433855,
    "incomeTaxExpense": 36000000,
    "netIncome": 123000000,
    "netIncomeRatio": 0.0437411095,
    "eps": 3.07,
    "epsdiluted": 3.07,
    "weightedAverageShsOut": 40100000,
    "weightedAverageShsOutDil": 40100000,
    "link": "https://www.sec.gov/Archives/edgar/data/1501585/000150158523000010/0001501585-23-000010-index.htm",
    "finalLink": "https://www.sec.gov/Archives/edgar/data/1501585/000150158523000010/hii-20221231.htm"
  },
  {
    "date": "2022-09-30",
    "symbol": "HII",
    "reportedCurrency": "USD",
    "cik": "0001501585",
    "fillingDate": "2022-11-03",
    "acceptedDate": "2022-11-03 10:50:20",
    "calendarYear": "2022",
    "period": "Q3",
    "revenue": 2626000000,
    "costOfRevenue": 2264000000,
    "grossProfit": 362000000,
    "grossProfitRatio": 0.1378522468,
    "researchAndDevelopmentExpenses": 0,
    "generalAndAdministrativeExpenses": 244000000,
    "sellingAndMarketingExpenses": 0,
    "sellingGeneralAndAdministrativeExpenses": 244000000,
    "otherExpenses": 0,
    "operatingExpenses": 244000000,
    "costAndExpenses": 2508000000,
    "interestIncome": 0,
    "interestExpense": 27000000,
    "depreciationAndAmortization": 89000000,
    "ebitda": 278000000,
    "ebitdaratio": 0.1058644326,
    "operatingIncome": 118000000,
    "operatingIncomeRatio": 0.0449352628,
    "totalOtherIncomeExpensesNet": 44000000,
    "incomeBeforeTax": 162000000,
    "incomeBeforeTaxRatio": 0.0616907845,
    "incomeTaxExpense": 24000000,
    "netIncome": 138000000,
    "netIncomeRatio": 0.052551409,
    "eps": 3.44,
    "epsdiluted": 3.44,
    "weightedAverageShsOut": 40100000,
    "weightedAverageShsOutDil": 40100000,
    "link": "https://www.sec.gov/Archives/edgar/data/1501585/000150158522000034/0001501585-22-000034-index.htm",
    "finalLink": "https://www.sec.gov/Archives/edgar/data/1501585/000150158522000034/hii-20220930.htm"
  },
  {
    "date": "2022-06-30",
    "symbol": "HII",
    "reportedCurrency": "USD",
    "cik": "0001501585",
    "fillingDate": "2022-08-04",
    "acceptedDate": "2022-08-04 10:37:44",
    "calendarYear": "2022",
    "period": "Q2",
    "revenue": 2662000000,
    "costOfRevenue": 2272000000,
    "grossProfit": 390000000,
    "grossProfitRatio": 0.1465063862,
    "researchAndDevelopmentExpenses": 0,
    "generalAndAdministrativeExpenses": 227000000,
    "sellingAndMarketingExpenses": 0,
    "sellingGeneralAndAdministrativeExpenses": 227000000,
    "otherExpenses": 0,
    "operatingExpenses": 227000000,
    "costAndExpenses": 2499000000,
    "interestIncome": 0,
    "interestExpense": 26000000,
    "depreciationAndAmortization": 87000000,
    "ebitda": 335000000,
    "ebitdaratio": 0.1258452292,
    "operatingIncome": 163000000,
    "operatingIncomeRatio": 0.0612321563,
    "totalOtherIncomeExpensesNet": 59000000,
    "incomeBeforeTax": 222000000,
    "incomeBeforeTaxRatio": 0.0833959429,
    "incomeTaxExpense": 44000000,
    "netIncome": 178000000,
    "netIncomeRatio": 0.0668670173,
    "eps": 4.44,
    "epsdiluted": 4.44,
    "weightedAverageShsOut": 40100000,
    "weightedAverageShsOutDil": 40100000,
    "link": "https://www.sec.gov/Archives/edgar/data/1501585/000150158522000026/0001501585-22-000026-index.htm",
    "finalLink": "https://www.sec.gov/Archives/edgar/data/1501585/000150158522000026/hii-20220630.htm"
  },
  {
    "date": "2022-03-31",
    "symbol": "HII",
    "reportedCurrency": "USD",
    "cik": "0001501585",
    "fillingDate": "2022-05-05",
    "acceptedDate": "2022-05-05 11:05:09",
    "calendarYear": "2022",
    "period": "Q1",
    "revenue": 2576000000,
    "costOfRevenue": 2227000000,
    "grossProfit": 349000000,
    "grossProfitRatio": 0.1354813665,
    "researchAndDevelopmentExpenses": 0,
    "generalAndAdministrativeExpenses": 217000000,
    "sellingAndMarketingExpenses": 0,
    "sellingGeneralAndAdministrativeExpenses": 217000000,
    "otherExpenses": 0,
    "operatingExpenses": 217000000,
    "costAndExpenses": 2444000000,
    "interestIncome": 0,
    "interestExpense": 26000000,
    "depreciationAndAmortization": 87000000,
    "ebitda": 289000000,
    "ebitdaratio": 0.112189441,
    "operatingIncome": 132000000,
    "operatingIncomeRatio": 0.051242236,
    "totalOtherIncomeExpensesNet": 44000000,
    "incomeBeforeTax": 176000000,
    "incomeBeforeTaxRatio": 0.0683229814,
    "incomeTaxExpense": 36000000,
    "netIncome": 140000000,
    "netIncomeRatio": 0.0543478261,
    "eps": 3.5,
    "epsdiluted": 3.5,
    "weightedAverageShsOut": 40000000,
    "weightedAverageShsOutDil": 40000000,
    "link": "https://www.sec.gov/Archives/edgar/data/1501585/000150158522000013/0001501585-22-000013-index.htm",
    "finalLink": "https://www.sec.gov/Archives/edgar/data/1501585/000150158522000013/hii-20220331.htm"
  },
  {
    "date": "2021-12-31",
    "symbol": "HII",
    "reportedCurrency": "USD",
    "cik": "0001501585",
    "fillingDate": "2022-02-10",
    "acceptedDate": "2022-02-10 17:01:54",
    "calendarYear": "2021",
    "period": "Q4",
    "revenue": 2677000000,
    "costOfRevenue": 2304000000,
    "grossProfit": 373000000,
    "grossProfitRatio": 0.1393350766,
    "researchAndDevelopmentExpenses": 0,
    "generalAndAdministrativeExpenses": 262000000,
    "sellingAndMarketingExpenses": 0,
    "sellingGeneralAndAdministrativeExpenses": 262000000,
    "otherExpenses": 0,
    "operatingExpenses": 262000000,
    "costAndExpenses": 2566000000,
    "interestIncome": 0,
    "interestExpense": 26000000,
    "depreciationAndAmortization": 91000000,
    "ebitda": 264000000,
    "ebitdaratio": 0.0986178558,
    "operatingIncome": 111000000,
    "operatingIncomeRatio": 0.0414643257,
    "totalOtherIncomeExpensesNet": 36000000,
    "incomeBeforeTax": 147000000,
    "incomeBeforeTaxRatio": 0.0549122152,
    "incomeTaxExpense": 27000000,
    "netIncome": 120000000,
    "netIncomeRatio": 0.0448262981,
    "eps": 2.99,
    "epsdiluted": 2.99,
    "weightedAverageShsOut": 40100000,
    "weightedAverageShsOutDil": 40100000,
    "link": "https://www.sec.gov/Archives/edgar/data/1501585/000150158522000007/0001501585-22-000007-index.htm",
    "finalLink": "https://www.sec.gov/Archives/edgar/data/1501585/000150158522000007/hii-20211231.htm"
  },
  {
    "date": "2021-09-30",
    "symbol": "HII",
    "reportedCurrency": "USD",
    "cik": "0001501585",
    "fillingDate": "2021-11-04",
    "acceptedDate": "2021-11-04 11:14:52",
    "calendarYear": "2021",
    "period": "Q3",
    "revenue": 2338000000,
    "costOfRevenue": 2007000000,
    "grossProfit": 331000000,
    "grossProfitRatio": 0.1415739949,
    "researchAndDevelopmentExpenses": 0,
    "generalAndAdministrativeExpenses": 226000000,
    "sellingAndMarketingExpenses": 0,
    "sellingGeneralAndAdministrativeExpenses": 226000000,
    "otherExpenses": 0,
    "operatingExpenses": 226000000,
    "costAndExpenses": 2233000000,
    "interestIncome": 0,
    "interestExpense": 24000000,
    "depreciationAndAmortization": 74000000,
    "ebitda": 239000000,
    "ebitdaratio": 0.1022241232,
    "operatingIncome": 105000000,
    "operatingIncomeRatio": 0.0449101796,
    "totalOtherIncomeExpensesNet": 36000000,
    "incomeBeforeTax": 141000000,
    "incomeBeforeTaxRatio": 0.0603079555,
    "incomeTaxExpense": -6000000,
    "netIncome": 147000000,
    "netIncomeRatio": 0.0628742515,
    "eps": 3.65,
    "epsdiluted": 3.65,
    "weightedAverageShsOut": 40300000,
    "weightedAverageShsOutDil": 40300000,
    "link": "https://www.sec.gov/Archives/edgar/data/1501585/000150158521000036/0001501585-21-000036-index.htm",
    "finalLink": "https://www.sec.gov/Archives/edgar/data/1501585/000150158521000036/hii-20210930.htm"
  },
  {
    "date": "2021-06-30",
    "symbol": "HII",
    "reportedCurrency": "USD",
    "cik": "0001501585",
    "fillingDate": "2021-08-05",
    "acceptedDate": "2021-08-05 11:09:37",
    "calendarYear": "2021",
    "period": "Q2",
    "revenue": 2231000000,
    "costOfRevenue": 1909000000,
    "grossProfit": 322000000,
    "grossProfitRatio": 0.1443298969,
    "researchAndDevelopmentExpenses": 0,
    "generalAndAdministrativeExpenses": 204000000,
    "sellingAndMarketingExpenses": 0,
    "sellingGeneralAndAdministrativeExpenses": 204000000,
    "otherExpenses": 0,
    "operatingExpenses": 204000000,
    "costAndExpenses": 2113000000,
    "interestIncome": 0,
    "interestExpense": 18000000,
    "depreciationAndAmortization": 63000000,
    "ebitda": 242000000,
    "ebitdaratio": 0.1084715374,
    "operatingIncome": 118000000,
    "operatingIncomeRatio": 0.0528910802,
    "totalOtherIncomeExpensesNet": 43000000,
    "incomeBeforeTax": 161000000,
    "incomeBeforeTaxRatio": 0.0721649485,
    "incomeTaxExpense": 32000000,
    "netIncome": 129000000,
    "netIncomeRatio": 0.0578216047,
    "eps": 3.2,
    "epsdiluted": 3.2,
    "weightedAverageShsOut": 40300000,
    "weightedAverageShsOutDil": 40300000,
    "link": "https://www.sec.gov/Archives/edgar/data/1501585/000150158521000029/0001501585-21-000029-index.htm",
    "finalLink": "https://www.sec.gov/Archives/edgar/data/1501585/000150158521000029/hii-20210630.htm"
  },
  {
    "date": "2021-03-31",
    "symbol": "HII",
    "reportedCurrency": "USD",
    "cik": "0001501585",
    "fillingDate": "2021-05-06",
    "acceptedDate": "2021-05-06 11:42:39",
    "calendarYear": "2021",
    "period": "Q1",
    "revenue": 2278000000,
    "costOfRevenue": 1936000000,
    "grossProfit": 342000000,
    "grossProfitRatio": 0.1501316945,
    "researchAndDevelopmentExpenses": 0,
    "generalAndAdministrativeExpenses": 206000000,
    "sellingAndMarketingExpenses": 0,
    "sellingGeneralAndAdministrativeExpenses": 206000000,
    "otherExpenses": 0,
    "operatingExpenses": 206000000,
    "costAndExpenses": 2142000000,
    "interestIncome": 0,
    "interestExpense": 21000000,
    "depreciationAndAmortization": 65000000,
    "ebitda": 259000000,
    "ebitdaratio": 0.1136962248,
    "operatingIncome": 136000000,
    "operatingIncomeRatio": 0.0597014925,
    "totalOtherIncomeExpensesNet": 37000000,
    "incomeBeforeTax": 173000000,
    "incomeBeforeTaxRatio": 0.0759438104,
    "incomeTaxExpense": 25000000,
    "netIncome": 148000000,
    "netIncomeRatio": 0.0649692713,
    "eps": 3.68,
    "epsdiluted": 3.68,
    "weightedAverageShsOut": 40200000,
    "weightedAverageShsOutDil": 40200000,
    "link": "https://www.sec.gov/Archives/edgar/data/1501585/000150158521000018/0001501585-21-000018-index.htm",
    "finalLink": "https://www.sec.gov/Archives/edgar/data/1501585/000150158521000018/hii-20210331.htm"
  },
  {
    "date": "2020-12-31",
    "symbol": "HII",
    "reportedCurrency": "USD",
    "cik": "0001501585",
    "fillingDate": "2021-02-11",
    "acceptedDate": "2021-02-11 16:07:04",
    "calendarYear": "2020",
    "period": "Q4",
    "revenue": 2757000000,
    "costOfRevenue": 2210000000,
    "grossProfit": 547000000,
    "grossProfitRatio": 0.1984040624,
    "researchAndDevelopmentExpenses": 0,
    "generalAndAdministrativeExpenses": 256000000,
    "sellingAndMarketingExpenses": 0,
    "sellingGeneralAndAdministrativeExpenses": 256000000,
    "otherExpenses": 0,
    "operatingExpenses": 256000000,
    "costAndExpenses": 2466000000,
    "interestIncome": 0,
    "interestExpense": 46000000,
    "depreciationAndAmortization": 70000000,
    "ebitda": 419000000,
    "ebitdaratio": 0.1519767864,
    "operatingIncome": 291000000,
    "operatingIncomeRatio": 0.1055495103,
    "totalOtherIncomeExpensesNet": 12000000,
    "incomeBeforeTax": 303000000,
    "incomeBeforeTaxRatio": 0.1099020675,
    "incomeTaxExpense": 54000000,
    "netIncome": 249000000,
    "netIncomeRatio": 0.0903155604,
    "eps": 6.13,
    "epsdiluted": 6.13,
    "weightedAverageShsOut": 40600000,
    "weightedAverageShsOutDil": 40600000,
    "link": "https://www.sec.gov/Archives/edgar/data/1501585/000150158521000008/0001501585-21-000008-index.htm",
    "finalLink": "https://www.sec.gov/Archives/edgar/data/1501585/000150158521000008/hii-20201231.htm"
  },
  {
    "date": "2020-09-30",
    "symbol": "HII",
    "reportedCurrency": "USD",
    "cik": "0001501585",
    "fillingDate": "2020-11-05",
    "acceptedDate": "2020-11-05 12:33:25",
    "calendarYear": "2020",
    "period": "Q3",
    "revenue": 2314000000,
    "costOfRevenue": 1878000000,
    "grossProfit": 436000000,
    "grossProfitRatio": 0.1884183232,
    "researchAndDevelopmentExpenses": 0,
    "generalAndAdministrativeExpenses": 220000000,
    "sellingAndMarketingExpenses": 0,
    "sellingGeneralAndAdministrativeExpenses": 220000000,
    "otherExpenses": 0,
    "operatingExpenses": 220000000,
    "costAndExpenses": 2098000000,
    "interestIncome": 0,
    "interestExpense": 27000000,
    "depreciationAndAmortization": 59000000,
    "ebitda": 312000000,
    "ebitdaratio": 0.1348314607,
    "operatingIncome": 216000000,
    "operatingIncomeRatio": 0.0933448574,
    "totalOtherIncomeExpensesNet": 10000000,
    "incomeBeforeTax": 226000000,
    "incomeBeforeTaxRatio": 0.0976663786,
    "incomeTaxExpense": 4000000,
    "netIncome": 222000000,
    "netIncomeRatio": 0.0959377701,
    "eps": 5.47,
    "epsdiluted": 5.45,
    "weightedAverageShsOut": 40600000,
    "weightedAverageShsOutDil": 40700000,
    "link": "https://www.sec.gov/Archives/edgar/data/1501585/000150158520000042/0001501585-20-000042-index.htm",
    "finalLink": "https://www.sec.gov/Archives/edgar/data/1501585/000150158520000042/hii-20200930.htm"
  },
  {
    "date": "2020-06-30",
    "symbol": "HII",
    "reportedCurrency": "USD",
    "cik": "0001501585",
    "fillingDate": "2020-08-06",
    "acceptedDate": "2020-08-06 13:10:29",
    "calendarYear": "2020",
    "period": "Q2",
    "revenue": 2027000000,
    "costOfRevenue": 1763000000,
    "grossProfit": 264000000,
    "grossProfitRatio": 0.1302417366,
    "researchAndDevelopmentExpenses": 0,
    "generalAndAdministrativeExpenses": 214000000,
    "sellingAndMarketingExpenses": 0,
    "sellingGeneralAndAdministrativeExpenses": 214000000,
    "otherExpenses": 0,
    "operatingExpenses": 214000000,
    "costAndExpenses": 1977000000,
    "interestIncome": 0,
    "interestExpense": 25000000,
    "depreciationAndAmortization": 60000000,
    "ebitda": 150000000,
    "ebitdaratio": 0.0740009867,
    "operatingIncome": 50000000,
    "operatingIncomeRatio": 0.0246669956,
    "totalOtherIncomeExpensesNet": 15000000,
    "incomeBeforeTax": 65000000,
    "incomeBeforeTaxRatio": 0.0320670942,
    "incomeTaxExpense": 12000000,
    "netIncome": 53000000,
    "netIncomeRatio": 0.0261470153,
    "eps": 1.3,
    "epsdiluted": 1.3,
    "weightedAverageShsOut": 40700000,
    "weightedAverageShsOutDil": 40700000,
    "link": "https://www.sec.gov/Archives/edgar/data/1501585/000150158520000035/0001501585-20-000035-index.htm",
    "finalLink": "https://www.sec.gov/Archives/edgar/data/1501585/000150158520000035/hii-20200630.htm"
  },
  {
    "date": "2020-03-31",
    "symbol": "HII",
    "reportedCurrency": "USD",
    "cik": "0001501585",
    "fillingDate": "2020-05-07",
    "acceptedDate": "2020-05-07 12:37:19",
    "calendarYear": "2020",
    "period": "Q1",
    "revenue": 2263000000,
    "costOfRevenue": 1840000000,
    "grossProfit": 423000000,
    "grossProfitRatio": 0.1869200177,
    "researchAndDevelopmentExpenses": 0,
    "generalAndAdministrativeExpenses": 214000000,
    "sellingAndMarketingExpenses": 0,
    "sellingGeneralAndAdministrativeExpenses": 214000000,
    "otherExpenses": 0,
    "operatingExpenses": 214000000,
    "costAndExpenses": 2054000000,
    "interestIncome": 0,
    "interestExpense": 16000000,
    "depreciationAndAmortization": 58000000,
    "ebitda": 290000000,
    "ebitdaratio": 0.1281484755,
    "operatingIncome": 209000000,
    "operatingIncomeRatio": 0.0923552806,
    "totalOtherIncomeExpensesNet": 7000000,
    "incomeBeforeTax": 216000000,
    "incomeBeforeTaxRatio": 0.0954485197,
    "incomeTaxExpense": 44000000,
    "netIncome": 172000000,
    "netIncomeRatio": 0.0760053027,
    "eps": 4.23,
    "epsdiluted": 4.23,
    "weightedAverageShsOut": 40700000,
    "weightedAverageShsOutDil": 40700000,
    "link": "https://www.sec.gov/Archives/edgar/data/1501585/000150158520000019/0001501585-20-000019-index.htm",
    "finalLink": "https://www.sec.gov/Archives/edgar/data/1501585/000150158520000019/hii-20200331.htm"
  },
  {
    "date": "2019-12-31",
    "symbol": "HII",
    "reportedCurrency": "USD",
    "cik": "0001501585",
    "fillingDate": "2020-02-13",
    "acceptedDate": "2020-02-13 16:40:58",
    "calendarYear": "2019",
    "period": "Q4",
    "revenue": 2412000000,
    "costOfRevenue": 1980000000,
    "grossProfit": 432000000,
    "grossProfitRatio": 0.1791044776,
    "researchAndDevelopmentExpenses": 0,
    "generalAndAdministrativeExpenses": 224000000,
    "sellingAndMarketingExpenses": 0,
    "sellingGeneralAndAdministrativeExpenses": 224000000,
    "otherExpenses": 0,
    "operatingExpenses": 224000000,
    "costAndExpenses": 2204000000,
    "interestIncome": 0,
    "interestExpense": 18000000,
    "depreciationAndAmortization": 66000000,
    "ebitda": 256000000,
    "ebitdaratio": 0.1061359867,
    "operatingIncome": 208000000,
    "operatingIncomeRatio": 0.0862354892,
    "totalOtherIncomeExpensesNet": -36000000,
    "incomeBeforeTax": 172000000,
    "incomeBeforeTaxRatio": 0.0713101161,
    "incomeTaxExpense": 23000000,
    "netIncome": 149000000,
    "netIncomeRatio": 0.061774461,
    "eps": 3.66,
    "epsdiluted": 3.66,
    "weightedAverageShsOut": 40700000,
    "weightedAverageShsOutDil": 40700000,
    "link": "https://www.sec.gov/Archives/edgar/data/1501585/000150158520000011/0001501585-20-000011-index.htm",
    "finalLink": "https://www.sec.gov/Archives/edgar/data/1501585/000150158520000011/hii-20191231.htm"
  },
  {
    "date": "2019-09-30",
    "symbol": "HII",
    "reportedCurrency": "USD",
    "cik": "0001501585",
    "fillingDate": "2019-11-07",
    "acceptedDate": "2019-11-07 11:36:19",
    "calendarYear": "2019",
    "period": "Q3",
    "revenue": 2219000000,
    "costOfRevenue": 1802000000,
    "grossProfit": 417000000,
    "grossProfitRatio": 0.1879224876,
    "researchAndDevelopmentExpenses": 0,
    "generalAndAdministrativeExpenses": 209000000,
    "sellingAndMarketingExpenses": 0,
    "sellingGeneralAndAdministrativeExpenses": 209000000,
    "otherExpenses": 0,
    "operatingExpenses": 209000000,
    "costAndExpenses": 2011000000,
    "interestIncome": 0,
    "interestExpense": 18000000,
    "depreciationAndAmortization": 55000000,
    "ebitda": 271000000,
    "ebitdaratio": 0.1221270843,
    "operatingIncome": 208000000,
    "operatingIncomeRatio": 0.0937359171,
    "totalOtherIncomeExpensesNet": -10000000,
    "incomeBeforeTax": 198000000,
    "incomeBeforeTaxRatio": 0.0892293826,
    "incomeTaxExpense": 44000000,
    "netIncome": 154000000,
    "netIncomeRatio": 0.0694006309,
    "eps": 3.74,
    "epsdiluted": 3.74,
    "weightedAverageShsOut": 41200000,
    "weightedAverageShsOutDil": 41200000,
    "link": "https://www.sec.gov/Archives/edgar/data/1501585/000150158519000026/0001501585-19-000026-index.htm",
    "finalLink": "https://www.sec.gov/Archives/edgar/data/1501585/000150158519000026/hii2019q310-q0930.htm"
  },
  {
    "date": "2019-06-30",
    "symbol": "HII",
    "reportedCurrency": "USD",
    "cik": "0001501585",
    "fillingDate": "2019-08-01",
    "acceptedDate": "2019-08-01 10:45:59",
    "calendarYear": "2019",
    "period": "Q2",
    "revenue": 2188000000,
    "costOfRevenue": 1834000000,
    "grossProfit": 354000000,
    "grossProfitRatio": 0.1617915905,
    "researchAndDevelopmentExpenses": 0,
    "generalAndAdministrativeExpenses": 184000000,
    "sellingAndMarketingExpenses": 0,
    "sellingGeneralAndAdministrativeExpenses": 184000000,
    "otherExpenses": 0,
    "operatingExpenses": 184000000,
    "costAndExpenses": 2018000000,
    "interestIncome": 0,
    "interestExpense": 18000000,
    "depreciationAndAmortization": 54000000,
    "ebitda": 236000000,
    "ebitdaratio": 0.1078610603,
    "operatingIncome": 170000000,
    "operatingIncomeRatio": 0.0776965265,
    "totalOtherIncomeExpensesNet": -6000000,
    "incomeBeforeTax": 164000000,
    "incomeBeforeTaxRatio": 0.0749542962,
    "incomeTaxExpense": 36000000,
    "netIncome": 128000000,
    "netIncomeRatio": 0.0585009141,
    "eps": 3.07,
    "epsdiluted": 3.07,
    "weightedAverageShsOut": 41700000,
    "weightedAverageShsOutDil": 41700000,
    "link": "https://www.sec.gov/Archives/edgar/data/1501585/000150158519000021/0001501585-19-000021-index.htm",
    "finalLink": "https://www.sec.gov/Archives/edgar/data/1501585/000150158519000021/hii2019q210-q0630.htm"
  },
  {
    "date": "2019-03-31",
    "symbol": "HII",
    "reportedCurrency": "USD",
    "cik": "0001501585",
    "fillingDate": "2019-05-02",
    "acceptedDate": "2019-05-02 11:13:21",
    "calendarYear": "2019",
    "period": "Q1",
    "revenue": 2080000000,
    "costOfRevenue": 1752000000,
    "grossProfit": 328000000,
    "grossProfitRatio": 0.1576923077,
    "researchAndDevelopmentExpenses": 0,
    "generalAndAdministrativeExpenses": 171000000,
    "sellingAndMarketingExpenses": 0,
    "sellingGeneralAndAdministrativeExpenses": 171000000,
    "otherExpenses": 0,
    "operatingExpenses": 171000000,
    "costAndExpenses": 1923000000,
    "interestIncome": 0,
    "interestExpense": 16000000,
    "depreciationAndAmortization": 52000000,
    "ebitda": 217000000,
    "ebitdaratio": 0.1043269231,
    "operatingIncome": 157000000,
    "operatingIncomeRatio": 0.0754807692,
    "totalOtherIncomeExpensesNet": -8000000,
    "incomeBeforeTax": 149000000,
    "incomeBeforeTaxRatio": 0.0716346154,
    "incomeTaxExpense": 31000000,
    "netIncome": 118000000,
    "netIncomeRatio": 0.0567307692,
    "eps": 2.85,
    "epsdiluted": 2.85,
    "weightedAverageShsOut": 41400000,
    "weightedAverageShsOutDil": 41400000,
    "link": "https://www.sec.gov/Archives/edgar/data/1501585/000150158519000011/0001501585-19-000011-index.htm",
    "finalLink": "https://www.sec.gov/Archives/edgar/data/1501585/000150158519000011/hii2019q110-q0331.htm"
  },
  {
    "date": "2018-12-31",
    "symbol": "HII",
    "reportedCurrency": "USD",
    "cik": "0001501585",
    "fillingDate": "2019-02-14",
    "acceptedDate": "2019-02-14 14:38:12",
    "calendarYear": "2018",
    "period": "Q4",
    "revenue": 2199000000,
    "costOfRevenue": 1729000000,
    "grossProfit": 470000000,
    "grossProfitRatio": 0.2137335152,
    "researchAndDevelopmentExpenses": 0,
    "generalAndAdministrativeExpenses": 262000000,
    "sellingAndMarketingExpenses": 0,
    "sellingGeneralAndAdministrativeExpenses": 262000000,
    "otherExpenses": 0,
    "operatingExpenses": 262000000,
    "costAndExpenses": 1991000000,
    "interestIncome": 0,
    "interestExpense": 14000000,
    "depreciationAndAmortization": 46000000,
    "ebitda": 279000000,
    "ebitdaratio": 0.1268758527,
    "operatingIncome": 208000000,
    "operatingIncomeRatio": 0.0945884493,
    "totalOtherIncomeExpensesNet": 11000000,
    "incomeBeforeTax": 219000000,
    "incomeBeforeTaxRatio": 0.0995907231,
    "incomeTaxExpense": 7000000,
    "netIncome": 212000000,
    "netIncomeRatio": 0.0964074579,
    "eps": 5.12,
    "epsdiluted": 5.12,
    "weightedAverageShsOut": 41400000,
    "weightedAverageShsOutDil": 41400000,
    "link": "https://www.sec.gov/Archives/edgar/data/1501585/000150158519000005/0001501585-19-000005-index.htm",
    "finalLink": "https://www.sec.gov/Archives/edgar/data/1501585/000150158519000005/hii201810-k.htm"
  },
  {
    "date": "2018-09-30",
    "symbol": "HII",
    "reportedCurrency": "USD",
    "cik": "0001501585",
    "fillingDate": "2018-11-08",
    "acceptedDate": "2018-11-08 15:58:51",
    "calendarYear": "2018",
    "period": "Q3",
    "revenue": 2083000000,
    "costOfRevenue": 1593000000,
    "grossProfit": 490000000,
    "grossProfitRatio": 0.235237638,
    "researchAndDevelopmentExpenses": 0,
    "generalAndAdministrativeExpenses": 208000000,
    "sellingAndMarketingExpenses": 0,
    "sellingGeneralAndAdministrativeExpenses": 208000000,
    "otherExpenses": 0,
    "operatingExpenses": 208000000,
    "costAndExpenses": 1801000000,
    "interestIncome": 0,
    "interestExpense": 14000000,
    "depreciationAndAmortization": 54000000,
    "ebitda": 363000000,
    "ebitdaratio": 0.1742678829,
    "operatingIncome": 282000000,
    "operatingIncomeRatio": 0.1353816611,
    "totalOtherIncomeExpensesNet": 13000000,
    "incomeBeforeTax": 295000000,
    "incomeBeforeTaxRatio": 0.1416226596,
    "incomeTaxExpense": 66000000,
    "netIncome": 229000000,
    "netIncomeRatio": 0.10993759,
    "eps": 5.29,
    "epsdiluted": 5.29,
    "weightedAverageShsOut": 43300000,
    "weightedAverageShsOutDil": 43300000,
    "link": "https://www.sec.gov/Archives/edgar/data/1501585/000150158518000035/0001501585-18-000035-index.htm",
    "finalLink": "https://www.sec.gov/Archives/edgar/data/1501585/000150158518000035/hii2018q310-q0930.htm"
  },
  {
    "date": "2018-06-30",
    "symbol": "HII",
    "reportedCurrency": "USD",
    "cik": "0001501585",
    "fillingDate": "2018-08-02",
    "acceptedDate": "2018-08-02 12:02:03",
    "calendarYear": "2018",
    "period": "Q2",
    "revenue": 2020000000,
    "costOfRevenue": 1568000000,
    "grossProfit": 452000000,
    "grossProfitRatio": 0.2237623762,
    "researchAndDevelopmentExpenses": 0,
    "generalAndAdministrativeExpenses": 209000000,
    "sellingAndMarketingExpenses": 0,
    "sellingGeneralAndAdministrativeExpenses": 209000000,
    "otherExpenses": 0,
    "operatingExpenses": 209000000,
    "costAndExpenses": 1777000000,
    "interestIncome": 0,
    "interestExpense": 15000000,
    "depreciationAndAmortization": 53000000,
    "ebitda": 330000000,
    "ebitdaratio": 0.1633663366,
    "operatingIncome": 243000000,
    "operatingIncomeRatio": 0.1202970297,
    "totalOtherIncomeExpensesNet": 19000000,
    "incomeBeforeTax": 262000000,
    "incomeBeforeTaxRatio": 0.1297029703,
    "incomeTaxExpense": 23000000,
    "netIncome": 239000000,
    "netIncomeRatio": 0.1183168317,
    "eps": 5.41,
    "epsdiluted": 5.4,
    "weightedAverageShsOut": 44200000,
    "weightedAverageShsOutDil": 44300000,
    "link": "https://www.sec.gov/Archives/edgar/data/1501585/000150158518000027/0001501585-18-000027-index.htm",
    "finalLink": "https://www.sec.gov/Archives/edgar/data/1501585/000150158518000027/hii2018q210-q0630.htm"
  },
  {
    "date": "2018-03-31",
    "symbol": "HII",
    "reportedCurrency": "USD",
    "cik": "0001501585",
    "fillingDate": "2018-05-03",
    "acceptedDate": "2018-05-03 11:38:19",
    "calendarYear": "2018",
    "period": "Q1",
    "revenue": 1874000000,
    "costOfRevenue": 1495000000,
    "grossProfit": 379000000,
    "grossProfitRatio": 0.2022411953,
    "researchAndDevelopmentExpenses": 0,
    "generalAndAdministrativeExpenses": 192000000,
    "sellingAndMarketingExpenses": 0,
    "sellingGeneralAndAdministrativeExpenses": 192000000,
    "otherExpenses": 0,
    "operatingExpenses": 192000000,
    "costAndExpenses": 1687000000,
    "interestIncome": 0,
    "interestExpense": 15000000,
    "depreciationAndAmortization": 50000000,
    "ebitda": 260000000,
    "ebitdaratio": 0.1387406617,
    "operatingIncome": 187000000,
    "operatingIncomeRatio": 0.0997865528,
    "totalOtherIncomeExpensesNet": 8000000,
    "incomeBeforeTax": 195000000,
    "incomeBeforeTaxRatio": 0.1040554963,
    "incomeTaxExpense": 39000000,
    "netIncome": 156000000,
    "netIncomeRatio": 0.083244397,
    "eps": 3.48,
    "epsdiluted": 3.48,
    "weightedAverageShsOut": 44800000,
    "weightedAverageShsOutDil": 44800000,
    "link": "https://www.sec.gov/Archives/edgar/data/1501585/000150158518000010/0001501585-18-000010-index.htm",
    "finalLink": "https://www.sec.gov/Archives/edgar/data/1501585/000150158518000010/hii2018q110-q0331.htm"
  },
  {
    "date": "2017-12-31",
    "symbol": "HII",
    "reportedCurrency": "USD",
    "cik": "0001501585",
    "fillingDate": "2018-02-15",
    "acceptedDate": "2018-02-15 16:16:57",
    "calendarYear": "2017",
    "period": "Q4",
    "revenue": 1996000000,
    "costOfRevenue": 1598000000,
    "grossProfit": 398000000,
    "grossProfitRatio": 0.1993987976,
    "researchAndDevelopmentExpenses": 0,
    "generalAndAdministrativeExpenses": 173000000,
    "sellingAndMarketingExpenses": 0,
    "sellingGeneralAndAdministrativeExpenses": 173000000,
    "otherExpenses": 0,
    "operatingExpenses": 218000000,
    "costAndExpenses": 1767000000,
    "interestIncome": 0,
    "interestExpense": 41000000,
    "depreciationAndAmortization": 52000000,
    "ebitda": 258000000,
    "ebitdaratio": 0.129258517,
    "operatingIncome": 229000000,
    "operatingIncomeRatio": 0.1147294589,
    "totalOtherIncomeExpensesNet": -42000000,
    "incomeBeforeTax": 187000000,
    "incomeBeforeTaxRatio": 0.0936873747,
    "incomeTaxExpense": 123000000,
    "netIncome": 64000000,
    "netIncomeRatio": 0.0320641283,
    "eps": 1.43,
    "epsdiluted": 1.43,
    "weightedAverageShsOut": 44800000,
    "weightedAverageShsOutDil": 44800000,
    "link": "https://www.sec.gov/Archives/edgar/data/1501585/000150158518000006/0001501585-18-000006-index.htm",
    "finalLink": "https://www.sec.gov/Archives/edgar/data/1501585/000150158518000006/hii201710-k.htm"
  },
  {
    "date": "2017-09-30",
    "symbol": "HII",
    "reportedCurrency": "USD",
    "cik": "0001501585",
    "fillingDate": "2017-11-08",
    "acceptedDate": "2017-11-08 11:35:07",
    "calendarYear": "2017",
    "period": "Q3",
    "revenue": 1863000000,
    "costOfRevenue": 1498000000,
    "grossProfit": 365000000,
    "grossProfitRatio": 0.1959205582,
    "researchAndDevelopmentExpenses": 0,
    "generalAndAdministrativeExpenses": 135000000,
    "sellingAndMarketingExpenses": 0,
    "sellingGeneralAndAdministrativeExpenses": 181000000,
    "otherExpenses": 0,
    "operatingExpenses": 181000000,
    "costAndExpenses": 1629000000,
    "interestIncome": 0,
    "interestExpense": 18000000,
    "depreciationAndAmortization": 51000000,
    "ebitda": 289000000,
    "ebitdaratio": 0.1551261406,
    "operatingIncome": 234000000,
    "operatingIncomeRatio": 0.1256038647,
    "totalOtherIncomeExpensesNet": -14000000,
    "incomeBeforeTax": 220000000,
    "incomeBeforeTaxRatio": 0.1180891036,
    "incomeTaxExpense": 71000000,
    "netIncome": 149000000,
    "netIncomeRatio": 0.0799785293,
    "eps": 3.28,
    "epsdiluted": 3.27,
    "weightedAverageShsOut": 45400000,
    "weightedAverageShsOutDil": 45500000,
    "link": "https://www.sec.gov/Archives/edgar/data/1501585/000150158517000026/0001501585-17-000026-index.htm",
    "finalLink": "https://www.sec.gov/Archives/edgar/data/1501585/000150158517000026/hii2017q310-q0930.htm"
  },
  {
    "date": "2017-06-30",
    "symbol": "HII",
    "reportedCurrency": "USD",
    "cik": "0001501585",
    "fillingDate": "2017-08-03",
    "acceptedDate": "2017-08-03 10:14:57",
    "calendarYear": "2017",
    "period": "Q2",
    "revenue": 1858000000,
    "costOfRevenue": 1489000000,
    "grossProfit": 369000000,
    "grossProfitRatio": 0.1986006459,
    "researchAndDevelopmentExpenses": 0,
    "generalAndAdministrativeExpenses": 133000000,
    "sellingAndMarketingExpenses": 0,
    "sellingGeneralAndAdministrativeExpenses": 182000000,
    "otherExpenses": 0,
    "operatingExpenses": 182000000,
    "costAndExpenses": 1618000000,
    "interestIncome": 0,
    "interestExpense": 17000000,
    "depreciationAndAmortization": 50000000,
    "ebitda": 285000000,
    "ebitdaratio": 0.1533907427,
    "operatingIncome": 240000000,
    "operatingIncomeRatio": 0.1291711518,
    "totalOtherIncomeExpensesNet": -22000000,
    "incomeBeforeTax": 218000000,
    "incomeBeforeTaxRatio": 0.1173304629,
    "incomeTaxExpense": 71000000,
    "netIncome": 147000000,
    "netIncomeRatio": 0.0791173305,
    "eps": 3.22,
    "epsdiluted": 3.21,
    "weightedAverageShsOut": 45700000,
    "weightedAverageShsOutDil": 45800000,
    "link": "https://www.sec.gov/Archives/edgar/data/1501585/000150158517000020/0001501585-17-000020-index.htm",
    "finalLink": "https://www.sec.gov/Archives/edgar/data/1501585/000150158517000020/hii2017q210-q0630.htm"
  },
  {
    "date": "2017-03-31",
    "symbol": "HII",
    "reportedCurrency": "USD",
    "cik": "0001501585",
    "fillingDate": "2017-05-04",
    "acceptedDate": "2017-05-04 11:35:12",
    "calendarYear": "2017",
    "period": "Q1",
    "revenue": 1724000000,
    "costOfRevenue": 1433000000,
    "grossProfit": 291000000,
    "grossProfitRatio": 0.1687935035,
    "researchAndDevelopmentExpenses": 0,
    "generalAndAdministrativeExpenses": 129000000,
    "sellingAndMarketingExpenses": 0,
    "sellingGeneralAndAdministrativeExpenses": 178000000,
    "otherExpenses": 0,
    "operatingExpenses": 129000000,
    "costAndExpenses": 1562000000,
    "interestIncome": 0,
    "interestExpense": 18000000,
    "depreciationAndAmortization": 52000000,
    "ebitda": 217000000,
    "ebitdaratio": 0.1258700696,
    "operatingIncome": 162000000,
    "operatingIncomeRatio": 0.0939675174,
    "totalOtherIncomeExpensesNet": -15000000,
    "incomeBeforeTax": 147000000,
    "incomeBeforeTaxRatio": 0.0852668213,
    "incomeTaxExpense": 28000000,
    "netIncome": 119000000,
    "netIncomeRatio": 0.069025522,
    "eps": 2.57,
    "epsdiluted": 2.56,
    "weightedAverageShsOut": 46300000,
    "weightedAverageShsOutDil": 46400000,
    "link": "https://www.sec.gov/Archives/edgar/data/1501585/000150158517000010/0001501585-17-000010-index.htm",
    "finalLink": "https://www.sec.gov/Archives/edgar/data/1501585/000150158517000010/hii2017q110-q0331.htm"
  },
  {
    "date": "2016-12-31",
    "symbol": "HII",
    "reportedCurrency": "USD",
    "cik": "0001501585",
    "fillingDate": "2017-02-16",
    "acceptedDate": "2017-02-16 11:44:26",
    "calendarYear": "2016",
    "period": "Q4",
    "revenue": 1922000000,
    "costOfRevenue": 1480000000,
    "grossProfit": 442000000,
    "grossProfitRatio": 0.2299687825,
    "researchAndDevelopmentExpenses": 0,
    "generalAndAdministrativeExpenses": 188000000,
    "sellingAndMarketingExpenses": 0,
    "sellingGeneralAndAdministrativeExpenses": 188000000,
    "otherExpenses": 0,
    "operatingExpenses": 188000000,
    "costAndExpenses": 1668000000,
    "interestIncome": 0,
    "interestExpense": 18000000,
    "depreciationAndAmortization": 47000000,
    "ebitda": 316000000,
    "ebitdaratio": 0.1644120708,
    "operatingIncome": 254000000,
    "operatingIncomeRatio": 0.1321540062,
    "totalOtherIncomeExpensesNet": -3000000,
    "incomeBeforeTax": 251000000,
    "incomeBeforeTaxRatio": 0.1305931322,
    "incomeTaxExpense": 54000000,
    "netIncome": 197000000,
    "netIncomeRatio": 0.1024973985,
    "eps": 4.25,
    "epsdiluted": 4.25,
    "weightedAverageShsOut": 46200000,
    "weightedAverageShsOutDil": 46300000,
    "link": "https://www.sec.gov/Archives/edgar/data/1501585/000150158517000005/0001501585-17-000005-index.htm",
    "finalLink": "https://www.sec.gov/Archives/edgar/data/1501585/000150158517000005/hii201610-k.htm"
  },
  {
    "date": "2016-09-30",
    "symbol": "HII",
    "reportedCurrency": "USD",
    "cik": "0001501585",
    "fillingDate": "2016-11-03",
    "acceptedDate": "2016-11-03 10:39:52",
    "calendarYear": "2016",
    "period": "Q3",
    "revenue": 1683000000,
    "costOfRevenue": 1367000000,
    "grossProfit": 316000000,
    "grossProfitRatio": 0.1877599525,
    "researchAndDevelopmentExpenses": 0,
    "generalAndAdministrativeExpenses": 147000000,
    "sellingAndMarketingExpenses": 0,
    "sellingGeneralAndAdministrativeExpenses": 147000000,
    "otherExpenses": 0,
    "operatingExpenses": 147000000,
    "costAndExpenses": 1514000000,
    "interestIncome": 0,
    "interestExpense": 19000000,
    "depreciationAndAmortization": 45000000,
    "ebitda": 221000000,
    "ebitdaratio": 0.1313131313,
    "operatingIncome": 169000000,
    "operatingIncomeRatio": 0.1004159239,
    "totalOtherIncomeExpensesNet": -12000000,
    "incomeBeforeTax": 157000000,
    "incomeBeforeTaxRatio": 0.0932857992,
    "incomeTaxExpense": 50000000,
    "netIncome": 107000000,
    "netIncomeRatio": 0.0635769459,
    "eps": 2.28,
    "epsdiluted": 2.27,
    "weightedAverageShsOut": 46900000,
    "weightedAverageShsOutDil": 47200000,
    "link": "https://www.sec.gov/Archives/edgar/data/1501585/000150158516000065/0001501585-16-000065-index.htm",
    "finalLink": "https://www.sec.gov/Archives/edgar/data/1501585/000150158516000065/hii2016q310-q0930.htm"
  },
  {
    "date": "2016-06-30",
    "symbol": "HII",
    "reportedCurrency": "USD",
    "cik": "0001501585",
    "fillingDate": "2016-08-04",
    "acceptedDate": "2016-08-04 10:29:06",
    "calendarYear": "2016",
    "period": "Q2",
    "revenue": 1700000000,
    "costOfRevenue": 1333000000,
    "grossProfit": 367000000,
    "grossProfitRatio": 0.2158823529,
    "researchAndDevelopmentExpenses": 0,
    "generalAndAdministrativeExpenses": 151000000,
    "sellingAndMarketingExpenses": 0,
    "sellingGeneralAndAdministrativeExpenses": 151000000,
    "otherExpenses": 0,
    "operatingExpenses": 151000000,
    "costAndExpenses": 1484000000,
    "interestIncome": 0,
    "interestExpense": 18000000,
    "depreciationAndAmortization": 48000000,
    "ebitda": 265000000,
    "ebitdaratio": 0.1558823529,
    "operatingIncome": 217000000,
    "operatingIncomeRatio": 0.1276470588,
    "totalOtherIncomeExpensesNet": -18000000,
    "incomeBeforeTax": 199000000,
    "incomeBeforeTaxRatio": 0.1170588235,
    "incomeTaxExpense": 66000000,
    "netIncome": 133000000,
    "netIncomeRatio": 0.0782352941,
    "eps": 2.83,
    "epsdiluted": 2.8,
    "weightedAverageShsOut": 47000000,
    "weightedAverageShsOutDil": 47500000,
    "link": "https://www.sec.gov/Archives/edgar/data/1501585/000150158516000060/0001501585-16-000060-index.htm",
    "finalLink": "https://www.sec.gov/Archives/edgar/data/1501585/000150158516000060/hii2016q210-q0630.htm"
  },
  {
    "date": "2016-03-31",
    "symbol": "HII",
    "reportedCurrency": "USD",
    "cik": "0001501585",
    "fillingDate": "2016-05-05",
    "acceptedDate": "2016-05-05 11:16:45",
    "calendarYear": "2016",
    "period": "Q1",
    "revenue": 1763000000,
    "costOfRevenue": 1428000000,
    "grossProfit": 335000000,
    "grossProfitRatio": 0.1900170164,
    "researchAndDevelopmentExpenses": 0,
    "generalAndAdministrativeExpenses": 137000000,
    "sellingAndMarketingExpenses": 0,
    "sellingGeneralAndAdministrativeExpenses": 137000000,
    "otherExpenses": 0,
    "operatingExpenses": 137000000,
    "costAndExpenses": 1565000000,
    "interestIncome": 0,
    "interestExpense": 19000000,
    "depreciationAndAmortization": 46000000,
    "ebitda": 242000000,
    "ebitdaratio": 0.1372660238,
    "operatingIncome": 198000000,
    "operatingIncomeRatio": 0.1123085649,
    "totalOtherIncomeExpensesNet": -21000000,
    "incomeBeforeTax": 177000000,
    "incomeBeforeTaxRatio": 0.1003970505,
    "incomeTaxExpense": 41000000,
    "netIncome": 136000000,
    "netIncomeRatio": 0.0771412365,
    "eps": 2.89,
    "epsdiluted": 2.87,
    "weightedAverageShsOut": 47000000,
    "weightedAverageShsOutDil": 47400000,
    "link": "https://www.sec.gov/Archives/edgar/data/1501585/000150158516000044/0001501585-16-000044-index.htm",
    "finalLink": "https://www.sec.gov/Archives/edgar/data/1501585/000150158516000044/hii2016q110-q0331.htm"
  },
  {
    "date": "2015-12-31",
    "symbol": "HII",
    "reportedCurrency": "USD",
    "cik": "0001501585",
    "fillingDate": "2016-02-18",
    "acceptedDate": "2016-02-18 13:41:56",
    "calendarYear": "2015",
    "period": "Q4",
    "revenue": 1905000000,
    "costOfRevenue": 1550000000,
    "grossProfit": 355000000,
    "grossProfitRatio": 0.186351706,
    "researchAndDevelopmentExpenses": 0,
    "generalAndAdministrativeExpenses": 196000000,
    "sellingAndMarketingExpenses": 0,
    "sellingGeneralAndAdministrativeExpenses": 196000000,
    "otherExpenses": 0,
    "operatingExpenses": 196000000,
    "costAndExpenses": 1746000000,
    "interestIncome": 0,
    "interestExpense": 64000000,
    "depreciationAndAmortization": 45000000,
    "ebitda": 189000000,
    "ebitdaratio": 0.0992125984,
    "operatingIncome": 144000000,
    "operatingIncomeRatio": 0.0755905512,
    "totalOtherIncomeExpensesNet": -64000000,
    "incomeBeforeTax": 80000000,
    "incomeBeforeTaxRatio": 0.0419947507,
    "incomeTaxExpense": 30000000,
    "netIncome": 50000000,
    "netIncomeRatio": 0.0262467192,
    "eps": 1.06,
    "epsdiluted": 1.06,
    "weightedAverageShsOut": 46700000,
    "weightedAverageShsOutDil": 47000000,
    "link": "https://www.sec.gov/Archives/edgar/data/1501585/000150158516000038/0001501585-16-000038-index.htm",
    "finalLink": "https://www.sec.gov/Archives/edgar/data/1501585/000150158516000038/hii201510-k.htm"
  },
  {
    "date": "2015-09-30",
    "symbol": "HII",
    "reportedCurrency": "USD",
    "cik": "0001501585",
    "fillingDate": "2015-11-05",
    "acceptedDate": "2015-11-05 10:21:26",
    "calendarYear": "2015",
    "period": "Q3",
    "revenue": 1800000000,
    "costOfRevenue": 1456000000,
    "grossProfit": 344000000,
    "grossProfitRatio": 0.1911111111,
    "researchAndDevelopmentExpenses": 0,
    "generalAndAdministrativeExpenses": 150000000,
    "sellingAndMarketingExpenses": 0,
    "sellingGeneralAndAdministrativeExpenses": 150000000,
    "otherExpenses": 0,
    "operatingExpenses": 150000000,
    "costAndExpenses": 1606000000,
    "interestIncome": 0,
    "interestExpense": 25000000,
    "depreciationAndAmortization": 45000000,
    "ebitda": 245000000,
    "ebitdaratio": 0.1361111111,
    "operatingIncome": 200000000,
    "operatingIncomeRatio": 0.1111111111,
    "totalOtherIncomeExpensesNet": -25000000,
    "incomeBeforeTax": 175000000,
    "incomeBeforeTaxRatio": 0.0972222222,
    "incomeTaxExpense": 64000000,
    "netIncome": 111000000,
    "netIncomeRatio": 0.0616666667,
    "eps": 2.31,
    "epsdiluted": 2.29,
    "weightedAverageShsOut": 48000000,
    "weightedAverageShsOutDil": 48400000,
    "link": "https://www.sec.gov/Archives/edgar/data/1501585/000150158515000033/0001501585-15-000033-index.htm",
    "finalLink": "https://www.sec.gov/Archives/edgar/data/1501585/000150158515000033/hii2015q310-q930.htm"
  },
  {
    "date": "2015-06-30",
    "symbol": "HII",
    "reportedCurrency": "USD",
    "cik": "0001501585",
    "fillingDate": "2015-08-06",
    "acceptedDate": "2015-08-06 10:42:41",
    "calendarYear": "2015",
    "period": "Q2",
    "revenue": 1745000000,
    "costOfRevenue": 1246000000,
    "grossProfit": 499000000,
    "grossProfitRatio": 0.2859598854,
    "researchAndDevelopmentExpenses": 0,
    "generalAndAdministrativeExpenses": 173000000,
    "sellingAndMarketingExpenses": 0,
    "sellingGeneralAndAdministrativeExpenses": 173000000,
    "otherExpenses": 0,
    "operatingExpenses": 173000000,
    "costAndExpenses": 1419000000,
    "interestIncome": 0,
    "interestExpense": 25000000,
    "depreciationAndAmortization": 44000000,
    "ebitda": 313000000,
    "ebitdaratio": 0.1793696275,
    "operatingIncome": 269000000,
    "operatingIncomeRatio": 0.1541547278,
    "totalOtherIncomeExpensesNet": -25000000,
    "incomeBeforeTax": 244000000,
    "incomeBeforeTaxRatio": 0.1398280802,
    "incomeTaxExpense": 88000000,
    "netIncome": 156000000,
    "netIncomeRatio": 0.0893982808,
    "eps": 3.22,
    "epsdiluted": 3.2,
    "weightedAverageShsOut": 48500000,
    "weightedAverageShsOutDil": 48800000,
    "link": "https://www.sec.gov/Archives/edgar/data/1501585/000150158515000027/0001501585-15-000027-index.htm",
    "finalLink": "https://www.sec.gov/Archives/edgar/data/1501585/000150158515000027/hii2015q210-q630.htm"
  },
  {
    "date": "2015-03-31",
    "symbol": "HII",
    "reportedCurrency": "USD",
    "cik": "0001501585",
    "fillingDate": "2015-05-07",
    "acceptedDate": "2015-05-07 10:37:55",
    "calendarYear": "2015",
    "period": "Q1",
    "revenue": 1570000000,
    "costOfRevenue": 1265000000,
    "grossProfit": 305000000,
    "grossProfitRatio": 0.1942675159,
    "researchAndDevelopmentExpenses": 0,
    "generalAndAdministrativeExpenses": 150000000,
    "sellingAndMarketingExpenses": 0,
    "sellingGeneralAndAdministrativeExpenses": 150000000,
    "otherExpenses": 0,
    "operatingExpenses": 150000000,
    "costAndExpenses": 1415000000,
    "interestIncome": 0,
    "interestExpense": 23000000,
    "depreciationAndAmortization": 46000000,
    "ebitda": 202000000,
    "ebitdaratio": 0.1286624204,
    "operatingIncome": 156000000,
    "operatingIncomeRatio": 0.0993630573,
    "totalOtherIncomeExpensesNet": -23000000,
    "incomeBeforeTax": 133000000,
    "incomeBeforeTaxRatio": 0.0847133758,
    "incomeTaxExpense": 46000000,
    "netIncome": 87000000,
    "netIncomeRatio": 0.0554140127,
    "eps": 1.8,
    "epsdiluted": 1.79,
    "weightedAverageShsOut": 48400000,
    "weightedAverageShsOutDil": 48700000,
    "link": "https://www.sec.gov/Archives/edgar/data/1501585/000150158515000014/0001501585-15-000014-index.htm",
    "finalLink": "https://www.sec.gov/Archives/edgar/data/1501585/000150158515000014/hii2015q110-q331.htm"
  },
  {
    "date": "2014-12-31",
    "symbol": "HII",
    "reportedCurrency": "USD",
    "cik": "0001501585",
    "fillingDate": "2015-02-19",
    "acceptedDate": "2015-02-19 10:36:39",
    "calendarYear": "2014",
    "period": "Q4",
    "revenue": 1927000000,
    "costOfRevenue": 1520000000,
    "grossProfit": 407000000,
    "grossProfitRatio": 0.2112091334,
    "researchAndDevelopmentExpenses": 0,
    "generalAndAdministrativeExpenses": 217000000,
    "sellingAndMarketingExpenses": 0,
    "sellingGeneralAndAdministrativeExpenses": 217000000,
    "otherExpenses": 0,
    "operatingExpenses": 217000000,
    "costAndExpenses": 1737000000,
    "interestIncome": 0,
    "interestExpense": 66000000,
    "depreciationAndAmortization": 38000000,
    "ebitda": 183000000,
    "ebitdaratio": 0.0949662688,
    "operatingIncome": 144000000,
    "operatingIncomeRatio": 0.0747275558,
    "totalOtherIncomeExpensesNet": -65000000,
    "incomeBeforeTax": 79000000,
    "incomeBeforeTaxRatio": 0.0409963674,
    "incomeTaxExpense": 27000000,
    "netIncome": 52000000,
    "netIncomeRatio": 0.0269849507,
    "eps": 1.07,
    "epsdiluted": 1.07,
    "weightedAverageShsOut": 48400000,
    "weightedAverageShsOutDil": 48400000,
    "link": "https://www.sec.gov/Archives/edgar/data/1501585/000150158515000005/0001501585-15-000005-index.htm",
    "finalLink": "https://www.sec.gov/Archives/edgar/data/1501585/000150158515000005/hii201410-k.htm"
  },
  {
    "date": "2014-09-30",
    "symbol": "HII",
    "reportedCurrency": "USD",
    "cik": "0001501585",
    "fillingDate": "2014-11-06",
    "acceptedDate": "2014-11-06 11:19:16",
    "calendarYear": "2014",
    "period": "Q3",
    "revenue": 1717000000,
    "costOfRevenue": 1364000000,
    "grossProfit": 353000000,
    "grossProfitRatio": 0.2055911474,
    "researchAndDevelopmentExpenses": 0,
    "generalAndAdministrativeExpenses": 189000000,
    "sellingAndMarketingExpenses": 0,
    "sellingGeneralAndAdministrativeExpenses": 189000000,
    "otherExpenses": 0,
    "operatingExpenses": 189000000,
    "costAndExpenses": 1553000000,
    "interestIncome": 0,
    "interestExpense": 27000000,
    "depreciationAndAmortization": 47000000,
    "ebitda": 171000000,
    "ebitdaratio": 0.0995923122,
    "operatingIncome": 171000000,
    "operatingIncomeRatio": 0.0995923122,
    "totalOtherIncomeExpensesNet": -27000000,
    "incomeBeforeTax": 144000000,
    "incomeBeforeTaxRatio": 0.0838672103,
    "incomeTaxExpense": 48000000,
    "netIncome": 96000000,
    "netIncomeRatio": 0.0559114735,
    "eps": 1.97,
    "epsdiluted": 1.96,
    "weightedAverageShsOut": 48700000,
    "weightedAverageShsOutDil": 49000000,
    "link": "https://www.sec.gov/Archives/edgar/data/1501585/000150158514000039/0001501585-14-000039-index.htm",
    "finalLink": "https://www.sec.gov/Archives/edgar/data/1501585/000150158514000039/hii2014q310-q930.htm"
  },
  {
    "date": "2014-06-30",
    "symbol": "HII",
    "reportedCurrency": "USD",
    "cik": "0001501585",
    "fillingDate": "2014-08-07",
    "acceptedDate": "2014-08-07 10:46:58",
    "calendarYear": "2014",
    "period": "Q2",
    "revenue": 1719000000,
    "costOfRevenue": 1369000000,
    "grossProfit": 350000000,
    "grossProfitRatio": 0.2036067481,
    "researchAndDevelopmentExpenses": 0,
    "generalAndAdministrativeExpenses": 170000000,
    "sellingAndMarketingExpenses": 0,
    "sellingGeneralAndAdministrativeExpenses": 170000000,
    "otherExpenses": 0,
    "operatingExpenses": 170000000,
    "costAndExpenses": 1539000000,
    "interestIncome": 0,
    "interestExpense": 29000000,
    "depreciationAndAmortization": 49000000,
    "ebitda": 230000000,
    "ebitdaratio": 0.1337987202,
    "operatingIncome": 181000000,
    "operatingIncomeRatio": 0.1052937755,
    "totalOtherIncomeExpensesNet": -29000000,
    "incomeBeforeTax": 152000000,
    "incomeBeforeTaxRatio": 0.088423502,
    "incomeTaxExpense": 52000000,
    "netIncome": 100000000,
    "netIncomeRatio": 0.0581733566,
    "eps": 2.05,
    "epsdiluted": 2.04,
    "weightedAverageShsOut": 48800000,
    "weightedAverageShsOutDil": 49100000,
    "link": "https://www.sec.gov/Archives/edgar/data/1501585/000150158514000034/0001501585-14-000034-index.htm",
    "finalLink": "https://www.sec.gov/Archives/edgar/data/1501585/000150158514000034/hii2014q210-q630.htm"
  },
  {
    "date": "2014-03-31",
    "symbol": "HII",
    "reportedCurrency": "USD",
    "cik": "0001501585",
    "fillingDate": "2014-05-08",
    "acceptedDate": "2014-05-08 10:02:27",
    "calendarYear": "2014",
    "period": "Q1",
    "revenue": 1594000000,
    "costOfRevenue": 1287000000,
    "grossProfit": 307000000,
    "grossProfitRatio": 0.1925972396,
    "researchAndDevelopmentExpenses": 0,
    "generalAndAdministrativeExpenses": 150000000,
    "sellingAndMarketingExpenses": 0,
    "sellingGeneralAndAdministrativeExpenses": 150000000,
    "otherExpenses": 0,
    "operatingExpenses": 150000000,
    "costAndExpenses": 1437000000,
    "interestIncome": 0,
    "interestExpense": 27000000,
    "depreciationAndAmortization": 60000000,
    "ebitda": 219000000,
    "ebitdaratio": 0.1373902133,
    "operatingIncome": 159000000,
    "operatingIncomeRatio": 0.099749059,
    "totalOtherIncomeExpensesNet": -27000000,
    "incomeBeforeTax": 132000000,
    "incomeBeforeTaxRatio": 0.0828105395,
    "incomeTaxExpense": 42000000,
    "netIncome": 90000000,
    "netIncomeRatio": 0.0564617315,
    "eps": 1.83,
    "epsdiluted": 1.81,
    "weightedAverageShsOut": 49100000,
    "weightedAverageShsOutDil": 49700000,
    "link": "https://www.sec.gov/Archives/edgar/data/1501585/000150158514000019/0001501585-14-000019-index.htm",
    "finalLink": "https://www.sec.gov/Archives/edgar/data/1501585/000150158514000019/hii2014q110-q331.htm"
  },
  {
    "date": "2013-12-31",
    "symbol": "HII",
    "reportedCurrency": "USD",
    "cik": "0001501585",
    "fillingDate": "2014-02-27",
    "acceptedDate": "2014-02-27 11:34:17",
    "calendarYear": "2013",
    "period": "Q4",
    "revenue": 1938000000,
    "costOfRevenue": 1567000000,
    "grossProfit": 371000000,
    "grossProfitRatio": 0.1914344685,
    "researchAndDevelopmentExpenses": 0,
    "generalAndAdministrativeExpenses": 198000000,
    "sellingAndMarketingExpenses": 0,
    "sellingGeneralAndAdministrativeExpenses": 198000000,
    "otherExpenses": 0,
    "operatingExpenses": 198000000,
    "costAndExpenses": 1765000000,
    "interestIncome": 0,
    "interestExpense": 31000000,
    "depreciationAndAmortization": 75000000,
    "ebitda": 249000000,
    "ebitdaratio": 0.1284829721,
    "operatingIncome": 174000000,
    "operatingIncomeRatio": 0.0897832817,
    "totalOtherIncomeExpensesNet": -31000000,
    "incomeBeforeTax": 143000000,
    "incomeBeforeTaxRatio": 0.0737874097,
    "incomeTaxExpense": 52000000,
    "netIncome": 91000000,
    "netIncomeRatio": 0.0469556244,
    "eps": 1.85,
    "epsdiluted": 1.85,
    "weightedAverageShsOut": 49100000,
    "weightedAverageShsOutDil": 49100000,
    "link": "https://www.sec.gov/Archives/edgar/data/1501585/000150158514000005/0001501585-14-000005-index.htm",
    "finalLink": "https://www.sec.gov/Archives/edgar/data/1501585/000150158514000005/hii201310-k.htm"
  },
  {
    "date": "2013-09-30",
    "symbol": "HII",
    "reportedCurrency": "USD",
    "cik": "0001501585",
    "fillingDate": "2013-11-07",
    "acceptedDate": "2013-11-07 11:55:10",
    "calendarYear": "2013",
    "period": "Q3",
    "revenue": 1637000000,
    "costOfRevenue": 1333000000,
    "grossProfit": 304000000,
    "grossProfitRatio": 0.1857055589,
    "researchAndDevelopmentExpenses": 0,
    "generalAndAdministrativeExpenses": 186000000,
    "sellingAndMarketingExpenses": 0,
    "sellingGeneralAndAdministrativeExpenses": 186000000,
    "otherExpenses": 0,
    "operatingExpenses": 186000000,
    "costAndExpenses": 1519000000,
    "interestIncome": 0,
    "interestExpense": 28000000,
    "depreciationAndAmortization": 58000000,
    "ebitda": 185000000,
    "ebitdaratio": 0.1130116066,
    "operatingIncome": 127000000,
    "operatingIncomeRatio": 0.0775809407,
    "totalOtherIncomeExpensesNet": -28000000,
    "incomeBeforeTax": 99000000,
    "incomeBeforeTaxRatio": 0.0604764814,
    "incomeTaxExpense": 30000000,
    "netIncome": 69000000,
    "netIncomeRatio": 0.0421502749,
    "eps": 1.38,
    "epsdiluted": 1.36,
    "weightedAverageShsOut": 49900000,
    "weightedAverageShsOutDil": 50600001,
    "link": "https://www.sec.gov/Archives/edgar/data/1501585/000150158513000038/0001501585-13-000038-index.htm",
    "finalLink": "https://www.sec.gov/Archives/edgar/data/1501585/000150158513000038/hii2013q310-q930.htm"
  },
  {
    "date": "2013-06-30",
    "symbol": "HII",
    "reportedCurrency": "USD",
    "cik": "0001501585",
    "fillingDate": "2013-08-07",
    "acceptedDate": "2013-08-07 10:24:24",
    "calendarYear": "2013",
    "period": "Q2",
    "revenue": 1683000000,
    "costOfRevenue": 1384000000,
    "grossProfit": 299000000,
    "grossProfitRatio": 0.1776589424,
    "researchAndDevelopmentExpenses": 0,
    "generalAndAdministrativeExpenses": 185000000,
    "sellingAndMarketingExpenses": 0,
    "sellingGeneralAndAdministrativeExpenses": 185000000,
    "otherExpenses": 0,
    "operatingExpenses": 185000000,
    "costAndExpenses": 1569000000,
    "interestIncome": 0,
    "interestExpense": 29000000,
    "depreciationAndAmortization": 44000000,
    "ebitda": 160000000,
    "ebitdaratio": 0.0950683304,
    "operatingIncome": 116000000,
    "operatingIncomeRatio": 0.0689245395,
    "totalOtherIncomeExpensesNet": -29000000,
    "incomeBeforeTax": 87000000,
    "incomeBeforeTaxRatio": 0.0516934046,
    "incomeTaxExpense": 30000000,
    "netIncome": 57000000,
    "netIncomeRatio": 0.0338680927,
    "eps": 1.14,
    "epsdiluted": 1.12,
    "weightedAverageShsOut": 50200001,
    "weightedAverageShsOutDil": 50700001,
    "link": "https://www.sec.gov/Archives/edgar/data/1501585/000150158513000026/0001501585-13-000026-index.htm",
    "finalLink": "https://www.sec.gov/Archives/edgar/data/1501585/000150158513000026/hii2013q210-q630.htm"
  },
  {
    "date": "2013-03-31",
    "symbol": "HII",
    "reportedCurrency": "USD",
    "cik": "0001501585",
    "fillingDate": "2013-05-08",
    "acceptedDate": "2013-05-08 09:59:36",
    "calendarYear": "2013",
    "period": "Q1",
    "revenue": 1562000000,
    "costOfRevenue": 1299000000,
    "grossProfit": 263000000,
    "grossProfitRatio": 0.1683738796,
    "researchAndDevelopmentExpenses": 0,
    "generalAndAdministrativeExpenses": 170000000,
    "sellingAndMarketingExpenses": 0,
    "sellingGeneralAndAdministrativeExpenses": 170000000,
    "otherExpenses": 0,
    "operatingExpenses": 170000000,
    "costAndExpenses": 1469000000,
    "interestIncome": 0,
    "interestExpense": 30000000,
    "depreciationAndAmortization": 49000000,
    "ebitda": 144000000,
    "ebitdaratio": 0.0921895006,
    "operatingIncome": 95000000,
    "operatingIncomeRatio": 0.0608194622,
    "totalOtherIncomeExpensesNet": -30000000,
    "incomeBeforeTax": 65000000,
    "incomeBeforeTaxRatio": 0.0416133163,
    "incomeTaxExpense": 21000000,
    "netIncome": 44000000,
    "netIncomeRatio": 0.0281690141,
    "eps": 0.88,
    "epsdiluted": 0.87,
    "weightedAverageShsOut": 49800000,
    "weightedAverageShsOutDil": 50300001,
    "link": "https://www.sec.gov/Archives/edgar/data/1501585/000150158513000011/0001501585-13-000011-index.htm",
    "finalLink": "https://www.sec.gov/Archives/edgar/data/1501585/000150158513000011/hii2013q110-q331.htm"
  },
  {
    "date": "2012-12-31",
    "symbol": "HII",
    "reportedCurrency": "USD",
    "cik": "0001501585",
    "fillingDate": "2013-02-27",
    "acceptedDate": "2013-02-27 15:10:25",
    "calendarYear": "2012",
    "period": "Q4",
    "revenue": 1823000000,
    "costOfRevenue": 1489000000,
    "grossProfit": 334000000,
    "grossProfitRatio": 0.1832144816,
    "researchAndDevelopmentExpenses": 0,
    "generalAndAdministrativeExpenses": 233000000,
    "sellingAndMarketingExpenses": 0,
    "sellingGeneralAndAdministrativeExpenses": 233000000,
    "otherExpenses": 0,
    "operatingExpenses": 233000000,
    "costAndExpenses": 1722000000,
    "interestIncome": 0,
    "interestExpense": 29000000,
    "depreciationAndAmortization": 47000000,
    "ebitda": 153000000,
    "ebitdaratio": 0.0839275919,
    "operatingIncome": 106000000,
    "operatingIncomeRatio": 0.0581459133,
    "totalOtherIncomeExpensesNet": -29000000,
    "incomeBeforeTax": 77000000,
    "incomeBeforeTaxRatio": 0.0422380691,
    "incomeTaxExpense": 27000000,
    "netIncome": 50000000,
    "netIncomeRatio": 0.0274273176,
    "eps": 1,
    "epsdiluted": 1,
    "weightedAverageShsOut": 49700000,
    "weightedAverageShsOutDil": 49800000,
    "link": "https://www.sec.gov/Archives/edgar/data/1501585/000150158513000003/0001501585-13-000003-index.htm",
    "finalLink": "https://www.sec.gov/Archives/edgar/data/1501585/000150158513000003/hii201210-k.htm"
  },
  {
    "date": "2012-09-30",
    "symbol": "HII",
    "reportedCurrency": "USD",
    "cik": "0001501585",
    "fillingDate": "2012-11-08",
    "acceptedDate": "2012-11-08 10:20:33",
    "calendarYear": "2012",
    "period": "Q3",
    "revenue": 1596000000,
    "costOfRevenue": 1373000000,
    "grossProfit": 223000000,
    "grossProfitRatio": 0.1397243108,
    "researchAndDevelopmentExpenses": 0,
    "generalAndAdministrativeExpenses": 164000000,
    "sellingAndMarketingExpenses": 0,
    "sellingGeneralAndAdministrativeExpenses": 164000000,
    "otherExpenses": 0,
    "operatingExpenses": 164000000,
    "costAndExpenses": 1537000000,
    "interestIncome": 0,
    "interestExpense": 29000000,
    "depreciationAndAmortization": 45000000,
    "ebitda": 66000000,
    "ebitdaratio": 0.0413533835,
    "operatingIncome": 66000000,
    "operatingIncomeRatio": 0.0413533835,
    "totalOtherIncomeExpensesNet": -29000000,
    "incomeBeforeTax": 37000000,
    "incomeBeforeTaxRatio": 0.0231829574,
    "incomeTaxExpense": 24000000,
    "netIncome": 13000000,
    "netIncomeRatio": 0.0081453634,
    "eps": 0.26,
    "epsdiluted": 0.26,
    "weightedAverageShsOut": 49600000,
    "weightedAverageShsOutDil": 50300001,
    "link": "https://www.sec.gov/Archives/edgar/data/1501585/000150158512000028/0001501585-12-000028-index.htm",
    "finalLink": "https://www.sec.gov/Archives/edgar/data/1501585/000150158512000028/hii2012q310-q930.htm"
  },
  {
    "date": "2012-06-30",
    "symbol": "HII",
    "reportedCurrency": "USD",
    "cik": "0001501585",
    "fillingDate": "2012-08-08",
    "acceptedDate": "2012-08-08 10:06:56",
    "calendarYear": "2012",
    "period": "Q2",
    "revenue": 1721000000,
    "costOfRevenue": 1443000000,
    "grossProfit": 278000000,
    "grossProfitRatio": 0.1615339919,
    "researchAndDevelopmentExpenses": 0,
    "generalAndAdministrativeExpenses": 176000000,
    "sellingAndMarketingExpenses": 0,
    "sellingGeneralAndAdministrativeExpenses": 176000000,
    "otherExpenses": 0,
    "operatingExpenses": 176000000,
    "costAndExpenses": 1619000000,
    "interestIncome": 0,
    "interestExpense": 29000000,
    "depreciationAndAmortization": 45000000,
    "ebitda": 106000000,
    "ebitdaratio": 0.0615920976,
    "operatingIncome": 106000000,
    "operatingIncomeRatio": 0.0615920976,
    "totalOtherIncomeExpensesNet": -29000000,
    "incomeBeforeTax": 77000000,
    "incomeBeforeTaxRatio": 0.0447414294,
    "incomeTaxExpense": 27000000,
    "netIncome": 50000000,
    "netIncomeRatio": 0.0290528762,
    "eps": 1.01,
    "epsdiluted": 1,
    "weightedAverageShsOut": 49500000,
    "weightedAverageShsOutDil": 50100001,
    "link": "https://www.sec.gov/Archives/edgar/data/1501585/000150158512000020/0001501585-12-000020-index.htm",
    "finalLink": "https://www.sec.gov/Archives/edgar/data/1501585/000150158512000020/hii2012q210-q630.htm"
  },
  {
    "date": "2012-03-31",
    "symbol": "HII",
    "reportedCurrency": "USD",
    "cik": "0001501585",
    "fillingDate": "2012-05-09",
    "acceptedDate": "2012-05-09 10:08:13",
    "calendarYear": "2012",
    "period": "Q1",
    "revenue": 1568000000,
    "costOfRevenue": 1338000000,
    "grossProfit": 230000000,
    "grossProfitRatio": 0.1466836735,
    "researchAndDevelopmentExpenses": 0,
    "generalAndAdministrativeExpenses": 150000000,
    "sellingAndMarketingExpenses": 0,
    "sellingGeneralAndAdministrativeExpenses": 150000000,
    "otherExpenses": 0,
    "operatingExpenses": 150000000,
    "costAndExpenses": 1488000000,
    "interestIncome": 0,
    "interestExpense": 30000000,
    "depreciationAndAmortization": 47000000,
    "ebitda": 80000000,
    "ebitdaratio": 0.0510204082,
    "operatingIncome": 80000000,
    "operatingIncomeRatio": 0.0510204082,
    "totalOtherIncomeExpensesNet": -30000000,
    "incomeBeforeTax": 50000000,
    "incomeBeforeTaxRatio": 0.0318877551,
    "incomeTaxExpense": 17000000,
    "netIncome": 33000000,
    "netIncomeRatio": 0.0210459184,
    "eps": 0.67,
    "epsdiluted": 0.67,
    "weightedAverageShsOut": 49000000,
    "weightedAverageShsOutDil": 49500000,
    "link": "https://www.sec.gov/Archives/edgar/data/1501585/000150158512000005/0001501585-12-000005-index.htm",
    "finalLink": "https://www.sec.gov/Archives/edgar/data/1501585/000150158512000005/hii2012q110-qdoc.htm"
  },
  {
    "date": "2011-12-31",
    "symbol": "HII",
    "reportedCurrency": "USD",
    "cik": "0001501585",
    "fillingDate": "2012-03-29",
    "acceptedDate": "2012-03-29 08:38:40",
    "calendarYear": "2011",
    "period": "Q4",
    "revenue": 1735000000,
    "costOfRevenue": 1468000000,
    "grossProfit": 267000000,
    "grossProfitRatio": 0.1538904899,
    "researchAndDevelopmentExpenses": 0,
    "generalAndAdministrativeExpenses": 153000000,
    "sellingAndMarketingExpenses": 0,
    "sellingGeneralAndAdministrativeExpenses": 153000000,
    "otherExpenses": 0,
    "operatingExpenses": 153000000,
    "costAndExpenses": 1621000000,
    "interestIncome": 0,
    "interestExpense": 29000000,
    "depreciationAndAmortization": 46000000,
    "ebitda": 170000000,
    "ebitdaratio": 0.0979827089,
    "operatingIncome": 124000000,
    "operatingIncomeRatio": 0.0714697406,
    "totalOtherIncomeExpensesNet": -29000000,
    "incomeBeforeTax": 95000000,
    "incomeBeforeTaxRatio": 0.0547550432,
    "incomeTaxExpense": 26000000,
    "netIncome": 69000000,
    "netIncomeRatio": 0.0397694524,
    "eps": 1.41,
    "epsdiluted": 1.41,
    "weightedAverageShsOut": 48800000,
    "weightedAverageShsOutDil": 49000000,
    "link": "https://www.sec.gov/Archives/edgar/data/1501585/000119312512138529/0001193125-12-138529-index.htm",
    "finalLink": "https://www.sec.gov/Archives/edgar/data/1501585/000119312512138529/d281994d10k.htm"
  },
  {
    "date": "2011-09-30",
    "symbol": "HII",
    "reportedCurrency": "USD",
    "cik": "0001501585",
    "fillingDate": "2011-11-10",
    "acceptedDate": "2011-11-10 10:17:46",
    "calendarYear": "2011",
    "period": "Q3",
    "revenue": 1593000000,
    "costOfRevenue": 1330000000,
    "grossProfit": 263000000,
    "grossProfitRatio": 0.1650973007,
    "researchAndDevelopmentExpenses": 0,
    "generalAndAdministrativeExpenses": 153000000,
    "sellingAndMarketingExpenses": 0,
    "sellingGeneralAndAdministrativeExpenses": 153000000,
    "otherExpenses": 0,
    "operatingExpenses": 153000000,
    "costAndExpenses": 1483000000,
    "interestIncome": 0,
    "interestExpense": 30000000,
    "depreciationAndAmortization": 47000000,
    "ebitda": -143000000,
    "ebitdaratio": -0.0897677338,
    "operatingIncome": -190000000,
    "operatingIncomeRatio": -0.1192718142,
    "totalOtherIncomeExpensesNet": -30000000,
    "incomeBeforeTax": -220000000,
    "incomeBeforeTaxRatio": -0.1381042059,
    "incomeTaxExpense": 28000000,
    "netIncome": -248000000,
    "netIncomeRatio": -0.1556811048,
    "eps": -5.07,
    "epsdiluted": -5.07,
    "weightedAverageShsOut": 48900000,
    "weightedAverageShsOutDil": 48900000,
    "link": "https://www.sec.gov/Archives/edgar/data/1501585/000119312511305928/0001193125-11-305928-index.htm",
    "finalLink": "https://www.sec.gov/Archives/edgar/data/1501585/000119312511305928/d243314d10q.htm"
  },
  {
    "date": "2011-06-30",
    "symbol": "HII",
    "reportedCurrency": "USD",
    "cik": "0001501585",
    "fillingDate": "2011-08-11",
    "acceptedDate": "2011-08-11 10:01:08",
    "calendarYear": "2011",
    "period": "Q2",
    "revenue": 1563000000,
    "costOfRevenue": 1303000000,
    "grossProfit": 260000000,
    "grossProfitRatio": 0.166346769,
    "researchAndDevelopmentExpenses": 0,
    "generalAndAdministrativeExpenses": 169000000,
    "sellingAndMarketingExpenses": 0,
    "sellingGeneralAndAdministrativeExpenses": 169000000,
    "otherExpenses": 0,
    "operatingExpenses": 169000000,
    "costAndExpenses": 1472000000,
    "interestIncome": 0,
    "interestExpense": 30000000,
    "depreciationAndAmortization": 46000000,
    "ebitda": 91000000,
    "ebitdaratio": 0.0582213692,
    "operatingIncome": 91000000,
    "operatingIncomeRatio": 0.0582213692,
    "totalOtherIncomeExpensesNet": -30000000,
    "incomeBeforeTax": 61000000,
    "incomeBeforeTaxRatio": 0.0390275112,
    "incomeTaxExpense": 21000000,
    "netIncome": 40000000,
    "netIncomeRatio": 0.0255918106,
    "eps": 0.81,
    "epsdiluted": 0.8,
    "weightedAverageShsOut": 48800000,
    "weightedAverageShsOutDil": 49600000,
    "link": "https://www.sec.gov/Archives/edgar/data/1501585/000119312511219011/0001193125-11-219011-index.htm",
    "finalLink": "https://www.sec.gov/Archives/edgar/data/1501585/000119312511219011/d10q.htm"
  },
  {
    "date": "2011-03-31",
    "symbol": "HII",
    "reportedCurrency": "USD",
    "cik": "0001501585",
    "fillingDate": "2011-05-11",
    "acceptedDate": "2011-05-11 09:00:38",
    "calendarYear": "2011",
    "period": "Q1",
    "revenue": 1684000000,
    "costOfRevenue": 1450000000,
    "grossProfit": 234000000,
    "grossProfitRatio": 0.1389548694,
    "researchAndDevelopmentExpenses": 0,
    "generalAndAdministrativeExpenses": 149000000,
    "sellingAndMarketingExpenses": 0,
    "sellingGeneralAndAdministrativeExpenses": 149000000,
    "otherExpenses": 0,
    "operatingExpenses": 149000000,
    "costAndExpenses": 1599000000,
    "interestIncome": 0,
    "interestExpense": 15000000,
    "depreciationAndAmortization": 45000000,
    "ebitda": 85000000,
    "ebitdaratio": 0.0504750594,
    "operatingIncome": 85000000,
    "operatingIncomeRatio": 0.0504750594,
    "totalOtherIncomeExpensesNet": -15000000,
    "incomeBeforeTax": 70000000,
    "incomeBeforeTaxRatio": 0.041567696,
    "incomeTaxExpense": 25000000,
    "netIncome": 45000000,
    "netIncomeRatio": 0.0267220903,
    "eps": 0.92,
    "epsdiluted": 0.92,
    "weightedAverageShsOut": 48800000,
    "weightedAverageShsOutDil": 48800000,
    "link": "https://www.sec.gov/Archives/edgar/data/1501585/000119312511135205/0001193125-11-135205-index.htm",
    "finalLink": "https://www.sec.gov/Archives/edgar/data/1501585/000119312511135205/d10q.htm"
  },
  {
    "date": "2010-12-31",
    "symbol": "HII",
    "reportedCurrency": "USD",
    "cik": "0001501585",
    "fillingDate": "2010-12-31",
    "acceptedDate": "2010-12-30 19:00:00",
    "calendarYear": "2010",
    "period": "Q4",
    "revenue": 1736000000,
    "costOfRevenue": 1461000000,
    "grossProfit": 275000000,
    "grossProfitRatio": 0.1584101382,
    "researchAndDevelopmentExpenses": 0,
    "generalAndAdministrativeExpenses": 197000000,
    "sellingAndMarketingExpenses": 0,
    "sellingGeneralAndAdministrativeExpenses": 197000000,
    "otherExpenses": 0,
    "operatingExpenses": 197000000,
    "costAndExpenses": 1658000000,
    "interestIncome": 0,
    "interestExpense": 10000000,
    "depreciationAndAmortization": 40000000,
    "ebitda": 135000000,
    "ebitdaratio": 0.077764977,
    "operatingIncome": 97000000,
    "operatingIncomeRatio": 0.055875576,
    "totalOtherIncomeExpensesNet": -12000000,
    "incomeBeforeTax": 85000000,
    "incomeBeforeTaxRatio": 0.0489631336,
    "incomeTaxExpense": 26000000,
    "netIncome": 59000000,
    "netIncomeRatio": 0.0339861751,
    "eps": 1.21,
    "epsdiluted": 1.21,
    "weightedAverageShsOut": 48765741,
    "weightedAverageShsOutDil": 48800000,
    "link": "",
    "finalLink": ""
  },
  {
    "date": "2010-09-30",
    "symbol": "HII",
    "reportedCurrency": "USD",
    "cik": "0001501585",
    "fillingDate": "2010-09-30",
    "acceptedDate": "2010-09-29 20:00:00",
    "calendarYear": "2010",
    "period": "Q3",
    "revenue": 1665000000,
    "costOfRevenue": 1430000000,
    "grossProfit": 235000000,
    "grossProfitRatio": 0.1411411411,
    "researchAndDevelopmentExpenses": 0,
    "generalAndAdministrativeExpenses": 0,
    "sellingAndMarketingExpenses": 0,
    "sellingGeneralAndAdministrativeExpenses": 158000000,
    "otherExpenses": 0,
    "operatingExpenses": 158000000,
    "costAndExpenses": 1588000000,
    "interestIncome": 0,
    "interestExpense": 10000000,
    "depreciationAndAmortization": 47000000,
    "ebitda": 124000000,
    "ebitdaratio": 0.0744744745,
    "operatingIncome": 77000000,
    "operatingIncomeRatio": 0.0462462462,
    "totalOtherIncomeExpensesNet": -10000000,
    "incomeBeforeTax": 67000000,
    "incomeBeforeTaxRatio": 0.0402402402,
    "incomeTaxExpense": 25000000,
    "netIncome": 42000000,
    "netIncomeRatio": 0.0252252252,
    "eps": 0.86,
    "epsdiluted": 0.86,
    "weightedAverageShsOut": 48800000,
    "weightedAverageShsOutDil": 48800000,
    "link": "",
    "finalLink": ""
  },
  {
    "date": "2010-06-30",
    "symbol": "HII",
    "reportedCurrency": "USD",
    "cik": "0001501585",
    "fillingDate": "2010-06-30",
    "acceptedDate": "2010-06-29 20:00:00",
    "calendarYear": "2010",
    "period": "Q2",
    "revenue": 1610000000,
    "costOfRevenue": 1469000000,
    "grossProfit": 141000000,
    "grossProfitRatio": 0.0875776398,
    "researchAndDevelopmentExpenses": 0,
    "generalAndAdministrativeExpenses": 0,
    "sellingAndMarketingExpenses": 0,
    "sellingGeneralAndAdministrativeExpenses": 161000000,
    "otherExpenses": 0,
    "operatingExpenses": 161000000,
    "costAndExpenses": 1630000000,
    "interestIncome": 0,
    "interestExpense": 10000000,
    "depreciationAndAmortization": 46000000,
    "ebitda": 26000000,
    "ebitdaratio": 0.0161490683,
    "operatingIncome": -20000000,
    "operatingIncomeRatio": -0.0124223602,
    "totalOtherIncomeExpensesNet": -10000000,
    "incomeBeforeTax": -30000000,
    "incomeBeforeTaxRatio": -0.0186335404,
    "incomeTaxExpense": -19000000,
    "netIncome": -11000000,
    "netIncomeRatio": -0.0068322981,
    "eps": -0.23,
    "epsdiluted": -0.23,
    "weightedAverageShsOut": 48800000,
    "weightedAverageShsOutDil": 48800000,
    "link": "",
    "finalLink": ""
  },
  {
    "date": "2010-03-31",
    "symbol": "HII",
    "reportedCurrency": "USD",
    "cik": "0001501585",
    "fillingDate": "2010-03-31",
    "acceptedDate": "2010-03-30 20:00:00",
    "calendarYear": "2010",
    "period": "Q1",
    "revenue": 1712000000,
    "costOfRevenue": 1471000000,
    "grossProfit": 241000000,
    "grossProfitRatio": 0.140771028,
    "researchAndDevelopmentExpenses": 0,
    "generalAndAdministrativeExpenses": 154000000,
    "sellingAndMarketingExpenses": 0,
    "sellingGeneralAndAdministrativeExpenses": 154000000,
    "otherExpenses": 0,
    "operatingExpenses": 154000000,
    "costAndExpenses": 1625000000,
    "interestIncome": 0,
    "interestExpense": 10000000,
    "depreciationAndAmortization": 50000000,
    "ebitda": 137000000,
    "ebitdaratio": 0.0800233645,
    "operatingIncome": 87000000,
    "operatingIncomeRatio": 0.050817757,
    "totalOtherIncomeExpensesNet": -10000000,
    "incomeBeforeTax": 77000000,
    "incomeBeforeTaxRatio": 0.0449766355,
    "incomeTaxExpense": 36000000,
    "netIncome": 41000000,
    "netIncomeRatio": 0.0239485981,
    "eps": 0.99,
    "epsdiluted": 0.99,
    "weightedAverageShsOut": 41400000,
    "weightedAverageShsOutDil": 41400000,
    "link": "",
    "finalLink": ""
  }
]