[
  {
    "date": "2025-06-30",
    "symbol": "HLT",
    "reportedCurrency": "USD",
    "cik": "0001585689",
    "fillingDate": "2025-07-23",
    "acceptedDate": "2025-07-23 10:01:13",
    "calendarYear": "2025",
    "period": "Q2",
    "revenue": 3137000000,
    "costOfRevenue": 2181000000,
    "grossProfit": 956000000,
    "grossProfitRatio": 0.3047497609,
    "researchAndDevelopmentExpenses": 0,
    "generalAndAdministrativeExpenses": 109000000,
    "sellingAndMarketingExpenses": 0,
    "sellingGeneralAndAdministrativeExpenses": 109000000,
    "otherExpenses": 69000000,
    "operatingExpenses": 178000000,
    "costAndExpenses": 2359000000,
    "interestIncome": 0,
    "interestExpense": 151000000,
    "depreciationAndAmortization": 43000000,
    "ebitda": 823000000,
    "ebitdaratio": 0.2623525661,
    "operatingIncome": 778000000,
    "operatingIncomeRatio": 0.2480076506,
    "totalOtherIncomeExpensesNet": -149000000,
    "incomeBeforeTax": 629000000,
    "incomeBeforeTaxRatio": 0.2005100414,
    "incomeTaxExpense": 187000000,
    "netIncome": 440000000,
    "netIncomeRatio": 0.1402613962,
    "eps": 1.85,
    "epsdiluted": 1.84,
    "weightedAverageShsOut": 237000000,
    "weightedAverageShsOutDil": 239000000,
    "link": "https://www.sec.gov/Archives/edgar/data/1585689/000158568925000145/0001585689-25-000145-index.htm",
    "finalLink": "https://www.sec.gov/Archives/edgar/data/1585689/000158568925000145/hlt-20250630.htm"
  },
  {
    "date": "2025-03-31",
    "symbol": "HLT",
    "reportedCurrency": "USD",
    "cik": "0001585689",
    "fillingDate": "2025-04-29",
    "acceptedDate": "2025-04-29 10:06:56",
    "calendarYear": "2025",
    "period": "Q1",
    "revenue": 2695000000,
    "costOfRevenue": 1998000000,
    "grossProfit": 697000000,
    "grossProfitRatio": 0.2586270872,
    "researchAndDevelopmentExpenses": 0,
    "generalAndAdministrativeExpenses": 94000000,
    "sellingAndMarketingExpenses": 0,
    "sellingGeneralAndAdministrativeExpenses": 94000000,
    "otherExpenses": 67000000,
    "operatingExpenses": 161000000,
    "costAndExpenses": 2159000000,
    "interestIncome": 0,
    "interestExpense": 145000000,
    "depreciationAndAmortization": 41000000,
    "ebitda": 596000000,
    "ebitdaratio": 0.2211502783,
    "operatingIncome": 536000000,
    "operatingIncomeRatio": 0.1988868275,
    "totalOtherIncomeExpensesNet": -126000000,
    "incomeBeforeTax": 410000000,
    "incomeBeforeTaxRatio": 0.1521335807,
    "incomeTaxExpense": 110000000,
    "netIncome": 300000000,
    "netIncomeRatio": 0.1113172542,
    "eps": 1.25,
    "epsdiluted": 1.23,
    "weightedAverageShsOut": 240000000,
    "weightedAverageShsOutDil": 243000000,
    "link": "https://www.sec.gov/Archives/edgar/data/1585689/000158568925000089/0001585689-25-000089-index.htm",
    "finalLink": "https://www.sec.gov/Archives/edgar/data/1585689/000158568925000089/hlt-20250331.htm"
  },
  {
    "date": "2024-12-31",
    "symbol": "HLT",
    "reportedCurrency": "USD",
    "cik": "0001585689",
    "fillingDate": "2025-02-06",
    "acceptedDate": "2025-02-06 10:05:57",
    "calendarYear": "2024",
    "period": "Q4",
    "revenue": 2783000000,
    "costOfRevenue": 2114000000,
    "grossProfit": 669000000,
    "grossProfitRatio": 0.2403880704,
    "researchAndDevelopmentExpenses": 0,
    "generalAndAdministrativeExpenses": 97000000,
    "sellingAndMarketingExpenses": 0,
    "sellingGeneralAndAdministrativeExpenses": 97000000,
    "otherExpenses": 83000000,
    "operatingExpenses": 180000000,
    "costAndExpenses": 2294000000,
    "interestIncome": 0,
    "interestExpense": 157000000,
    "depreciationAndAmortization": 39000000,
    "ebitda": 532000000,
    "ebitdaratio": 0.191160618,
    "operatingIncome": 489000000,
    "operatingIncomeRatio": 0.1757096658,
    "totalOtherIncomeExpensesNet": -153000000,
    "incomeBeforeTax": 336000000,
    "incomeBeforeTaxRatio": 0.1207330219,
    "incomeTaxExpense": -169000000,
    "netIncome": 505000000,
    "netIncomeRatio": 0.1814588573,
    "eps": 2.08,
    "epsdiluted": 2.05,
    "weightedAverageShsOut": 243000000,
    "weightedAverageShsOutDil": 246000000,
    "link": "https://www.sec.gov/Archives/edgar/data/1585689/000158568925000008/0001585689-25-000008-index.htm",
    "finalLink": "https://www.sec.gov/Archives/edgar/data/1585689/000158568925000008/hlt-20241231.htm"
  },
  {
    "date": "2024-09-30",
    "symbol": "HLT",
    "reportedCurrency": "USD",
    "cik": "0001585689",
    "fillingDate": "2024-10-23",
    "acceptedDate": "2024-10-23 10:04:16",
    "calendarYear": "2024",
    "period": "Q3",
    "revenue": 2867000000,
    "costOfRevenue": 2078000000,
    "grossProfit": 789000000,
    "grossProfitRatio": 0.2752005581,
    "researchAndDevelopmentExpenses": 0,
    "generalAndAdministrativeExpenses": 101000000,
    "sellingAndMarketingExpenses": 0,
    "sellingGeneralAndAdministrativeExpenses": 101000000,
    "otherExpenses": 65000000,
    "operatingExpenses": 166000000,
    "costAndExpenses": 2244000000,
    "interestIncome": 0,
    "interestExpense": 140000000,
    "depreciationAndAmortization": 37000000,
    "ebitda": 668000000,
    "ebitdaratio": 0.2329961632,
    "operatingIncome": 623000000,
    "operatingIncomeRatio": 0.2173003139,
    "totalOtherIncomeExpensesNet": -132000000,
    "incomeBeforeTax": 491000000,
    "incomeBeforeTaxRatio": 0.1712591559,
    "incomeTaxExpense": 147000000,
    "netIncome": 344000000,
    "netIncomeRatio": 0.1199860481,
    "eps": 1.4,
    "epsdiluted": 1.38,
    "weightedAverageShsOut": 246000000,
    "weightedAverageShsOutDil": 249000000,
    "link": "https://www.sec.gov/Archives/edgar/data/1585689/000158568924000191/0001585689-24-000191-index.htm",
    "finalLink": "https://www.sec.gov/Archives/edgar/data/1585689/000158568924000191/hlt-20240930.htm"
  },
  {
    "date": "2024-06-30",
    "symbol": "HLT",
    "reportedCurrency": "USD",
    "cik": "0001585689",
    "fillingDate": "2024-08-07",
    "acceptedDate": "2024-08-07 10:02:23",
    "calendarYear": "2024",
    "period": "Q2",
    "revenue": 2951000000,
    "costOfRevenue": 2042000000,
    "grossProfit": 909000000,
    "grossProfitRatio": 0.3080311759,
    "researchAndDevelopmentExpenses": 0,
    "generalAndAdministrativeExpenses": 113000000,
    "sellingAndMarketingExpenses": 0,
    "sellingGeneralAndAdministrativeExpenses": 113000000,
    "otherExpenses": 71000000,
    "operatingExpenses": 184000000,
    "costAndExpenses": 2226000000,
    "interestIncome": 0,
    "interestExpense": 141000000,
    "depreciationAndAmortization": 34000000,
    "ebitda": 766000000,
    "ebitdaratio": 0.2595730261,
    "operatingIncome": 725000000,
    "operatingIncomeRatio": 0.2456794307,
    "totalOtherIncomeExpensesNet": -134000000,
    "incomeBeforeTax": 591000000,
    "incomeBeforeTaxRatio": 0.2002710945,
    "incomeTaxExpense": 169000000,
    "netIncome": 421000000,
    "netIncomeRatio": 0.1426635039,
    "eps": 1.69,
    "epsdiluted": 1.67,
    "weightedAverageShsOut": 249000000,
    "weightedAverageShsOutDil": 252000000,
    "link": "https://www.sec.gov/Archives/edgar/data/1585689/000158568924000162/0001585689-24-000162-index.htm",
    "finalLink": "https://www.sec.gov/Archives/edgar/data/1585689/000158568924000162/hlt-20240630.htm"
  },
  {
    "date": "2024-03-31",
    "symbol": "HLT",
    "reportedCurrency": "USD",
    "cik": "0001585689",
    "fillingDate": "2024-04-24",
    "acceptedDate": "2024-04-24 10:02:09",
    "calendarYear": "2024",
    "period": "Q1",
    "revenue": 2573000000,
    "costOfRevenue": 1877000000,
    "grossProfit": 696000000,
    "grossProfitRatio": 0.2705013603,
    "researchAndDevelopmentExpenses": 0,
    "generalAndAdministrativeExpenses": 104000000,
    "sellingAndMarketingExpenses": 0,
    "sellingGeneralAndAdministrativeExpenses": 104000000,
    "otherExpenses": 59000000,
    "operatingExpenses": 163000000,
    "costAndExpenses": 2040000000,
    "interestIncome": 0,
    "interestExpense": 131000000,
    "depreciationAndAmortization": 36000000,
    "ebitda": 532000000,
    "ebitdaratio": 0.206762534,
    "operatingIncome": 533000000,
    "operatingIncomeRatio": 0.2071511854,
    "totalOtherIncomeExpensesNet": -168000000,
    "incomeBeforeTax": 365000000,
    "incomeBeforeTaxRatio": 0.1418577536,
    "incomeTaxExpense": 97000000,
    "netIncome": 265000000,
    "netIncomeRatio": 0.1029926156,
    "eps": 1.05,
    "epsdiluted": 1.04,
    "weightedAverageShsOut": 252000000,
    "weightedAverageShsOutDil": 255000000,
    "link": "https://www.sec.gov/Archives/edgar/data/1585689/000158568924000101/0001585689-24-000101-index.htm",
    "finalLink": "https://www.sec.gov/Archives/edgar/data/1585689/000158568924000101/hlt-20240331.htm"
  },
  {
    "date": "2023-12-31",
    "symbol": "HLT",
    "reportedCurrency": "USD",
    "cik": "0001585689",
    "fillingDate": "2024-02-07",
    "acceptedDate": "2024-02-07 10:10:16",
    "calendarYear": "2023",
    "period": "Q4",
    "revenue": 2609000000,
    "costOfRevenue": 1996000000,
    "grossProfit": 613000000,
    "grossProfitRatio": 0.2349559218,
    "researchAndDevelopmentExpenses": 0,
    "generalAndAdministrativeExpenses": 110000000,
    "sellingAndMarketingExpenses": 0,
    "sellingGeneralAndAdministrativeExpenses": 110000000,
    "otherExpenses": 103000000,
    "operatingExpenses": 213000000,
    "costAndExpenses": 2209000000,
    "interestIncome": 0,
    "interestExpense": 124000000,
    "depreciationAndAmortization": 33000000,
    "ebitda": 431000000,
    "ebitdaratio": 0.1651973936,
    "operatingIncome": 400000000,
    "operatingIncomeRatio": 0.1533154465,
    "totalOtherIncomeExpensesNet": -126000000,
    "incomeBeforeTax": 274000000,
    "incomeBeforeTaxRatio": 0.1050210809,
    "incomeTaxExpense": 124000000,
    "netIncome": 147000000,
    "netIncomeRatio": 0.0563434266,
    "eps": 0.57,
    "epsdiluted": 0.57,
    "weightedAverageShsOut": 256000000,
    "weightedAverageShsOutDil": 258000000,
    "link": "https://www.sec.gov/Archives/edgar/data/1585689/000158568924000027/0001585689-24-000027-index.htm",
    "finalLink": "https://www.sec.gov/Archives/edgar/data/1585689/000158568924000027/hlt-20231231.htm"
  },
  {
    "date": "2023-09-30",
    "symbol": "HLT",
    "reportedCurrency": "USD",
    "cik": "0001585689",
    "fillingDate": "2023-10-25",
    "acceptedDate": "2023-10-25 10:22:32",
    "calendarYear": "2023",
    "period": "Q3",
    "revenue": 2673000000,
    "costOfRevenue": 1858000000,
    "grossProfit": 815000000,
    "grossProfitRatio": 0.3049008605,
    "researchAndDevelopmentExpenses": 0,
    "generalAndAdministrativeExpenses": 96000000,
    "sellingAndMarketingExpenses": 0,
    "sellingGeneralAndAdministrativeExpenses": 96000000,
    "otherExpenses": 66000000,
    "operatingExpenses": 162000000,
    "costAndExpenses": 2020000000,
    "interestIncome": 0,
    "interestExpense": 113000000,
    "depreciationAndAmortization": 40000000,
    "ebitda": 701000000,
    "ebitdaratio": 0.2622521511,
    "operatingIncome": 653000000,
    "operatingIncomeRatio": 0.2442947999,
    "totalOtherIncomeExpensesNet": -105000000,
    "incomeBeforeTax": 548000000,
    "incomeBeforeTaxRatio": 0.2050130939,
    "incomeTaxExpense": 169000000,
    "netIncome": 377000000,
    "netIncomeRatio": 0.1410400299,
    "eps": 1.45,
    "epsdiluted": 1.44,
    "weightedAverageShsOut": 260000000,
    "weightedAverageShsOutDil": 262000000,
    "link": "https://www.sec.gov/Archives/edgar/data/1585689/000158568923000193/0001585689-23-000193-index.htm",
    "finalLink": "https://www.sec.gov/Archives/edgar/data/1585689/000158568923000193/hlt-20230930.htm"
  },
  {
    "date": "2023-06-30",
    "symbol": "HLT",
    "reportedCurrency": "USD",
    "cik": "0001585689",
    "fillingDate": "2023-07-26",
    "acceptedDate": "2023-07-26 11:36:27",
    "calendarYear": "2023",
    "period": "Q2",
    "revenue": 2660000000,
    "costOfRevenue": 1805000000,
    "grossProfit": 855000000,
    "grossProfitRatio": 0.3214285714,
    "researchAndDevelopmentExpenses": 0,
    "generalAndAdministrativeExpenses": 111000000,
    "sellingAndMarketingExpenses": 0,
    "sellingGeneralAndAdministrativeExpenses": 111000000,
    "otherExpenses": 70000000,
    "operatingExpenses": 181000000,
    "costAndExpenses": 1986000000,
    "interestIncome": 0,
    "interestExpense": 111000000,
    "depreciationAndAmortization": 37000000,
    "ebitda": 716000000,
    "ebitdaratio": 0.2691729323,
    "operatingIncome": 674000000,
    "operatingIncomeRatio": 0.2533834586,
    "totalOtherIncomeExpensesNet": -106000000,
    "incomeBeforeTax": 568000000,
    "incomeBeforeTaxRatio": 0.2135338346,
    "incomeTaxExpense": 155000000,
    "netIncome": 411000000,
    "netIncomeRatio": 0.1545112782,
    "eps": 1.56,
    "epsdiluted": 1.55,
    "weightedAverageShsOut": 264000000,
    "weightedAverageShsOutDil": 266000000,
    "link": "https://www.sec.gov/Archives/edgar/data/1585689/000158568923000156/0001585689-23-000156-index.htm",
    "finalLink": "https://www.sec.gov/Archives/edgar/data/1585689/000158568923000156/hlt-20230630.htm"
  },
  {
    "date": "2023-03-31",
    "symbol": "HLT",
    "reportedCurrency": "USD",
    "cik": "0001585689",
    "fillingDate": "2023-04-26",
    "acceptedDate": "2023-04-26 11:11:30",
    "calendarYear": "2023",
    "period": "Q1",
    "revenue": 2293000000,
    "costOfRevenue": 1646000000,
    "grossProfit": 647000000,
    "grossProfitRatio": 0.2821631051,
    "researchAndDevelopmentExpenses": 0,
    "generalAndAdministrativeExpenses": 91000000,
    "sellingAndMarketingExpenses": 0,
    "sellingGeneralAndAdministrativeExpenses": 91000000,
    "otherExpenses": 58000000,
    "operatingExpenses": 149000000,
    "costAndExpenses": 1795000000,
    "interestIncome": 0,
    "interestExpense": 116000000,
    "depreciationAndAmortization": 37000000,
    "ebitda": 455000000,
    "ebitdaratio": 0.1984300044,
    "operatingIncome": 498000000,
    "operatingIncomeRatio": 0.21718273,
    "totalOtherIncomeExpensesNet": -196000000,
    "incomeBeforeTax": 302000000,
    "incomeBeforeTaxRatio": 0.1317051897,
    "incomeTaxExpense": 93000000,
    "netIncome": 206000000,
    "netIncomeRatio": 0.0898386393,
    "eps": 0.77,
    "epsdiluted": 0.77,
    "weightedAverageShsOut": 266000000,
    "weightedAverageShsOutDil": 269000000,
    "link": "https://www.sec.gov/Archives/edgar/data/1585689/000158568923000100/0001585689-23-000100-index.htm",
    "finalLink": "https://www.sec.gov/Archives/edgar/data/1585689/000158568923000100/hlt-20230331.htm"
  },
  {
    "date": "2022-12-31",
    "symbol": "HLT",
    "reportedCurrency": "USD",
    "cik": "0001585689",
    "fillingDate": "2023-02-09",
    "acceptedDate": "2023-02-09 11:08:28",
    "calendarYear": "2022",
    "period": "Q4",
    "revenue": 2444000000,
    "costOfRevenue": 1781000000,
    "grossProfit": 663000000,
    "grossProfitRatio": 0.2712765957,
    "researchAndDevelopmentExpenses": 0,
    "generalAndAdministrativeExpenses": 95000000,
    "sellingAndMarketingExpenses": 0,
    "sellingGeneralAndAdministrativeExpenses": 95000000,
    "otherExpenses": 64000000,
    "operatingExpenses": 159000000,
    "costAndExpenses": 1940000000,
    "interestIncome": 0,
    "interestExpense": 120000000,
    "depreciationAndAmortization": 39000000,
    "ebitda": 562000000,
    "ebitdaratio": 0.2299509002,
    "operatingIncome": 504000000,
    "operatingIncomeRatio": 0.2062193126,
    "totalOtherIncomeExpensesNet": -101000000,
    "incomeBeforeTax": 403000000,
    "incomeBeforeTaxRatio": 0.164893617,
    "incomeTaxExpense": 70000000,
    "netIncome": 328000000,
    "netIncomeRatio": 0.1342062193,
    "eps": 1.22,
    "epsdiluted": 1.21,
    "weightedAverageShsOut": 270000000,
    "weightedAverageShsOutDil": 272000000,
    "link": "https://www.sec.gov/Archives/edgar/data/1585689/000158568923000036/0001585689-23-000036-index.htm",
    "finalLink": "https://www.sec.gov/Archives/edgar/data/1585689/000158568923000036/hlt-20221231.htm"
  },
  {
    "date": "2022-09-30",
    "symbol": "HLT",
    "reportedCurrency": "USD",
    "cik": "0001585689",
    "fillingDate": "2022-10-26",
    "acceptedDate": "2022-10-26 11:07:25",
    "calendarYear": "2022",
    "period": "Q3",
    "revenue": 2368000000,
    "costOfRevenue": 1600000000,
    "grossProfit": 768000000,
    "grossProfitRatio": 0.3243243243,
    "researchAndDevelopmentExpenses": 0,
    "generalAndAdministrativeExpenses": 93000000,
    "sellingAndMarketingExpenses": 0,
    "sellingGeneralAndAdministrativeExpenses": 93000000,
    "otherExpenses": 52000000,
    "operatingExpenses": 145000000,
    "costAndExpenses": 1745000000,
    "interestIncome": 0,
    "interestExpense": 106000000,
    "depreciationAndAmortization": 39000000,
    "ebitda": 672000000,
    "ebitdaratio": 0.2837837838,
    "operatingIncome": 623000000,
    "operatingIncomeRatio": 0.2630912162,
    "totalOtherIncomeExpensesNet": -96000000,
    "incomeBeforeTax": 527000000,
    "incomeBeforeTaxRatio": 0.2225506757,
    "incomeTaxExpense": 181000000,
    "netIncome": 347000000,
    "netIncomeRatio": 0.1465371622,
    "eps": 1.27,
    "epsdiluted": 1.26,
    "weightedAverageShsOut": 273000000,
    "weightedAverageShsOutDil": 275000000,
    "link": "https://www.sec.gov/Archives/edgar/data/1585689/000158568922000164/0001585689-22-000164-index.htm",
    "finalLink": "https://www.sec.gov/Archives/edgar/data/1585689/000158568922000164/hlt-20220930.htm"
  },
  {
    "date": "2022-06-30",
    "symbol": "HLT",
    "reportedCurrency": "USD",
    "cik": "0001585689",
    "fillingDate": "2022-07-27",
    "acceptedDate": "2022-07-27 11:45:05",
    "calendarYear": "2022",
    "period": "Q2",
    "revenue": 2240000000,
    "costOfRevenue": 1488000000,
    "grossProfit": 752000000,
    "grossProfitRatio": 0.3357142857,
    "researchAndDevelopmentExpenses": 0,
    "generalAndAdministrativeExpenses": 103000000,
    "sellingAndMarketingExpenses": 0,
    "sellingGeneralAndAdministrativeExpenses": 103000000,
    "otherExpenses": 51000000,
    "operatingExpenses": 154000000,
    "costAndExpenses": 1642000000,
    "interestIncome": 0,
    "interestExpense": 99000000,
    "depreciationAndAmortization": 40000000,
    "ebitda": 652000000,
    "ebitdaratio": 0.2910714286,
    "operatingIncome": 598000000,
    "operatingIncomeRatio": 0.2669642857,
    "totalOtherIncomeExpensesNet": -85000000,
    "incomeBeforeTax": 513000000,
    "incomeBeforeTaxRatio": 0.2290178571,
    "incomeTaxExpense": 146000000,
    "netIncome": 368000000,
    "netIncomeRatio": 0.1642857143,
    "eps": 1.32,
    "epsdiluted": 1.31,
    "weightedAverageShsOut": 278000000,
    "weightedAverageShsOutDil": 280000000,
    "link": "https://www.sec.gov/Archives/edgar/data/1585689/000158568922000137/0001585689-22-000137-index.htm",
    "finalLink": "https://www.sec.gov/Archives/edgar/data/1585689/000158568922000137/hlt-20220630.htm"
  },
  {
    "date": "2022-03-31",
    "symbol": "HLT",
    "reportedCurrency": "USD",
    "cik": "0001585689",
    "fillingDate": "2022-05-03",
    "acceptedDate": "2022-05-03 11:11:46",
    "calendarYear": "2022",
    "period": "Q1",
    "revenue": 1721000000,
    "costOfRevenue": 1206000000,
    "grossProfit": 515000000,
    "grossProfitRatio": 0.2992446252,
    "researchAndDevelopmentExpenses": 0,
    "generalAndAdministrativeExpenses": 91000000,
    "sellingAndMarketingExpenses": 0,
    "sellingGeneralAndAdministrativeExpenses": 91000000,
    "otherExpenses": 55000000,
    "operatingExpenses": 146000000,
    "costAndExpenses": 1352000000,
    "interestIncome": 0,
    "interestExpense": 90000000,
    "depreciationAndAmortization": 44000000,
    "ebitda": 425000000,
    "ebitdaratio": 0.246949448,
    "operatingIncome": 369000000,
    "operatingIncomeRatio": 0.2144102266,
    "totalOtherIncomeExpensesNet": -78000000,
    "incomeBeforeTax": 291000000,
    "incomeBeforeTaxRatio": 0.1690877397,
    "incomeTaxExpense": 80000000,
    "netIncome": 212000000,
    "netIncomeRatio": 0.1231841952,
    "eps": 0.76,
    "epsdiluted": 0.75,
    "weightedAverageShsOut": 279000000,
    "weightedAverageShsOutDil": 282000000,
    "link": "https://www.sec.gov/Archives/edgar/data/1585689/000158568922000082/0001585689-22-000082-index.htm",
    "finalLink": "https://www.sec.gov/Archives/edgar/data/1585689/000158568922000082/hlt-20220331.htm"
  },
  {
    "date": "2021-12-31",
    "symbol": "HLT",
    "reportedCurrency": "USD",
    "cik": "0001585689",
    "fillingDate": "2022-02-16",
    "acceptedDate": "2022-02-16 11:22:28",
    "calendarYear": "2021",
    "period": "Q4",
    "revenue": 1836000000,
    "costOfRevenue": 1342000000,
    "grossProfit": 494000000,
    "grossProfitRatio": 0.2690631808,
    "researchAndDevelopmentExpenses": 0,
    "generalAndAdministrativeExpenses": 103000000,
    "sellingAndMarketingExpenses": 0,
    "sellingGeneralAndAdministrativeExpenses": 103000000,
    "otherExpenses": 58000000,
    "operatingExpenses": 161000000,
    "costAndExpenses": 1503000000,
    "interestIncome": 0,
    "interestExpense": 95000000,
    "depreciationAndAmortization": 45000000,
    "ebitda": 377000000,
    "ebitdaratio": 0.2053376906,
    "operatingIncome": 333000000,
    "operatingIncomeRatio": 0.181372549,
    "totalOtherIncomeExpensesNet": -96000000,
    "incomeBeforeTax": 237000000,
    "incomeBeforeTaxRatio": 0.1290849673,
    "incomeTaxExpense": 89000000,
    "netIncome": 147000000,
    "netIncomeRatio": 0.0800653595,
    "eps": 0.53,
    "epsdiluted": 0.52,
    "weightedAverageShsOut": 279000000,
    "weightedAverageShsOutDil": 282000000,
    "link": "https://www.sec.gov/Archives/edgar/data/1585689/000158568922000013/0001585689-22-000013-index.htm",
    "finalLink": "https://www.sec.gov/Archives/edgar/data/1585689/000158568922000013/hlt-20211231.htm"
  },
  {
    "date": "2021-09-30",
    "symbol": "HLT",
    "reportedCurrency": "USD",
    "cik": "0001585689",
    "fillingDate": "2021-10-27",
    "acceptedDate": "2021-10-27 11:17:08",
    "calendarYear": "2021",
    "period": "Q3",
    "revenue": 1749000000,
    "costOfRevenue": 1144000000,
    "grossProfit": 605000000,
    "grossProfitRatio": 0.3459119497,
    "researchAndDevelopmentExpenses": 0,
    "generalAndAdministrativeExpenses": 107000000,
    "sellingAndMarketingExpenses": 0,
    "sellingGeneralAndAdministrativeExpenses": 107000000,
    "otherExpenses": 66000000,
    "operatingExpenses": 173000000,
    "costAndExpenses": 1317000000,
    "interestIncome": 0,
    "interestExpense": 98000000,
    "depreciationAndAmortization": 46000000,
    "ebitda": 484000000,
    "ebitdaratio": 0.2767295597,
    "operatingIncome": 432000000,
    "operatingIncomeRatio": 0.2469982847,
    "totalOtherIncomeExpensesNet": -92000000,
    "incomeBeforeTax": 340000000,
    "incomeBeforeTaxRatio": 0.1943967982,
    "incomeTaxExpense": 100000000,
    "netIncome": 241000000,
    "netIncomeRatio": 0.1377930246,
    "eps": 0.86,
    "epsdiluted": 0.86,
    "weightedAverageShsOut": 279000000,
    "weightedAverageShsOutDil": 281000000,
    "link": "https://www.sec.gov/Archives/edgar/data/1585689/000158568921000118/0001585689-21-000118-index.htm",
    "finalLink": "https://www.sec.gov/Archives/edgar/data/1585689/000158568921000118/hlt-20210930.htm"
  },
  {
    "date": "2021-06-30",
    "symbol": "HLT",
    "reportedCurrency": "USD",
    "cik": "0001585689",
    "fillingDate": "2021-07-29",
    "acceptedDate": "2021-07-29 11:09:28",
    "calendarYear": "2021",
    "period": "Q2",
    "revenue": 1329000000,
    "costOfRevenue": 952000000,
    "grossProfit": 377000000,
    "grossProfitRatio": 0.2836719338,
    "researchAndDevelopmentExpenses": 0,
    "generalAndAdministrativeExpenses": 98000000,
    "sellingAndMarketingExpenses": 0,
    "sellingGeneralAndAdministrativeExpenses": 98000000,
    "otherExpenses": 55000000,
    "operatingExpenses": 153000000,
    "costAndExpenses": 1105000000,
    "interestIncome": 0,
    "interestExpense": 101000000,
    "depreciationAndAmortization": 46000000,
    "ebitda": 274000000,
    "ebitdaratio": 0.2061700527,
    "operatingIncome": 224000000,
    "operatingIncomeRatio": 0.1685477803,
    "totalOtherIncomeExpensesNet": -97000000,
    "incomeBeforeTax": 127000000,
    "incomeBeforeTaxRatio": 0.0955605719,
    "incomeTaxExpense": -1000000,
    "netIncome": 130000000,
    "netIncomeRatio": 0.0978179082,
    "eps": 0.47,
    "epsdiluted": 0.46,
    "weightedAverageShsOut": 279000000,
    "weightedAverageShsOutDil": 281000000,
    "link": "https://www.sec.gov/Archives/edgar/data/1585689/000158568921000100/0001585689-21-000100-index.htm",
    "finalLink": "https://www.sec.gov/Archives/edgar/data/1585689/000158568921000100/hlt-20210630.htm"
  },
  {
    "date": "2021-03-31",
    "symbol": "HLT",
    "reportedCurrency": "USD",
    "cik": "0001585689",
    "fillingDate": "2021-05-05",
    "acceptedDate": "2021-05-05 12:09:22",
    "calendarYear": "2021",
    "period": "Q1",
    "revenue": 874000000,
    "costOfRevenue": 695000000,
    "grossProfit": 179000000,
    "grossProfitRatio": 0.204805492,
    "researchAndDevelopmentExpenses": 0,
    "generalAndAdministrativeExpenses": 97000000,
    "sellingAndMarketingExpenses": 0,
    "sellingGeneralAndAdministrativeExpenses": 97000000,
    "otherExpenses": 61000000,
    "operatingExpenses": 158000000,
    "costAndExpenses": 853000000,
    "interestIncome": 0,
    "interestExpense": 103000000,
    "depreciationAndAmortization": 51000000,
    "ebitda": 10000000,
    "ebitdaratio": 0.0114416476,
    "operatingIncome": 21000000,
    "operatingIncomeRatio": 0.02402746,
    "totalOtherIncomeExpensesNet": -165000000,
    "incomeBeforeTax": -144000000,
    "incomeBeforeTaxRatio": -0.1647597254,
    "incomeTaxExpense": -35000000,
    "netIncome": -108000000,
    "netIncomeRatio": -0.1235697941,
    "eps": -0.39,
    "epsdiluted": -0.39,
    "weightedAverageShsOut": 276923076,
    "weightedAverageShsOutDil": 278000000,
    "link": "https://www.sec.gov/Archives/edgar/data/1585689/000158568921000064/0001585689-21-000064-index.htm",
    "finalLink": "https://www.sec.gov/Archives/edgar/data/1585689/000158568921000064/hlt-20210331.htm"
  },
  {
    "date": "2020-12-31",
    "symbol": "HLT",
    "reportedCurrency": "USD",
    "cik": "0001585689",
    "fillingDate": "2021-02-17",
    "acceptedDate": "2021-02-17 12:18:54",
    "calendarYear": "2020",
    "period": "Q4",
    "revenue": 890000000,
    "costOfRevenue": 764000000,
    "grossProfit": 126000000,
    "grossProfitRatio": 0.1415730337,
    "researchAndDevelopmentExpenses": 0,
    "generalAndAdministrativeExpenses": 122000000,
    "sellingAndMarketingExpenses": 0,
    "sellingGeneralAndAdministrativeExpenses": 122000000,
    "otherExpenses": 199000000,
    "operatingExpenses": 321000000,
    "costAndExpenses": 1085000000,
    "interestIncome": 0,
    "interestExpense": 113000000,
    "depreciationAndAmortization": 62000000,
    "ebitda": -174000000,
    "ebitdaratio": -0.195505618,
    "operatingIncome": -195000000,
    "operatingIncomeRatio": -0.2191011236,
    "totalOtherIncomeExpensesNet": -154000000,
    "incomeBeforeTax": -349000000,
    "incomeBeforeTaxRatio": -0.3921348315,
    "incomeTaxExpense": -124000000,
    "netIncome": -224000000,
    "netIncomeRatio": -0.2516853933,
    "eps": -0.81,
    "epsdiluted": -0.8,
    "weightedAverageShsOut": 278000000,
    "weightedAverageShsOutDil": 279000000,
    "link": "https://www.sec.gov/Archives/edgar/data/1585689/000158568921000016/0001585689-21-000016-index.htm",
    "finalLink": "https://www.sec.gov/Archives/edgar/data/1585689/000158568921000016/hlt-20201231.htm"
  },
  {
    "date": "2020-09-30",
    "symbol": "HLT",
    "reportedCurrency": "USD",
    "cik": "0001585689",
    "fillingDate": "2020-11-04",
    "acceptedDate": "2020-11-04 11:18:15",
    "calendarYear": "2020",
    "period": "Q3",
    "revenue": 933000000,
    "costOfRevenue": 736000000,
    "grossProfit": 197000000,
    "grossProfitRatio": 0.2111468382,
    "researchAndDevelopmentExpenses": 0,
    "generalAndAdministrativeExpenses": 66000000,
    "sellingAndMarketingExpenses": 0,
    "sellingGeneralAndAdministrativeExpenses": 66000000,
    "otherExpenses": 120000000,
    "operatingExpenses": 186000000,
    "costAndExpenses": 922000000,
    "interestIncome": 0,
    "interestExpense": 116000000,
    "depreciationAndAmortization": 90000000,
    "ebitda": 92000000,
    "ebitdaratio": 0.0986066452,
    "operatingIncome": 11000000,
    "operatingIncomeRatio": 0.011789925,
    "totalOtherIncomeExpensesNet": -125000000,
    "incomeBeforeTax": -114000000,
    "incomeBeforeTaxRatio": -0.1221864952,
    "incomeTaxExpense": -33000000,
    "netIncome": -79000000,
    "netIncomeRatio": -0.0846730975,
    "eps": -0.29,
    "epsdiluted": -0.28,
    "weightedAverageShsOut": 277000000,
    "weightedAverageShsOutDil": 279000000,
    "link": "https://www.sec.gov/Archives/edgar/data/1585689/000158568920000176/0001585689-20-000176-index.htm",
    "finalLink": "https://www.sec.gov/Archives/edgar/data/1585689/000158568920000176/hlt-20200930.htm"
  },
  {
    "date": "2020-06-30",
    "symbol": "HLT",
    "reportedCurrency": "USD",
    "cik": "0001585689",
    "fillingDate": "2020-08-06",
    "acceptedDate": "2020-08-06 11:25:32",
    "calendarYear": "2020",
    "period": "Q2",
    "revenue": 564000000,
    "costOfRevenue": 649000000,
    "grossProfit": -85000000,
    "grossProfitRatio": -0.1507092199,
    "researchAndDevelopmentExpenses": 0,
    "generalAndAdministrativeExpenses": 63000000,
    "sellingAndMarketingExpenses": 0,
    "sellingGeneralAndAdministrativeExpenses": 63000000,
    "otherExpenses": 154000000,
    "operatingExpenses": 217000000,
    "costAndExpenses": 866000000,
    "interestIncome": 0,
    "interestExpense": 106000000,
    "depreciationAndAmortization": 88000000,
    "ebitda": -250000000,
    "ebitdaratio": -0.4432624113,
    "operatingIncome": -302000000,
    "operatingIncomeRatio": -0.5354609929,
    "totalOtherIncomeExpensesNet": -142000000,
    "incomeBeforeTax": -444000000,
    "incomeBeforeTaxRatio": -0.7872340426,
    "incomeTaxExpense": -12000000,
    "netIncome": -430000000,
    "netIncomeRatio": -0.7624113475,
    "eps": -1.55,
    "epsdiluted": -1.55,
    "weightedAverageShsOut": 277000000,
    "weightedAverageShsOutDil": 277000000,
    "link": "https://www.sec.gov/Archives/edgar/data/1585689/000158568920000149/0001585689-20-000149-index.htm",
    "finalLink": "https://www.sec.gov/Archives/edgar/data/1585689/000158568920000149/hlt-20200630.htm"
  },
  {
    "date": "2020-03-31",
    "symbol": "HLT",
    "reportedCurrency": "USD",
    "cik": "0001585689",
    "fillingDate": "2020-05-07",
    "acceptedDate": "2020-05-07 11:26:34",
    "calendarYear": "2020",
    "period": "Q1",
    "revenue": 1920000000,
    "costOfRevenue": 1575000000,
    "grossProfit": 345000000,
    "grossProfitRatio": 0.1796875,
    "researchAndDevelopmentExpenses": 0,
    "generalAndAdministrativeExpenses": 60000000,
    "sellingAndMarketingExpenses": 0,
    "sellingGeneralAndAdministrativeExpenses": 60000000,
    "otherExpenses": 217000000,
    "operatingExpenses": 277000000,
    "costAndExpenses": 1852000000,
    "interestIncome": 0,
    "interestExpense": 94000000,
    "depreciationAndAmortization": 91000000,
    "ebitda": 168000000,
    "ebitdaratio": 0.0875,
    "operatingIncome": 68000000,
    "operatingIncomeRatio": 0.0354166667,
    "totalOtherIncomeExpensesNet": -85000000,
    "incomeBeforeTax": -17000000,
    "incomeBeforeTaxRatio": -0.0088541667,
    "incomeTaxExpense": -35000000,
    "netIncome": 18000000,
    "netIncomeRatio": 0.009375,
    "eps": 0.06,
    "epsdiluted": 0.06,
    "weightedAverageShsOut": 277000000,
    "weightedAverageShsOutDil": 280000000,
    "link": "https://www.sec.gov/Archives/edgar/data/1585689/000158568920000110/0001585689-20-000110-index.htm",
    "finalLink": "https://www.sec.gov/Archives/edgar/data/1585689/000158568920000110/hlt-20200331.htm"
  },
  {
    "date": "2019-12-31",
    "symbol": "HLT",
    "reportedCurrency": "USD",
    "cik": "0001585689",
    "fillingDate": "2020-02-11",
    "acceptedDate": "2020-02-11 11:17:12",
    "calendarYear": "2019",
    "period": "Q4",
    "revenue": 2369000000,
    "costOfRevenue": 1791000000,
    "grossProfit": 578000000,
    "grossProfitRatio": 0.2439848037,
    "researchAndDevelopmentExpenses": 0,
    "generalAndAdministrativeExpenses": 114000000,
    "sellingAndMarketingExpenses": 0,
    "sellingGeneralAndAdministrativeExpenses": 114000000,
    "otherExpenses": 116000000,
    "operatingExpenses": 230000000,
    "costAndExpenses": 2021000000,
    "interestIncome": 0,
    "interestExpense": 110000000,
    "depreciationAndAmortization": 90000000,
    "ebitda": 443000000,
    "ebitdaratio": 0.1869987336,
    "operatingIncome": 348000000,
    "operatingIncomeRatio": 0.1468974251,
    "totalOtherIncomeExpensesNet": -105000000,
    "incomeBeforeTax": 243000000,
    "incomeBeforeTaxRatio": 0.1025749261,
    "incomeTaxExpense": 67000000,
    "netIncome": 175000000,
    "netIncomeRatio": 0.0738708316,
    "eps": 0.62,
    "epsdiluted": 0.61,
    "weightedAverageShsOut": 281000000,
    "weightedAverageShsOutDil": 284000000,
    "link": "https://www.sec.gov/Archives/edgar/data/1585689/000158568920000013/0001585689-20-000013-index.htm",
    "finalLink": "https://www.sec.gov/Archives/edgar/data/1585689/000158568920000013/hlt-20191231.htm"
  },
  {
    "date": "2019-09-30",
    "symbol": "HLT",
    "reportedCurrency": "USD",
    "cik": "0001585689",
    "fillingDate": "2019-10-23",
    "acceptedDate": "2019-10-23 11:16:40",
    "calendarYear": "2019",
    "period": "Q3",
    "revenue": 2395000000,
    "costOfRevenue": 1753000000,
    "grossProfit": 642000000,
    "grossProfitRatio": 0.2680584551,
    "researchAndDevelopmentExpenses": 0,
    "generalAndAdministrativeExpenses": 107000000,
    "sellingAndMarketingExpenses": 0,
    "sellingGeneralAndAdministrativeExpenses": 107000000,
    "otherExpenses": 16000000,
    "operatingExpenses": 123000000,
    "costAndExpenses": 1876000000,
    "interestIncome": 0,
    "interestExpense": 105000000,
    "depreciationAndAmortization": 86000000,
    "ebitda": 612000000,
    "ebitdaratio": 0.2555323591,
    "operatingIncome": 519000000,
    "operatingIncomeRatio": 0.2167014614,
    "totalOtherIncomeExpensesNet": -98000000,
    "incomeBeforeTax": 421000000,
    "incomeBeforeTaxRatio": 0.175782881,
    "incomeTaxExpense": 131000000,
    "netIncome": 288000000,
    "netIncomeRatio": 0.1202505219,
    "eps": 1.01,
    "epsdiluted": 1,
    "weightedAverageShsOut": 285000000,
    "weightedAverageShsOutDil": 288000000,
    "link": "https://www.sec.gov/Archives/edgar/data/1585689/000158568919000154/0001585689-19-000154-index.htm",
    "finalLink": "https://www.sec.gov/Archives/edgar/data/1585689/000158568919000154/hlt-20190930.htm"
  },
  {
    "date": "2019-06-30",
    "symbol": "HLT",
    "reportedCurrency": "USD",
    "cik": "0001585689",
    "fillingDate": "2019-07-24",
    "acceptedDate": "2019-07-24 11:20:22",
    "calendarYear": "2019",
    "period": "Q2",
    "revenue": 2484000000,
    "costOfRevenue": 1792000000,
    "grossProfit": 692000000,
    "grossProfitRatio": 0.2785829308,
    "researchAndDevelopmentExpenses": 0,
    "generalAndAdministrativeExpenses": 113000000,
    "sellingAndMarketingExpenses": 0,
    "sellingGeneralAndAdministrativeExpenses": 113000000,
    "otherExpenses": 101000000,
    "operatingExpenses": 214000000,
    "costAndExpenses": 2006000000,
    "interestIncome": 0,
    "interestExpense": 101000000,
    "depreciationAndAmortization": 86000000,
    "ebitda": 549000000,
    "ebitdaratio": 0.2210144928,
    "operatingIncome": 478000000,
    "operatingIncomeRatio": 0.192431562,
    "totalOtherIncomeExpensesNet": -116000000,
    "incomeBeforeTax": 362000000,
    "incomeBeforeTaxRatio": 0.1457326892,
    "incomeTaxExpense": 101000000,
    "netIncome": 260000000,
    "netIncomeRatio": 0.1046698873,
    "eps": 0.9,
    "epsdiluted": 0.89,
    "weightedAverageShsOut": 290000000,
    "weightedAverageShsOutDil": 292000000,
    "link": "https://www.sec.gov/Archives/edgar/data/1585689/000158568919000129/0001585689-19-000129-index.htm",
    "finalLink": "https://www.sec.gov/Archives/edgar/data/1585689/000158568919000129/q22019hwhfsandmda.htm"
  },
  {
    "date": "2019-03-31",
    "symbol": "HLT",
    "reportedCurrency": "USD",
    "cik": "0001585689",
    "fillingDate": "2019-05-01",
    "acceptedDate": "2019-05-01 11:17:44",
    "calendarYear": "2019",
    "period": "Q1",
    "revenue": 2204000000,
    "costOfRevenue": 1681000000,
    "grossProfit": 523000000,
    "grossProfitRatio": 0.2372958258,
    "researchAndDevelopmentExpenses": 0,
    "generalAndAdministrativeExpenses": 107000000,
    "sellingAndMarketingExpenses": 0,
    "sellingGeneralAndAdministrativeExpenses": 107000000,
    "otherExpenses": 104000000,
    "operatingExpenses": 211000000,
    "costAndExpenses": 1892000000,
    "interestIncome": 0,
    "interestExpense": 98000000,
    "depreciationAndAmortization": 84000000,
    "ebitda": 400000000,
    "ebitdaratio": 0.1814882033,
    "operatingIncome": 312000000,
    "operatingIncomeRatio": 0.1415607985,
    "totalOtherIncomeExpensesNet": -94000000,
    "incomeBeforeTax": 218000000,
    "incomeBeforeTaxRatio": 0.0989110708,
    "incomeTaxExpense": 59000000,
    "netIncome": 158000000,
    "netIncomeRatio": 0.0716878403,
    "eps": 0.54,
    "epsdiluted": 0.54,
    "weightedAverageShsOut": 293000000,
    "weightedAverageShsOutDil": 295000000,
    "link": "https://www.sec.gov/Archives/edgar/data/1585689/000158568919000086/0001585689-19-000086-index.htm",
    "finalLink": "https://www.sec.gov/Archives/edgar/data/1585689/000158568919000086/q12019hwhfsandmda.htm"
  },
  {
    "date": "2018-12-31",
    "symbol": "HLT",
    "reportedCurrency": "USD",
    "cik": "0001585689",
    "fillingDate": "2019-02-13",
    "acceptedDate": "2019-02-13 11:23:06",
    "calendarYear": "2018",
    "period": "Q4",
    "revenue": 2288000000,
    "costOfRevenue": 1713000000,
    "grossProfit": 575000000,
    "grossProfitRatio": 0.2513111888,
    "researchAndDevelopmentExpenses": 0,
    "generalAndAdministrativeExpenses": 115000000,
    "sellingAndMarketingExpenses": 0,
    "sellingGeneralAndAdministrativeExpenses": 115000000,
    "otherExpenses": 98000000,
    "operatingExpenses": 213000000,
    "costAndExpenses": 1926000000,
    "interestIncome": 0,
    "interestExpense": 94000000,
    "depreciationAndAmortization": 83000000,
    "ebitda": 443000000,
    "ebitdaratio": 0.1936188811,
    "operatingIncome": 362000000,
    "operatingIncomeRatio": 0.1582167832,
    "totalOtherIncomeExpensesNet": -96000000,
    "incomeBeforeTax": 266000000,
    "incomeBeforeTaxRatio": 0.1162587413,
    "incomeTaxExpense": 41000000,
    "netIncome": 224000000,
    "netIncomeRatio": 0.0979020979,
    "eps": 0.76,
    "epsdiluted": 0.75,
    "weightedAverageShsOut": 296000000,
    "weightedAverageShsOutDil": 298000000,
    "link": "https://www.sec.gov/Archives/edgar/data/1585689/000158568919000034/0001585689-19-000034-index.htm",
    "finalLink": "https://www.sec.gov/Archives/edgar/data/1585689/000158568919000034/q42018hwh10-k.htm"
  },
  {
    "date": "2018-09-30",
    "symbol": "HLT",
    "reportedCurrency": "USD",
    "cik": "0001585689",
    "fillingDate": "2018-10-24",
    "acceptedDate": "2018-10-24 11:25:44",
    "calendarYear": "2018",
    "period": "Q3",
    "revenue": 2253000000,
    "costOfRevenue": 1668000000,
    "grossProfit": 585000000,
    "grossProfitRatio": 0.2596537949,
    "researchAndDevelopmentExpenses": 0,
    "generalAndAdministrativeExpenses": 109000000,
    "sellingAndMarketingExpenses": 0,
    "sellingGeneralAndAdministrativeExpenses": 109000000,
    "otherExpenses": 91000000,
    "operatingExpenses": 200000000,
    "costAndExpenses": 1868000000,
    "interestIncome": 0,
    "interestExpense": 99000000,
    "depreciationAndAmortization": 81000000,
    "ebitda": 473000000,
    "ebitdaratio": 0.2099422992,
    "operatingIncome": 385000000,
    "operatingIncomeRatio": 0.1708832668,
    "totalOtherIncomeExpensesNet": -92000000,
    "incomeBeforeTax": 293000000,
    "incomeBeforeTaxRatio": 0.1300488238,
    "incomeTaxExpense": 129000000,
    "netIncome": 162000000,
    "netIncomeRatio": 0.0719041278,
    "eps": 0.55,
    "epsdiluted": 0.54,
    "weightedAverageShsOut": 297000000,
    "weightedAverageShsOutDil": 300000000,
    "link": "https://www.sec.gov/Archives/edgar/data/1585689/000158568918000143/0001585689-18-000143-index.htm",
    "finalLink": "https://www.sec.gov/Archives/edgar/data/1585689/000158568918000143/q32018hwhfsandmda.htm"
  },
  {
    "date": "2018-06-30",
    "symbol": "HLT",
    "reportedCurrency": "USD",
    "cik": "0001585689",
    "fillingDate": "2018-07-25",
    "acceptedDate": "2018-07-25 11:29:34",
    "calendarYear": "2018",
    "period": "Q2",
    "revenue": 2291000000,
    "costOfRevenue": 1679000000,
    "grossProfit": 612000000,
    "grossProfitRatio": 0.2671322567,
    "researchAndDevelopmentExpenses": 0,
    "generalAndAdministrativeExpenses": 115000000,
    "sellingAndMarketingExpenses": 0,
    "sellingGeneralAndAdministrativeExpenses": 115000000,
    "otherExpenses": 91000000,
    "operatingExpenses": 206000000,
    "costAndExpenses": 1885000000,
    "interestIncome": 0,
    "interestExpense": 95000000,
    "depreciationAndAmortization": 79000000,
    "ebitda": 472000000,
    "ebitdaratio": 0.2060235705,
    "operatingIncome": 406000000,
    "operatingIncomeRatio": 0.1772151899,
    "totalOtherIncomeExpensesNet": -108000000,
    "incomeBeforeTax": 298000000,
    "incomeBeforeTaxRatio": 0.1300742034,
    "incomeTaxExpense": 81000000,
    "netIncome": 217000000,
    "netIncomeRatio": 0.0947184636,
    "eps": 0.72,
    "epsdiluted": 0.71,
    "weightedAverageShsOut": 301000000,
    "weightedAverageShsOutDil": 303000000,
    "link": "https://www.sec.gov/Archives/edgar/data/1585689/000158568918000122/0001585689-18-000122-index.htm",
    "finalLink": "https://www.sec.gov/Archives/edgar/data/1585689/000158568918000122/q22018hwhfsandmda.htm"
  },
  {
    "date": "2018-03-31",
    "symbol": "HLT",
    "reportedCurrency": "USD",
    "cik": "0001585689",
    "fillingDate": "2018-04-26",
    "acceptedDate": "2018-04-26 11:40:34",
    "calendarYear": "2018",
    "period": "Q1",
    "revenue": 2074000000,
    "costOfRevenue": 1595000000,
    "grossProfit": 479000000,
    "grossProfitRatio": 0.230954677,
    "researchAndDevelopmentExpenses": 0,
    "generalAndAdministrativeExpenses": 104000000,
    "sellingAndMarketingExpenses": 0,
    "sellingGeneralAndAdministrativeExpenses": 104000000,
    "otherExpenses": 96000000,
    "operatingExpenses": 200000000,
    "costAndExpenses": 1795000000,
    "interestIncome": 0,
    "interestExpense": 83000000,
    "depreciationAndAmortization": 82000000,
    "ebitda": 386000000,
    "ebitdaratio": 0.1861137898,
    "operatingIncome": 279000000,
    "operatingIncomeRatio": 0.1345226615,
    "totalOtherIncomeExpensesNet": -58000000,
    "incomeBeforeTax": 221000000,
    "incomeBeforeTaxRatio": 0.106557377,
    "incomeTaxExpense": 58000000,
    "netIncome": 161000000,
    "netIncomeRatio": 0.0776277724,
    "eps": 0.51,
    "epsdiluted": 0.51,
    "weightedAverageShsOut": 316000000,
    "weightedAverageShsOutDil": 319000000,
    "link": "https://www.sec.gov/Archives/edgar/data/1585689/000158568918000086/0001585689-18-000086-index.htm",
    "finalLink": "https://www.sec.gov/Archives/edgar/data/1585689/000158568918000086/q12018hwhfsandmda.htm"
  },
  {
    "date": "2017-12-31",
    "symbol": "HLT",
    "reportedCurrency": "USD",
    "cik": "0001585689",
    "fillingDate": "2018-02-14",
    "acceptedDate": "2018-02-14 11:30:05",
    "calendarYear": "2017",
    "period": "Q4",
    "revenue": 2279000000,
    "costOfRevenue": 1720000000,
    "grossProfit": 559000000,
    "grossProfitRatio": 0.2452830189,
    "researchAndDevelopmentExpenses": 0,
    "generalAndAdministrativeExpenses": 108000000,
    "sellingAndMarketingExpenses": 0,
    "sellingGeneralAndAdministrativeExpenses": 108000000,
    "otherExpenses": 103000000,
    "operatingExpenses": 211000000,
    "costAndExpenses": 1931000000,
    "interestIncome": 0,
    "interestExpense": 104000000,
    "depreciationAndAmortization": 88000000,
    "ebitda": 448000000,
    "ebitdaratio": 0.1965774462,
    "operatingIncome": 348000000,
    "operatingIncomeRatio": 0.152698552,
    "totalOtherIncomeExpensesNet": -92000000,
    "incomeBeforeTax": 256000000,
    "incomeBeforeTaxRatio": 0.1123299693,
    "incomeTaxExpense": -585000000,
    "netIncome": 840000000,
    "netIncomeRatio": 0.3685827117,
    "eps": 2.66,
    "epsdiluted": 2.66,
    "weightedAverageShsOut": 316000000,
    "weightedAverageShsOutDil": 316000000,
    "link": "https://www.sec.gov/Archives/edgar/data/1585689/000158568918000033/0001585689-18-000033-index.htm",
    "finalLink": "https://www.sec.gov/Archives/edgar/data/1585689/000158568918000033/a2017hwh10-k.htm"
  },
  {
    "date": "2017-09-30",
    "symbol": "HLT",
    "reportedCurrency": "USD",
    "cik": "0001585689",
    "fillingDate": "2017-10-26",
    "acceptedDate": "2017-10-26 12:06:53",
    "calendarYear": "2017",
    "period": "Q3",
    "revenue": 2354000000,
    "costOfRevenue": 1563000000,
    "grossProfit": 528000000,
    "grossProfitRatio": 0.2242990654,
    "researchAndDevelopmentExpenses": 0,
    "generalAndAdministrativeExpenses": 104000000,
    "sellingAndMarketingExpenses": 0,
    "sellingGeneralAndAdministrativeExpenses": 106000000,
    "otherExpenses": 90000000,
    "operatingExpenses": 196000000,
    "costAndExpenses": 1759000000,
    "interestIncome": 0,
    "interestExpense": 85000000,
    "depreciationAndAmortization": 83000000,
    "ebitda": 424000000,
    "ebitdaratio": 0.1801189465,
    "operatingIncome": 332000000,
    "operatingIncomeRatio": 0.1410365336,
    "totalOtherIncomeExpensesNet": -76000000,
    "incomeBeforeTax": 289000000,
    "incomeBeforeTaxRatio": 0.1227697536,
    "incomeTaxExpense": 96000000,
    "netIncome": 158000000,
    "netIncomeRatio": 0.0671197961,
    "eps": 0.49,
    "epsdiluted": 0.49,
    "weightedAverageShsOut": 322000000,
    "weightedAverageShsOutDil": 325000000,
    "link": "https://www.sec.gov/Archives/edgar/data/1585689/000158568917000199/0001585689-17-000199-index.htm",
    "finalLink": "https://www.sec.gov/Archives/edgar/data/1585689/000158568917000199/q32017hwhfsandmda-10q.htm"
  },
  {
    "date": "2017-06-30",
    "symbol": "HLT",
    "reportedCurrency": "USD",
    "cik": "0001585689",
    "fillingDate": "2017-07-26",
    "acceptedDate": "2017-07-26 16:11:20",
    "calendarYear": "2017",
    "period": "Q2",
    "revenue": 2346000000,
    "costOfRevenue": 1540000000,
    "grossProfit": 536000000,
    "grossProfitRatio": 0.2284739983,
    "researchAndDevelopmentExpenses": 0,
    "generalAndAdministrativeExpenses": 117000000,
    "sellingAndMarketingExpenses": 0,
    "sellingGeneralAndAdministrativeExpenses": 118000000,
    "otherExpenses": 94000000,
    "operatingExpenses": 212000000,
    "costAndExpenses": 1752000000,
    "interestIncome": 0,
    "interestExpense": 86000000,
    "depreciationAndAmortization": 83000000,
    "ebitda": 419000000,
    "ebitdaratio": 0.1786018755,
    "operatingIncome": 324000000,
    "operatingIncomeRatio": 0.1381074169,
    "totalOtherIncomeExpensesNet": -74000000,
    "incomeBeforeTax": 275000000,
    "incomeBeforeTaxRatio": 0.1172208014,
    "incomeTaxExpense": 99000000,
    "netIncome": 150000000,
    "netIncomeRatio": 0.0639386189,
    "eps": 0.46,
    "epsdiluted": 0.46,
    "weightedAverageShsOut": 327000000,
    "weightedAverageShsOutDil": 329000000,
    "link": "https://www.sec.gov/Archives/edgar/data/1585689/000158568917000168/0001585689-17-000168-index.htm",
    "finalLink": "https://www.sec.gov/Archives/edgar/data/1585689/000158568917000168/q22017hwhfsandmda-10q.htm"
  },
  {
    "date": "2017-03-31",
    "symbol": "HLT",
    "reportedCurrency": "USD",
    "cik": "0001585689",
    "fillingDate": "2017-05-02",
    "acceptedDate": "2017-05-02 11:35:09",
    "calendarYear": "2017",
    "period": "Q1",
    "revenue": 2161000000,
    "costOfRevenue": 1464000000,
    "grossProfit": 432000000,
    "grossProfitRatio": 0.1999074503,
    "researchAndDevelopmentExpenses": 0,
    "generalAndAdministrativeExpenses": 105000000,
    "sellingAndMarketingExpenses": 0,
    "sellingGeneralAndAdministrativeExpenses": 106000000,
    "otherExpenses": 109000000,
    "operatingExpenses": 215000000,
    "costAndExpenses": 1679000000,
    "interestIncome": 0,
    "interestExpense": 89000000,
    "depreciationAndAmortization": 86000000,
    "ebitda": 241000000,
    "ebitdaratio": 0.1115224433,
    "operatingIncome": 217000000,
    "operatingIncomeRatio": 0.1004164739,
    "totalOtherIncomeExpensesNet": -151000000,
    "incomeBeforeTax": 110000000,
    "incomeBeforeTaxRatio": 0.05090236,
    "incomeTaxExpense": 18000000,
    "netIncome": 47000000,
    "netIncomeRatio": 0.0217491902,
    "eps": 0.14,
    "epsdiluted": 0.14,
    "weightedAverageShsOut": 330000000,
    "weightedAverageShsOutDil": 331000000,
    "link": "https://www.sec.gov/Archives/edgar/data/1585689/000158568917000131/0001585689-17-000131-index.htm",
    "finalLink": "https://www.sec.gov/Archives/edgar/data/1585689/000158568917000131/q12017hwhfsandmda-10q.htm"
  },
  {
    "date": "2016-12-31",
    "symbol": "HLT",
    "reportedCurrency": "USD",
    "cik": "0001585689",
    "fillingDate": "2017-02-15",
    "acceptedDate": "2017-02-15 13:19:35",
    "calendarYear": "2016",
    "period": "Q4",
    "revenue": 2920000000,
    "costOfRevenue": 2120000000,
    "grossProfit": 800000000,
    "grossProfitRatio": 0.2739726027,
    "researchAndDevelopmentExpenses": 0,
    "generalAndAdministrativeExpenses": 224000000,
    "sellingAndMarketingExpenses": 0,
    "sellingGeneralAndAdministrativeExpenses": 224000000,
    "otherExpenses": 170000000,
    "operatingExpenses": 394000000,
    "costAndExpenses": 2514000000,
    "interestIncome": 2000000,
    "interestExpense": 153000000,
    "depreciationAndAmortization": 177000000,
    "ebitda": 584000000,
    "ebitdaratio": 0.2,
    "operatingIncome": 406000000,
    "operatingIncomeRatio": 0.1390410959,
    "totalOtherIncomeExpensesNet": -152000000,
    "incomeBeforeTax": 254000000,
    "incomeBeforeTaxRatio": 0.0869863014,
    "incomeTaxExpense": 636000000,
    "netIncome": -387000000,
    "netIncomeRatio": -0.1325342466,
    "eps": -1.18,
    "epsdiluted": -1.17,
    "weightedAverageShsOut": 329032574,
    "weightedAverageShsOutDil": 331032772,
    "link": "https://www.sec.gov/Archives/edgar/data/1585689/000158568917000038/0001585689-17-000038-index.htm",
    "finalLink": "https://www.sec.gov/Archives/edgar/data/1585689/000158568917000038/a2016hwh10-knospin.htm"
  },
  {
    "date": "2016-09-30",
    "symbol": "HLT",
    "reportedCurrency": "USD",
    "cik": "0001585689",
    "fillingDate": "2016-10-26",
    "acceptedDate": "2016-10-26 15:30:32",
    "calendarYear": "2016",
    "period": "Q3",
    "revenue": 2942000000,
    "costOfRevenue": 1395000000,
    "grossProfit": 472000000,
    "grossProfitRatio": 0.1604350782,
    "researchAndDevelopmentExpenses": 0,
    "generalAndAdministrativeExpenses": 147000000,
    "sellingAndMarketingExpenses": 0,
    "sellingGeneralAndAdministrativeExpenses": 107000000,
    "otherExpenses": 100000000,
    "operatingExpenses": 207000000,
    "costAndExpenses": 1602000000,
    "interestIncome": 3000000,
    "interestExpense": 148000000,
    "depreciationAndAmortization": 169000000,
    "ebitda": 424000000,
    "ebitdaratio": 0.1441196465,
    "operatingIncome": 265000000,
    "operatingIncomeRatio": 0.0900747791,
    "totalOtherIncomeExpensesNet": -107000000,
    "incomeBeforeTax": 337000000,
    "incomeBeforeTaxRatio": 0.1145479266,
    "incomeTaxExpense": 69000000,
    "netIncome": 187000000,
    "netIncomeRatio": 0.0635622026,
    "eps": 0.57,
    "epsdiluted": 0.57,
    "weightedAverageShsOut": 329000000,
    "weightedAverageShsOutDil": 331000000,
    "link": "https://www.sec.gov/Archives/edgar/data/1585689/000158568916000221/0001585689-16-000221-index.htm",
    "finalLink": "https://www.sec.gov/Archives/edgar/data/1585689/000158568916000221/q32016hwhfsandmda.htm"
  },
  {
    "date": "2016-06-30",
    "symbol": "HLT",
    "reportedCurrency": "USD",
    "cik": "0001585689",
    "fillingDate": "2016-07-27",
    "acceptedDate": "2016-07-27 13:49:16",
    "calendarYear": "2016",
    "period": "Q2",
    "revenue": 3051000000,
    "costOfRevenue": 1479000000,
    "grossProfit": 471000000,
    "grossProfitRatio": 0.1543756146,
    "researchAndDevelopmentExpenses": 0,
    "generalAndAdministrativeExpenses": 132000000,
    "sellingAndMarketingExpenses": 0,
    "sellingGeneralAndAdministrativeExpenses": 97000000,
    "otherExpenses": 101000000,
    "operatingExpenses": 198000000,
    "costAndExpenses": 1677000000,
    "interestIncome": 4000000,
    "interestExpense": 147000000,
    "depreciationAndAmortization": 171000000,
    "ebitda": 433000000,
    "ebitdaratio": 0.1419206817,
    "operatingIncome": 273000000,
    "operatingIncomeRatio": 0.0894788594,
    "totalOtherIncomeExpensesNet": -110000000,
    "incomeBeforeTax": 400000000,
    "incomeBeforeTaxRatio": 0.1311045559,
    "incomeTaxExpense": 63000000,
    "netIncome": 239000000,
    "netIncomeRatio": 0.0783349721,
    "eps": 0.73,
    "epsdiluted": 0.72,
    "weightedAverageShsOut": 329000000,
    "weightedAverageShsOutDil": 330000000,
    "link": "https://www.sec.gov/Archives/edgar/data/1585689/000158568916000206/0001585689-16-000206-index.htm",
    "finalLink": "https://www.sec.gov/Archives/edgar/data/1585689/000158568916000206/q22016hwhfsandmda.htm"
  },
  {
    "date": "2016-03-31",
    "symbol": "HLT",
    "reportedCurrency": "USD",
    "cik": "0001585689",
    "fillingDate": "2016-04-27",
    "acceptedDate": "2016-04-27 14:52:03",
    "calendarYear": "2016",
    "period": "Q1",
    "revenue": 2750000000,
    "costOfRevenue": 1348000000,
    "grossProfit": 378000000,
    "grossProfitRatio": 0.1374545455,
    "researchAndDevelopmentExpenses": 0,
    "generalAndAdministrativeExpenses": 113000000,
    "sellingAndMarketingExpenses": 0,
    "sellingGeneralAndAdministrativeExpenses": 83000000,
    "otherExpenses": 125000000,
    "operatingExpenses": 208000000,
    "costAndExpenses": 1556000000,
    "interestIncome": 3000000,
    "interestExpense": 139000000,
    "depreciationAndAmortization": 169000000,
    "ebitda": 329000000,
    "ebitdaratio": 0.1196363636,
    "operatingIncome": 170000000,
    "operatingIncomeRatio": 0.0618181818,
    "totalOtherIncomeExpensesNet": -100000000,
    "incomeBeforeTax": 264000000,
    "incomeBeforeTaxRatio": 0.096,
    "incomeTaxExpense": -121000000,
    "netIncome": 309000000,
    "netIncomeRatio": 0.1123636364,
    "eps": 0.94,
    "epsdiluted": 0.94,
    "weightedAverageShsOut": 329000000,
    "weightedAverageShsOutDil": 330000000,
    "link": "https://www.sec.gov/Archives/edgar/data/1585689/000158568916000176/0001585689-16-000176-index.htm",
    "finalLink": "https://www.sec.gov/Archives/edgar/data/1585689/000158568916000176/q12016hwhfsandmda.htm"
  },
  {
    "date": "2015-12-31",
    "symbol": "HLT",
    "reportedCurrency": "USD",
    "cik": "0001585689",
    "fillingDate": "2016-02-26",
    "acceptedDate": "2016-02-26 12:19:38",
    "calendarYear": "2015",
    "period": "Q4",
    "revenue": 2856000000,
    "costOfRevenue": 2065000000,
    "grossProfit": 791000000,
    "grossProfitRatio": 0.2769607843,
    "researchAndDevelopmentExpenses": 0,
    "generalAndAdministrativeExpenses": 118000000,
    "sellingAndMarketingExpenses": 0,
    "sellingGeneralAndAdministrativeExpenses": 118000000,
    "otherExpenses": 182000000,
    "operatingExpenses": 300000000,
    "costAndExpenses": 2365000000,
    "interestIncome": 8000000,
    "interestExpense": 144000000,
    "depreciationAndAmortization": 173000000,
    "ebitda": 658000000,
    "ebitdaratio": 0.2303921569,
    "operatingIncome": 491000000,
    "operatingIncomeRatio": 0.1719187675,
    "totalOtherIncomeExpensesNet": -150000000,
    "incomeBeforeTax": 341000000,
    "incomeBeforeTaxRatio": 0.1193977591,
    "incomeTaxExpense": -475000000,
    "netIncome": 814000000,
    "netIncomeRatio": 0.2850140056,
    "eps": 2.46,
    "epsdiluted": 2.46,
    "weightedAverageShsOut": 328999671,
    "weightedAverageShsOutDil": 329999670,
    "link": "https://www.sec.gov/Archives/edgar/data/1585689/000158568916000161/0001585689-16-000161-index.htm",
    "finalLink": "https://www.sec.gov/Archives/edgar/data/1585689/000158568916000161/a2015hwh10-k.htm"
  },
  {
    "date": "2015-09-30",
    "symbol": "HLT",
    "reportedCurrency": "USD",
    "cik": "0001585689",
    "fillingDate": "2015-10-28",
    "acceptedDate": "2015-10-28 12:59:38",
    "calendarYear": "2015",
    "period": "Q3",
    "revenue": 2895000000,
    "costOfRevenue": 2080000000,
    "grossProfit": 815000000,
    "grossProfitRatio": 0.2815198618,
    "researchAndDevelopmentExpenses": 0,
    "generalAndAdministrativeExpenses": 145000000,
    "sellingAndMarketingExpenses": 0,
    "sellingGeneralAndAdministrativeExpenses": 145000000,
    "otherExpenses": 7000000,
    "operatingExpenses": 152000000,
    "costAndExpenses": 2232000000,
    "interestIncome": 3000000,
    "interestExpense": 138000000,
    "depreciationAndAmortization": 171000000,
    "ebitda": 839000000,
    "ebitdaratio": 0.2898100173,
    "operatingIncome": 663000000,
    "operatingIncomeRatio": 0.229015544,
    "totalOtherIncomeExpensesNet": -133000000,
    "incomeBeforeTax": 530000000,
    "incomeBeforeTaxRatio": 0.183074266,
    "incomeTaxExpense": 247000000,
    "netIncome": 279000000,
    "netIncomeRatio": 0.096373057,
    "eps": 0.84,
    "epsdiluted": 0.84,
    "weightedAverageShsOut": 328999671,
    "weightedAverageShsOutDil": 329666337,
    "link": "https://www.sec.gov/Archives/edgar/data/1585689/000158568915000112/0001585689-15-000112-index.htm",
    "finalLink": "https://www.sec.gov/Archives/edgar/data/1585689/000158568915000112/q32015hwhfsandmda.htm"
  },
  {
    "date": "2015-06-30",
    "symbol": "HLT",
    "reportedCurrency": "USD",
    "cik": "0001585689",
    "fillingDate": "2015-07-29",
    "acceptedDate": "2015-07-29 13:01:13",
    "calendarYear": "2015",
    "period": "Q2",
    "revenue": 2922000000,
    "costOfRevenue": 2098000000,
    "grossProfit": 824000000,
    "grossProfitRatio": 0.2819986311,
    "researchAndDevelopmentExpenses": 0,
    "generalAndAdministrativeExpenses": 221000000,
    "sellingAndMarketingExpenses": 0,
    "sellingGeneralAndAdministrativeExpenses": 221000000,
    "otherExpenses": 176000000,
    "operatingExpenses": 397000000,
    "costAndExpenses": 2495000000,
    "interestIncome": 2000000,
    "interestExpense": 149000000,
    "depreciationAndAmortization": 173000000,
    "ebitda": 634000000,
    "ebitdaratio": 0.2169746749,
    "operatingIncome": 427000000,
    "operatingIncomeRatio": 0.1461327858,
    "totalOtherIncomeExpensesNet": -115000000,
    "incomeBeforeTax": 312000000,
    "incomeBeforeTaxRatio": 0.1067761807,
    "incomeTaxExpense": 145000000,
    "netIncome": 161000000,
    "netIncomeRatio": 0.0550992471,
    "eps": 0.48,
    "epsdiluted": 0.48,
    "weightedAverageShsOut": 328999671,
    "weightedAverageShsOutDil": 329666337,
    "link": "https://www.sec.gov/Archives/edgar/data/1585689/000158568915000080/0001585689-15-000080-index.htm",
    "finalLink": "https://www.sec.gov/Archives/edgar/data/1585689/000158568915000080/q22015hwhfsandmda.htm"
  },
  {
    "date": "2015-03-31",
    "symbol": "HLT",
    "reportedCurrency": "USD",
    "cik": "0001585689",
    "fillingDate": "2015-04-29",
    "acceptedDate": "2015-04-29 13:52:32",
    "calendarYear": "2015",
    "period": "Q1",
    "revenue": 2599000000,
    "costOfRevenue": 1952000000,
    "grossProfit": 647000000,
    "grossProfitRatio": 0.2489419007,
    "researchAndDevelopmentExpenses": 0,
    "generalAndAdministrativeExpenses": 127000000,
    "sellingAndMarketingExpenses": 0,
    "sellingGeneralAndAdministrativeExpenses": 127000000,
    "otherExpenses": 30000000,
    "operatingExpenses": 157000000,
    "costAndExpenses": 2109000000,
    "interestIncome": 6000000,
    "interestExpense": 144000000,
    "depreciationAndAmortization": 175000000,
    "ebitda": 632000000,
    "ebitdaratio": 0.2431704502,
    "operatingIncome": 490000000,
    "operatingIncomeRatio": 0.1885340516,
    "totalOtherIncomeExpensesNet": -177000000,
    "incomeBeforeTax": 313000000,
    "incomeBeforeTaxRatio": 0.120430935,
    "incomeTaxExpense": 163000000,
    "netIncome": 150000000,
    "netIncomeRatio": 0.0577145056,
    "eps": 0.45,
    "epsdiluted": 0.45,
    "weightedAverageShsOut": 328666338,
    "weightedAverageShsOutDil": 329333004,
    "link": "https://www.sec.gov/Archives/edgar/data/1585689/000158568915000060/0001585689-15-000060-index.htm",
    "finalLink": "https://www.sec.gov/Archives/edgar/data/1585689/000158568915000060/q12015hwhfsandmda.htm"
  },
  {
    "date": "2014-12-31",
    "symbol": "HLT",
    "reportedCurrency": "USD",
    "cik": "0001585689",
    "fillingDate": "2015-02-18",
    "acceptedDate": "2015-02-18 17:26:55",
    "calendarYear": "2014",
    "period": "Q4",
    "revenue": 2828000000,
    "costOfRevenue": 2073000000,
    "grossProfit": 755000000,
    "grossProfitRatio": 0.2669731259,
    "researchAndDevelopmentExpenses": 0,
    "generalAndAdministrativeExpenses": 142000000,
    "sellingAndMarketingExpenses": 0,
    "sellingGeneralAndAdministrativeExpenses": 142000000,
    "otherExpenses": 158000000,
    "operatingExpenses": 300000000,
    "costAndExpenses": 2373000000,
    "interestIncome": 2000000,
    "interestExpense": 151000000,
    "depreciationAndAmortization": 158000000,
    "ebitda": 602000000,
    "ebitdaratio": 0.2128712871,
    "operatingIncome": 455000000,
    "operatingIncomeRatio": 0.1608910891,
    "totalOtherIncomeExpensesNet": -162000000,
    "incomeBeforeTax": 293000000,
    "incomeBeforeTaxRatio": 0.1036067893,
    "incomeTaxExpense": 134000000,
    "netIncome": 158000000,
    "netIncomeRatio": 0.0558698727,
    "eps": 0.48,
    "epsdiluted": 0.48,
    "weightedAverageShsOut": 328333005,
    "weightedAverageShsOutDil": 328999671,
    "link": "https://www.sec.gov/Archives/edgar/data/1585689/000158568915000032/0001585689-15-000032-index.htm",
    "finalLink": "https://www.sec.gov/Archives/edgar/data/1585689/000158568915000032/a2014hwh10-k.htm"
  },
  {
    "date": "2014-09-30",
    "symbol": "HLT",
    "reportedCurrency": "USD",
    "cik": "0001585689",
    "fillingDate": "2014-10-31",
    "acceptedDate": "2014-10-31 11:39:42",
    "calendarYear": "2014",
    "period": "Q3",
    "revenue": 2644000000,
    "costOfRevenue": 1921000000,
    "grossProfit": 723000000,
    "grossProfitRatio": 0.2734493192,
    "researchAndDevelopmentExpenses": 0,
    "generalAndAdministrativeExpenses": 119000000,
    "sellingAndMarketingExpenses": 0,
    "sellingGeneralAndAdministrativeExpenses": 119000000,
    "otherExpenses": 159000000,
    "operatingExpenses": 278000000,
    "costAndExpenses": 2199000000,
    "interestIncome": 2000000,
    "interestExpense": 156000000,
    "depreciationAndAmortization": 159000000,
    "ebitda": 629000000,
    "ebitdaratio": 0.2378971256,
    "operatingIncome": 445000000,
    "operatingIncomeRatio": 0.1683055976,
    "totalOtherIncomeExpensesNet": -131000000,
    "incomeBeforeTax": 314000000,
    "incomeBeforeTaxRatio": 0.1187594554,
    "incomeTaxExpense": 127000000,
    "netIncome": 183000000,
    "netIncomeRatio": 0.0692133132,
    "eps": 0.57,
    "epsdiluted": 0.57,
    "weightedAverageShsOut": 328333005,
    "weightedAverageShsOutDil": 328999671,
    "link": "https://www.sec.gov/Archives/edgar/data/1585689/000144530514004646/0001445305-14-004646-index.htm",
    "finalLink": "https://www.sec.gov/Archives/edgar/data/1585689/000144530514004646/q32014hwhfsandmda.htm"
  },
  {
    "date": "2014-06-30",
    "symbol": "HLT",
    "reportedCurrency": "USD",
    "cik": "0001585689",
    "fillingDate": "2014-08-01",
    "acceptedDate": "2014-08-01 12:16:28",
    "calendarYear": "2014",
    "period": "Q2",
    "revenue": 2667000000,
    "costOfRevenue": 1941000000,
    "grossProfit": 726000000,
    "grossProfitRatio": 0.272215973,
    "researchAndDevelopmentExpenses": 0,
    "generalAndAdministrativeExpenses": 133000000,
    "sellingAndMarketingExpenses": 0,
    "sellingGeneralAndAdministrativeExpenses": 133000000,
    "otherExpenses": 158000000,
    "operatingExpenses": 291000000,
    "costAndExpenses": 2232000000,
    "interestIncome": 5000000,
    "interestExpense": 158000000,
    "depreciationAndAmortization": 158000000,
    "ebitda": 649000000,
    "ebitdaratio": 0.2433445819,
    "operatingIncome": 435000000,
    "operatingIncomeRatio": 0.1631046119,
    "totalOtherIncomeExpensesNet": -102000000,
    "incomeBeforeTax": 333000000,
    "incomeBeforeTaxRatio": 0.1248593926,
    "incomeTaxExpense": 121000000,
    "netIncome": 209000000,
    "netIncomeRatio": 0.0783652043,
    "eps": 0.63,
    "epsdiluted": 0.63,
    "weightedAverageShsOut": 328333005,
    "weightedAverageShsOutDil": 328333005,
    "link": "https://www.sec.gov/Archives/edgar/data/1585689/000158568914000036/0001585689-14-000036-index.htm",
    "finalLink": "https://www.sec.gov/Archives/edgar/data/1585689/000158568914000036/q22014hwhfsandmda.htm"
  },
  {
    "date": "2014-03-31",
    "symbol": "HLT",
    "reportedCurrency": "USD",
    "cik": "0001585689",
    "fillingDate": "2014-05-09",
    "acceptedDate": "2014-05-09 12:03:03",
    "calendarYear": "2014",
    "period": "Q1",
    "revenue": 2363000000,
    "costOfRevenue": 1775000000,
    "grossProfit": 588000000,
    "grossProfitRatio": 0.2488362251,
    "researchAndDevelopmentExpenses": 0,
    "generalAndAdministrativeExpenses": 97000000,
    "sellingAndMarketingExpenses": 0,
    "sellingGeneralAndAdministrativeExpenses": 97000000,
    "otherExpenses": 153000000,
    "operatingExpenses": 250000000,
    "costAndExpenses": 2025000000,
    "interestIncome": 1000000,
    "interestExpense": 153000000,
    "depreciationAndAmortization": 153000000,
    "ebitda": 513000000,
    "ebitdaratio": 0.2170969107,
    "operatingIncome": 338000000,
    "operatingIncomeRatio": 0.1430385104,
    "totalOtherIncomeExpensesNet": -131000000,
    "incomeBeforeTax": 207000000,
    "incomeBeforeTaxRatio": 0.0876005078,
    "incomeTaxExpense": 83000000,
    "netIncome": 123000000,
    "netIncomeRatio": 0.0520524757,
    "eps": 0.36,
    "epsdiluted": 0.36,
    "weightedAverageShsOut": 328333005,
    "weightedAverageShsOutDil": 328333005,
    "link": "https://www.sec.gov/Archives/edgar/data/1585689/000158568914000016/0001585689-14-000016-index.htm",
    "finalLink": "https://www.sec.gov/Archives/edgar/data/1585689/000158568914000016/q12014hwhfsandmda.htm"
  },
  {
    "date": "2013-12-31",
    "symbol": "HLT",
    "reportedCurrency": "USD",
    "cik": "0001585689",
    "fillingDate": "2014-02-27",
    "acceptedDate": "2014-02-27 16:15:26",
    "calendarYear": "2013",
    "period": "Q4",
    "revenue": 2643000000,
    "costOfRevenue": 1977000000,
    "grossProfit": 666000000,
    "grossProfitRatio": 0.2519863791,
    "researchAndDevelopmentExpenses": 0,
    "generalAndAdministrativeExpenses": 429000000,
    "sellingAndMarketingExpenses": 0,
    "sellingGeneralAndAdministrativeExpenses": 429000000,
    "otherExpenses": 148000000,
    "operatingExpenses": 577000000,
    "costAndExpenses": 2554000000,
    "interestIncome": 4000000,
    "interestExpense": 219000000,
    "depreciationAndAmortization": 148000000,
    "ebitda": 475000000,
    "ebitdaratio": 0.1797200151,
    "operatingIncome": 89000000,
    "operatingIncomeRatio": 0.0336738555,
    "totalOtherIncomeExpensesNet": 19000000,
    "incomeBeforeTax": 108000000,
    "incomeBeforeTaxRatio": 0.0408626561,
    "incomeTaxExpense": 46000000,
    "netIncome": 26000000,
    "netIncomeRatio": 0.0098373061,
    "eps": 0.09,
    "epsdiluted": 0.09,
    "weightedAverageShsOut": 288888600,
    "weightedAverageShsOutDil": 288888600,
    "link": "https://www.sec.gov/Archives/edgar/data/1585689/000158568914000006/0001585689-14-000006-index.htm",
    "finalLink": "https://www.sec.gov/Archives/edgar/data/1585689/000158568914000006/a2013hwh10-k.htm"
  },
  {
    "date": "2013-09-30",
    "symbol": "HLT",
    "reportedCurrency": "USD",
    "cik": "0001585689",
    "fillingDate": "2013-09-30",
    "acceptedDate": "2013-09-29 20:00:00",
    "calendarYear": "2013",
    "period": "Q3",
    "revenue": 2449000000,
    "costOfRevenue": 1816000000,
    "grossProfit": 633000000,
    "grossProfitRatio": 0.2584728461,
    "researchAndDevelopmentExpenses": 0,
    "generalAndAdministrativeExpenses": 130000000,
    "sellingAndMarketingExpenses": 0,
    "sellingGeneralAndAdministrativeExpenses": 130000000,
    "otherExpenses": 146000000,
    "operatingExpenses": 276000000,
    "costAndExpenses": 2092000000,
    "interestIncome": 2000000,
    "interestExpense": 127000000,
    "depreciationAndAmortization": 146000000,
    "ebitda": 546000000,
    "ebitdaratio": 0.2229481421,
    "operatingIncome": 357000000,
    "operatingIncomeRatio": 0.1457737852,
    "totalOtherIncomeExpensesNet": -84000000,
    "incomeBeforeTax": 273000000,
    "incomeBeforeTaxRatio": 0.111474071,
    "incomeTaxExpense": 70000000,
    "netIncome": 200000000,
    "netIncomeRatio": 0.0816659861,
    "eps": 0.61,
    "epsdiluted": 0.61,
    "weightedAverageShsOut": 328204793,
    "weightedAverageShsOutDil": 328204793,
    "link": "",
    "finalLink": ""
  },
  {
    "date": "2013-06-30",
    "symbol": "HLT",
    "reportedCurrency": "USD",
    "cik": "0001585689",
    "fillingDate": "2013-06-30",
    "acceptedDate": "2013-06-29 20:00:00",
    "calendarYear": "2013",
    "period": "Q2",
    "revenue": 2380000000,
    "costOfRevenue": 1735000000,
    "grossProfit": 645000000,
    "grossProfitRatio": 0.2710084034,
    "researchAndDevelopmentExpenses": 0,
    "generalAndAdministrativeExpenses": 92000000,
    "sellingAndMarketingExpenses": 0,
    "sellingGeneralAndAdministrativeExpenses": 92000000,
    "otherExpenses": 149000000,
    "operatingExpenses": 241000000,
    "costAndExpenses": 1976000000,
    "interestIncome": 1000000,
    "interestExpense": 131000000,
    "depreciationAndAmortization": 149000000,
    "ebitda": 521000000,
    "ebitdaratio": 0.218907563,
    "operatingIncome": 404000000,
    "operatingIncomeRatio": 0.1697478992,
    "totalOtherIncomeExpensesNet": -163000000,
    "incomeBeforeTax": 241000000,
    "incomeBeforeTaxRatio": 0.1012605042,
    "incomeTaxExpense": 84000000,
    "netIncome": 155000000,
    "netIncomeRatio": 0.0651260504,
    "eps": 0.47,
    "epsdiluted": 0.47,
    "weightedAverageShsOut": 328204793,
    "weightedAverageShsOutDil": 328204793,
    "link": "",
    "finalLink": ""
  },
  {
    "date": "2013-03-31",
    "symbol": "HLT",
    "reportedCurrency": "USD",
    "cik": "0001585689",
    "fillingDate": "2013-03-31",
    "acceptedDate": "2013-03-31 00:00:00",
    "calendarYear": "2013",
    "period": "Q1",
    "revenue": 2263000000,
    "costOfRevenue": 1754000000,
    "grossProfit": 509000000,
    "grossProfitRatio": 0.224922669,
    "researchAndDevelopmentExpenses": 0,
    "generalAndAdministrativeExpenses": 97000000,
    "sellingAndMarketingExpenses": 0,
    "sellingGeneralAndAdministrativeExpenses": 97000000,
    "otherExpenses": 160000000,
    "operatingExpenses": 257000000,
    "costAndExpenses": 2011000000,
    "interestIncome": 2000000,
    "interestExpense": 143000000,
    "depreciationAndAmortization": 160000000,
    "ebitda": 379000000,
    "ebitdaratio": 0.1674768007,
    "operatingIncome": 252000000,
    "operatingIncomeRatio": 0.1113566063,
    "totalOtherIncomeExpensesNet": -176000000,
    "incomeBeforeTax": 76000000,
    "incomeBeforeTaxRatio": 0.0335837384,
    "incomeTaxExpense": 38000000,
    "netIncome": 34000000,
    "netIncomeRatio": 0.015024304,
    "eps": 0.1,
    "epsdiluted": 0.1,
    "weightedAverageShsOut": 328204793,
    "weightedAverageShsOutDil": 328204793,
    "link": "",
    "finalLink": ""
  },
  {
    "date": "2012-12-31",
    "symbol": "HLT",
    "reportedCurrency": "USD",
    "cik": "0001585689",
    "fillingDate": "2012-12-31",
    "acceptedDate": "2012-12-30 19:00:00",
    "calendarYear": "2012",
    "period": "Q4",
    "revenue": 2338000000,
    "costOfRevenue": 1765000000,
    "grossProfit": 573000000,
    "grossProfitRatio": 0.245081266,
    "researchAndDevelopmentExpenses": 0,
    "generalAndAdministrativeExpenses": 133000000,
    "sellingAndMarketingExpenses": 0,
    "sellingGeneralAndAdministrativeExpenses": 133000000,
    "otherExpenses": 177000000,
    "operatingExpenses": 310000000,
    "costAndExpenses": 2075000000,
    "interestIncome": 4000000,
    "interestExpense": 146000000,
    "depreciationAndAmortization": 156000000,
    "ebitda": 414000000,
    "ebitdaratio": 0.1770744226,
    "operatingIncome": 263000000,
    "operatingIncomeRatio": 0.1124893071,
    "totalOtherIncomeExpensesNet": -151000000,
    "incomeBeforeTax": 112000000,
    "incomeBeforeTaxRatio": 0.0479041916,
    "incomeTaxExpense": 48000000,
    "netIncome": 61000000,
    "netIncomeRatio": 0.0260906758,
    "eps": 0.19,
    "epsdiluted": 0.19,
    "weightedAverageShsOut": 317348011,
    "weightedAverageShsOutDil": 328204793,
    "link": "",
    "finalLink": ""
  },
  {
    "date": "2012-09-30",
    "symbol": "HLT",
    "reportedCurrency": "USD",
    "cik": "0001585689",
    "fillingDate": "2012-09-30",
    "acceptedDate": "2012-09-29 20:00:00",
    "calendarYear": "2012",
    "period": "Q3",
    "revenue": 2417000000,
    "costOfRevenue": 1829000000,
    "grossProfit": 588000000,
    "grossProfitRatio": 0.2432767894,
    "researchAndDevelopmentExpenses": 0,
    "generalAndAdministrativeExpenses": 91000000,
    "sellingAndMarketingExpenses": 0,
    "sellingGeneralAndAdministrativeExpenses": 91000000,
    "otherExpenses": 152000000,
    "operatingExpenses": 243000000,
    "costAndExpenses": 2072000000,
    "interestIncome": 2000000,
    "interestExpense": 142000000,
    "depreciationAndAmortization": 135000000,
    "ebitda": 510000000,
    "ebitdaratio": 0.2110053786,
    "operatingIncome": 345000000,
    "operatingIncomeRatio": 0.1427389326,
    "totalOtherIncomeExpensesNet": -112000000,
    "incomeBeforeTax": 233000000,
    "incomeBeforeTaxRatio": 0.0964004965,
    "incomeTaxExpense": 54000000,
    "netIncome": 177000000,
    "netIncomeRatio": 0.0732312784,
    "eps": 0.54,
    "epsdiluted": 0.54,
    "weightedAverageShsOut": 328204793,
    "weightedAverageShsOutDil": 328204793,
    "link": "",
    "finalLink": ""
  }
]