[
  {
    "date": "2025-06-28",
    "symbol": "HOLX",
    "reportedCurrency": "USD",
    "cik": "0000859737",
    "fillingDate": "2025-07-31",
    "acceptedDate": "2025-07-31 07:39:05",
    "calendarYear": "2025",
    "period": "Q3",
    "revenue": 1023800000,
    "costOfRevenue": 447200000,
    "grossProfit": 576600000,
    "grossProfitRatio": 0.5631959367,
    "researchAndDevelopmentExpenses": 61400000,
    "generalAndAdministrativeExpenses": 99100000,
    "sellingAndMarketingExpenses": 152200000,
    "sellingGeneralAndAdministrativeExpenses": 251300000,
    "otherExpenses": 9300000,
    "operatingExpenses": 322000000,
    "costAndExpenses": 769200000,
    "interestIncome": 16400000,
    "interestExpense": 28900000,
    "depreciationAndAmortization": 70100000,
    "ebitda": 334000000,
    "ebitdaratio": 0.3262355929,
    "operatingIncome": 254600000,
    "operatingIncomeRatio": 0.2486813831,
    "totalOtherIncomeExpensesNet": -19600000,
    "incomeBeforeTax": 235000000,
    "incomeBeforeTaxRatio": 0.2295370189,
    "incomeTaxExpense": 40100000,
    "netIncome": 194900000,
    "netIncomeRatio": 0.1903692127,
    "eps": 0.87,
    "epsdiluted": 0.86,
    "weightedAverageShsOut": 224315000,
    "weightedAverageShsOutDil": 225462000,
    "link": "https://www.sec.gov/Archives/edgar/data/859737/000085973725000022/0000859737-25-000022-index.htm",
    "finalLink": "https://www.sec.gov/Archives/edgar/data/859737/000085973725000022/holx-20250628.htm"
  },
  {
    "date": "2025-03-29",
    "symbol": "HOLX",
    "reportedCurrency": "USD",
    "cik": "0000859737",
    "fillingDate": "2025-05-02",
    "acceptedDate": "2025-05-02 08:05:04",
    "calendarYear": "2025",
    "period": "Q2",
    "revenue": 1005300000,
    "costOfRevenue": 623300000,
    "grossProfit": 382000000,
    "grossProfitRatio": 0.3799860738,
    "researchAndDevelopmentExpenses": 61500000,
    "generalAndAdministrativeExpenses": 119700000,
    "sellingAndMarketingExpenses": 154400000,
    "sellingGeneralAndAdministrativeExpenses": 274100000,
    "otherExpenses": 48700000,
    "operatingExpenses": 384300000,
    "costAndExpenses": 1012300000,
    "interestIncome": 14900000,
    "interestExpense": 29100000,
    "depreciationAndAmortization": 48200000,
    "ebitda": -7000000,
    "ebitdaratio": -0.0069630956,
    "operatingIncome": -7000000,
    "operatingIncomeRatio": -0.0069630956,
    "totalOtherIncomeExpensesNet": -21500000,
    "incomeBeforeTax": -28500000,
    "incomeBeforeTaxRatio": -0.0283497463,
    "incomeTaxExpense": -11100000,
    "netIncome": -17400000,
    "netIncomeRatio": -0.0173082662,
    "eps": -0.08,
    "epsdiluted": -0.08,
    "weightedAverageShsOut": 225774000,
    "weightedAverageShsOutDil": 225774000,
    "link": "https://www.sec.gov/Archives/edgar/data/859737/000085973725000008/0000859737-25-000008-index.htm",
    "finalLink": "https://www.sec.gov/Archives/edgar/data/859737/000085973725000008/holx-20250329.htm"
  },
  {
    "date": "2024-12-28",
    "symbol": "HOLX",
    "reportedCurrency": "USD",
    "cik": "0000859737",
    "fillingDate": "2025-02-06",
    "acceptedDate": "2025-02-06 08:42:25",
    "calendarYear": "2025",
    "period": "Q1",
    "revenue": 1021800000,
    "costOfRevenue": 446000000,
    "grossProfit": 575800000,
    "grossProfitRatio": 0.563515365,
    "researchAndDevelopmentExpenses": 60300000,
    "generalAndAdministrativeExpenses": 115700000,
    "sellingAndMarketingExpenses": 166100000,
    "sellingGeneralAndAdministrativeExpenses": 281800000,
    "otherExpenses": 8600000,
    "operatingExpenses": 350700000,
    "costAndExpenses": 792000000,
    "interestIncome": 24200000,
    "interestExpense": 30500000,
    "depreciationAndAmortization": 74000000,
    "ebitda": 352000000,
    "ebitdaratio": 0.3444901155,
    "operatingIncome": 229800000,
    "operatingIncomeRatio": 0.2248972402,
    "totalOtherIncomeExpensesNet": 17700000,
    "incomeBeforeTax": 247500000,
    "incomeBeforeTaxRatio": 0.2422196124,
    "incomeTaxExpense": 46500000,
    "netIncome": 201000000,
    "netIncomeRatio": 0.1967116853,
    "eps": 0.87,
    "epsdiluted": 0.87,
    "weightedAverageShsOut": 230284000,
    "weightedAverageShsOutDil": 232107000,
    "link": "https://www.sec.gov/Archives/edgar/data/859737/000085973725000005/0000859737-25-000005-index.htm",
    "finalLink": "https://www.sec.gov/Archives/edgar/data/859737/000085973725000005/holx-20241228.htm"
  },
  {
    "date": "2024-09-28",
    "symbol": "HOLX",
    "reportedCurrency": "USD",
    "cik": "0000859737",
    "fillingDate": "2024-11-27",
    "acceptedDate": "2024-11-27 07:24:17",
    "calendarYear": "2024",
    "period": "Q4",
    "revenue": 987900000,
    "costOfRevenue": 430300000,
    "grossProfit": 557600000,
    "grossProfitRatio": 0.5644295981,
    "researchAndDevelopmentExpenses": 67300000,
    "generalAndAdministrativeExpenses": 103200000,
    "sellingAndMarketingExpenses": 146000000,
    "sellingGeneralAndAdministrativeExpenses": 249200000,
    "otherExpenses": 11100000,
    "operatingExpenses": 327600000,
    "costAndExpenses": 757800000,
    "interestIncome": 28400000,
    "interestExpense": 31900000,
    "depreciationAndAmortization": 74600000,
    "ebitda": 328100000,
    "ebitdaratio": 0.3321186355,
    "operatingIncome": 230100000,
    "operatingIncomeRatio": 0.2329183116,
    "totalOtherIncomeExpensesNet": -8500000,
    "incomeBeforeTax": 221600000,
    "incomeBeforeTaxRatio": 0.2243142018,
    "incomeTaxExpense": 43000000,
    "netIncome": 178600000,
    "netIncomeRatio": 0.1807875291,
    "eps": 0.76,
    "epsdiluted": 0.76,
    "weightedAverageShsOut": 233772000,
    "weightedAverageShsOutDil": 235971000,
    "link": "https://www.sec.gov/Archives/edgar/data/859737/000085973724000024/0000859737-24-000024-index.htm",
    "finalLink": "https://www.sec.gov/Archives/edgar/data/859737/000085973724000024/holx-20240928.htm"
  },
  {
    "date": "2024-06-29",
    "symbol": "HOLX",
    "reportedCurrency": "USD",
    "cik": "0000859737",
    "fillingDate": "2024-07-30",
    "acceptedDate": "2024-07-30 16:06:04",
    "calendarYear": "2024",
    "period": "Q3",
    "revenue": 1011400000,
    "costOfRevenue": 443100000,
    "grossProfit": 568300000,
    "grossProfitRatio": 0.5618944038,
    "researchAndDevelopmentExpenses": 64100000,
    "generalAndAdministrativeExpenses": 94000000,
    "sellingAndMarketingExpenses": 146300000,
    "sellingGeneralAndAdministrativeExpenses": 240300000,
    "otherExpenses": 200000,
    "operatingExpenses": 304400000,
    "costAndExpenses": 747500000,
    "interestIncome": 28400000,
    "interestExpense": 31900000,
    "depreciationAndAmortization": 72300000,
    "ebitda": 344900000,
    "ebitdaratio": 0.341012458,
    "operatingIncome": 263900000,
    "operatingIncomeRatio": 0.2609254499,
    "totalOtherIncomeExpensesNet": -23200000,
    "incomeBeforeTax": 240700000,
    "incomeBeforeTaxRatio": 0.2379869488,
    "incomeTaxExpense": 46200000,
    "netIncome": 194500000,
    "netIncomeRatio": 0.1923076923,
    "eps": 0.83,
    "epsdiluted": 0.82,
    "weightedAverageShsOut": 234604000,
    "weightedAverageShsOutDil": 236466000,
    "link": "https://www.sec.gov/Archives/edgar/data/859737/000085973724000020/0000859737-24-000020-index.htm",
    "finalLink": "https://www.sec.gov/Archives/edgar/data/859737/000085973724000020/holx-20240629.htm"
  },
  {
    "date": "2024-03-30",
    "symbol": "HOLX",
    "reportedCurrency": "USD",
    "cik": "0000859737",
    "fillingDate": "2024-05-03",
    "acceptedDate": "2024-05-03 07:45:49",
    "calendarYear": "2024",
    "period": "Q2",
    "revenue": 1017800000,
    "costOfRevenue": 455300000,
    "grossProfit": 562500000,
    "grossProfitRatio": 0.5526626056,
    "researchAndDevelopmentExpenses": 74600000,
    "generalAndAdministrativeExpenses": 100400000,
    "sellingAndMarketingExpenses": 144200000,
    "sellingGeneralAndAdministrativeExpenses": 244600000,
    "otherExpenses": 0,
    "operatingExpenses": 319200000,
    "costAndExpenses": 774500000,
    "interestIncome": 24000000,
    "interestExpense": 32300000,
    "depreciationAndAmortization": 73700000,
    "ebitda": 317500000,
    "ebitdaratio": 0.3119473374,
    "operatingIncome": 243300000,
    "operatingIncomeRatio": 0.239044999,
    "totalOtherIncomeExpensesNet": -31800000,
    "incomeBeforeTax": 211500000,
    "incomeBeforeTaxRatio": 0.2078011397,
    "incomeTaxExpense": 41600000,
    "netIncome": 169900000,
    "netIncomeRatio": 0.1669286697,
    "eps": 0.72,
    "epsdiluted": 0.72,
    "weightedAverageShsOut": 235890000,
    "weightedAverageShsOutDil": 237562000,
    "link": "https://www.sec.gov/Archives/edgar/data/859737/000085973724000014/0000859737-24-000014-index.htm",
    "finalLink": "https://www.sec.gov/Archives/edgar/data/859737/000085973724000014/holx-20240330.htm"
  },
  {
    "date": "2023-12-30",
    "symbol": "HOLX",
    "reportedCurrency": "USD",
    "cik": "0000859737",
    "fillingDate": "2024-02-02",
    "acceptedDate": "2024-02-02 07:36:20",
    "calendarYear": "2024",
    "period": "Q1",
    "revenue": 1013100000,
    "costOfRevenue": 445600000,
    "grossProfit": 567500000,
    "grossProfitRatio": 0.5601618794,
    "researchAndDevelopmentExpenses": 66800000,
    "generalAndAdministrativeExpenses": 111800000,
    "sellingAndMarketingExpenses": 148900000,
    "sellingGeneralAndAdministrativeExpenses": 260700000,
    "otherExpenses": -8800000,
    "operatingExpenses": 340800000,
    "costAndExpenses": 786400000,
    "interestIncome": 27900000,
    "interestExpense": 26000000,
    "depreciationAndAmortization": 88400000,
    "ebitda": 305700000,
    "ebitdaratio": 0.3017471128,
    "operatingIncome": 198200000,
    "operatingIncomeRatio": 0.1956371533,
    "totalOtherIncomeExpensesNet": -6900000,
    "incomeBeforeTax": 191300000,
    "incomeBeforeTaxRatio": 0.1888263745,
    "incomeTaxExpense": -55200000,
    "netIncome": 246500000,
    "netIncomeRatio": 0.2433126049,
    "eps": 1.03,
    "epsdiluted": 1.03,
    "weightedAverageShsOut": 238627000,
    "weightedAverageShsOutDil": 240214000,
    "link": "https://www.sec.gov/Archives/edgar/data/859737/000085973724000003/0000859737-24-000003-index.htm",
    "finalLink": "https://www.sec.gov/Archives/edgar/data/859737/000085973724000003/holx-20231230.htm"
  },
  {
    "date": "2023-09-30",
    "symbol": "HOLX",
    "reportedCurrency": "USD",
    "cik": "0000859737",
    "fillingDate": "2023-11-21",
    "acceptedDate": "2023-11-21 08:17:06",
    "calendarYear": "2023",
    "period": "Q4",
    "revenue": 945300000,
    "costOfRevenue": 445000000,
    "grossProfit": 500300000,
    "grossProfitRatio": 0.5292499736,
    "researchAndDevelopmentExpenses": 72900000,
    "generalAndAdministrativeExpenses": 92900000,
    "sellingAndMarketingExpenses": 139500000,
    "sellingGeneralAndAdministrativeExpenses": 232400000,
    "otherExpenses": 5300000,
    "operatingExpenses": 311500000,
    "costAndExpenses": 756500000,
    "interestIncome": 35900000,
    "interestExpense": 28100000,
    "depreciationAndAmortization": 75500000,
    "ebitda": 249200000,
    "ebitdaratio": 0.2636200148,
    "operatingIncome": 132500000,
    "operatingIncomeRatio": 0.1401671427,
    "totalOtherIncomeExpensesNet": 13100000,
    "incomeBeforeTax": 145600000,
    "incomeBeforeTaxRatio": 0.1540251772,
    "incomeTaxExpense": 55000000,
    "netIncome": 90600000,
    "netIncomeRatio": 0.0958425897,
    "eps": 0.37,
    "epsdiluted": 0.37,
    "weightedAverageShsOut": 245130000,
    "weightedAverageShsOutDil": 247142000,
    "link": "https://www.sec.gov/Archives/edgar/data/859737/000085973723000023/0000859737-23-000023-index.htm",
    "finalLink": "https://www.sec.gov/Archives/edgar/data/859737/000085973723000023/holx-20230930.htm"
  },
  {
    "date": "2023-07-01",
    "symbol": "HOLX",
    "reportedCurrency": "USD",
    "cik": "0000859737",
    "fillingDate": "2023-08-01",
    "acceptedDate": "2023-08-01 07:26:12",
    "calendarYear": "2023",
    "period": "Q3",
    "revenue": 984400000,
    "costOfRevenue": 616900000,
    "grossProfit": 367500000,
    "grossProfitRatio": 0.3733238521,
    "researchAndDevelopmentExpenses": 72600000,
    "generalAndAdministrativeExpenses": 90200000,
    "sellingAndMarketingExpenses": 149800000,
    "sellingGeneralAndAdministrativeExpenses": 240000000,
    "otherExpenses": 5900000,
    "operatingExpenses": 319700000,
    "costAndExpenses": 936600000,
    "interestIncome": 32500000,
    "interestExpense": 27700000,
    "depreciationAndAmortization": 81100000,
    "ebitda": 120900000,
    "ebitdaratio": 0.1228159285,
    "operatingIncome": 1400000,
    "operatingIncomeRatio": 0.0014221861,
    "totalOtherIncomeExpensesNet": 10700000,
    "incomeBeforeTax": 12100000,
    "incomeBeforeTaxRatio": 0.0122917513,
    "incomeTaxExpense": 52600000,
    "netIncome": -40500000,
    "netIncomeRatio": -0.0411418123,
    "eps": -0.16,
    "epsdiluted": -0.16,
    "weightedAverageShsOut": 246908000,
    "weightedAverageShsOutDil": 246908000,
    "link": "https://www.sec.gov/Archives/edgar/data/859737/000085973723000019/0000859737-23-000019-index.htm",
    "finalLink": "https://www.sec.gov/Archives/edgar/data/859737/000085973723000019/holx-20230701.htm"
  },
  {
    "date": "2023-04-01",
    "symbol": "HOLX",
    "reportedCurrency": "USD",
    "cik": "0000859737",
    "fillingDate": "2023-05-02",
    "acceptedDate": "2023-05-02 07:52:08",
    "calendarYear": "2023",
    "period": "Q2",
    "revenue": 1026500000,
    "costOfRevenue": 388600000,
    "grossProfit": 637900000,
    "grossProfitRatio": 0.6214320507,
    "researchAndDevelopmentExpenses": 126100000,
    "generalAndAdministrativeExpenses": 100800000,
    "sellingAndMarketingExpenses": 142400000,
    "sellingGeneralAndAdministrativeExpenses": 243200000,
    "otherExpenses": 0,
    "operatingExpenses": 362900000,
    "costAndExpenses": 751500000,
    "interestIncome": 4300000,
    "interestExpense": 0,
    "depreciationAndAmortization": 80800000,
    "ebitda": 342300000,
    "ebitdaratio": 0.3334632245,
    "operatingIncome": 261500000,
    "operatingIncomeRatio": 0.2547491476,
    "totalOtherIncomeExpensesNet": 17800000,
    "incomeBeforeTax": 279300000,
    "incomeBeforeTaxRatio": 0.2720896249,
    "incomeTaxExpense": 60800000,
    "netIncome": 218500000,
    "netIncomeRatio": 0.2128592304,
    "eps": 0.87,
    "epsdiluted": 0.87,
    "weightedAverageShsOut": 249793000,
    "weightedAverageShsOutDil": 249793000,
    "link": "https://www.sec.gov/Archives/edgar/data/859737/000085973723000011/0000859737-23-000011-index.htm",
    "finalLink": "https://www.sec.gov/Archives/edgar/data/859737/000085973723000011/holx-20230401.htm"
  },
  {
    "date": "2022-12-31",
    "symbol": "HOLX",
    "reportedCurrency": "USD",
    "cik": "0000859737",
    "fillingDate": "2023-02-01",
    "acceptedDate": "2023-02-01 16:04:57",
    "calendarYear": "2023",
    "period": "Q1",
    "revenue": 1074200000,
    "costOfRevenue": 456300000,
    "grossProfit": 617900000,
    "grossProfitRatio": 0.5752187675,
    "researchAndDevelopmentExpenses": 74800000,
    "generalAndAdministrativeExpenses": 108500000,
    "sellingAndMarketingExpenses": 163500000,
    "sellingGeneralAndAdministrativeExpenses": 272000000,
    "otherExpenses": -15800000,
    "operatingExpenses": 354400000,
    "costAndExpenses": 810700000,
    "interestIncome": 20600000,
    "interestExpense": 28100000,
    "depreciationAndAmortization": 85900000,
    "ebitda": 353100000,
    "ebitdaratio": 0.3287097375,
    "operatingIncome": 262400000,
    "operatingIncomeRatio": 0.2442748092,
    "totalOtherIncomeExpensesNet": -23300000,
    "incomeBeforeTax": 239100000,
    "incomeBeforeTaxRatio": 0.2225842487,
    "incomeTaxExpense": 51700000,
    "netIncome": 187400000,
    "netIncomeRatio": 0.1744554087,
    "eps": 0.76,
    "epsdiluted": 0.75,
    "weightedAverageShsOut": 247319000,
    "weightedAverageShsOutDil": 249281000,
    "link": "https://www.sec.gov/Archives/edgar/data/859737/000085973723000004/0000859737-23-000004-index.htm",
    "finalLink": "https://www.sec.gov/Archives/edgar/data/859737/000085973723000004/holx-20221231.htm"
  },
  {
    "date": "2022-09-24",
    "symbol": "HOLX",
    "reportedCurrency": "USD",
    "cik": "0000859737",
    "fillingDate": "2022-11-15",
    "acceptedDate": "2022-11-15 08:26:06",
    "calendarYear": "2022",
    "period": "Q4",
    "revenue": 953200000,
    "costOfRevenue": 438500000,
    "grossProfit": 514700000,
    "grossProfitRatio": 0.5399706253,
    "researchAndDevelopmentExpenses": 76000000,
    "generalAndAdministrativeExpenses": 97200000,
    "sellingAndMarketingExpenses": 159300000,
    "sellingGeneralAndAdministrativeExpenses": 256500000,
    "otherExpenses": 17300000,
    "operatingExpenses": 344500000,
    "costAndExpenses": 783000000,
    "interestIncome": 9300000,
    "interestExpense": 24100000,
    "depreciationAndAmortization": 106600000,
    "ebitda": 274100000,
    "ebitdaratio": 0.2875577004,
    "operatingIncome": 140900000,
    "operatingIncomeRatio": 0.1478178766,
    "totalOtherIncomeExpensesNet": -35000000,
    "incomeBeforeTax": 143400000,
    "incomeBeforeTaxRatio": 0.1504406211,
    "incomeTaxExpense": 24700000,
    "netIncome": 118700000,
    "netIncomeRatio": 0.124527906,
    "eps": 0.47,
    "epsdiluted": 0.47,
    "weightedAverageShsOut": 250278000,
    "weightedAverageShsOutDil": 252560000,
    "link": "https://www.sec.gov/Archives/edgar/data/859737/000085973722000022/0000859737-22-000022-index.htm",
    "finalLink": "https://www.sec.gov/Archives/edgar/data/859737/000085973722000022/holx-20220924.htm"
  },
  {
    "date": "2022-06-25",
    "symbol": "HOLX",
    "reportedCurrency": "USD",
    "cik": "0000859737",
    "fillingDate": "2022-07-27",
    "acceptedDate": "2022-07-27 16:06:12",
    "calendarYear": "2022",
    "period": "Q3",
    "revenue": 1002700000,
    "costOfRevenue": 452900000,
    "grossProfit": 549800000,
    "grossProfitRatio": 0.5483195372,
    "researchAndDevelopmentExpenses": 65100000,
    "generalAndAdministrativeExpenses": 91900000,
    "sellingAndMarketingExpenses": 152300000,
    "sellingGeneralAndAdministrativeExpenses": 244200000,
    "otherExpenses": 4800000,
    "operatingExpenses": 320500000,
    "costAndExpenses": 773400000,
    "interestIncome": 2400000,
    "interestExpense": 22700000,
    "depreciationAndAmortization": 109400000,
    "ebitda": 380500000,
    "ebitdaratio": 0.3794754164,
    "operatingIncome": 263900000,
    "operatingIncomeRatio": 0.2631893887,
    "totalOtherIncomeExpensesNet": -15500000,
    "incomeBeforeTax": 248400000,
    "incomeBeforeTaxRatio": 0.247731126,
    "incomeTaxExpense": 20000000,
    "netIncome": 228400000,
    "netIncomeRatio": 0.2277849806,
    "eps": 0.91,
    "epsdiluted": 0.9,
    "weightedAverageShsOut": 250756000,
    "weightedAverageShsOutDil": 253093000,
    "link": "https://www.sec.gov/Archives/edgar/data/859737/000085973722000018/0000859737-22-000018-index.htm",
    "finalLink": "https://www.sec.gov/Archives/edgar/data/859737/000085973722000018/holx-20220625.htm"
  },
  {
    "date": "2022-03-26",
    "symbol": "HOLX",
    "reportedCurrency": "USD",
    "cik": "0000859737",
    "fillingDate": "2022-04-27",
    "acceptedDate": "2022-04-27 16:08:13",
    "calendarYear": "2022",
    "period": "Q2",
    "revenue": 1435700000,
    "costOfRevenue": 489100000,
    "grossProfit": 946600000,
    "grossProfitRatio": 0.6593299436,
    "researchAndDevelopmentExpenses": 69500000,
    "generalAndAdministrativeExpenses": 100500000,
    "sellingAndMarketingExpenses": 171400000,
    "sellingGeneralAndAdministrativeExpenses": 271900000,
    "otherExpenses": 11300000,
    "operatingExpenses": 352700000,
    "costAndExpenses": 841800000,
    "interestIncome": 800000,
    "interestExpense": 22600000,
    "depreciationAndAmortization": 106200000,
    "ebitda": 703200000,
    "ebitdaratio": 0.4897959184,
    "operatingIncome": 594100000,
    "operatingIncomeRatio": 0.4138051125,
    "totalOtherIncomeExpensesNet": -19700000,
    "incomeBeforeTax": 574400000,
    "incomeBeforeTaxRatio": 0.4000835829,
    "incomeTaxExpense": 118700000,
    "netIncome": 455700000,
    "netIncomeRatio": 0.3174061433,
    "eps": 1.81,
    "epsdiluted": 1.8,
    "weightedAverageShsOut": 251574000,
    "weightedAverageShsOutDil": 253658000,
    "link": "https://www.sec.gov/Archives/edgar/data/859737/000085973722000011/0000859737-22-000011-index.htm",
    "finalLink": "https://www.sec.gov/Archives/edgar/data/859737/000085973722000011/holx-20220326.htm"
  },
  {
    "date": "2021-12-25",
    "symbol": "HOLX",
    "reportedCurrency": "USD",
    "cik": "0000859737",
    "fillingDate": "2022-02-02",
    "acceptedDate": "2022-02-02 16:06:24",
    "calendarYear": "2022",
    "period": "Q1",
    "revenue": 1471100000,
    "costOfRevenue": 484800000,
    "grossProfit": 986300000,
    "grossProfitRatio": 0.6704506832,
    "researchAndDevelopmentExpenses": 72800000,
    "generalAndAdministrativeExpenses": 117900000,
    "sellingAndMarketingExpenses": 147400000,
    "sellingGeneralAndAdministrativeExpenses": 265300000,
    "otherExpenses": 6500000,
    "operatingExpenses": 348900000,
    "costAndExpenses": 833700000,
    "interestIncome": 500000,
    "interestExpense": 25700000,
    "depreciationAndAmortization": 108000000,
    "ebitda": 755600000,
    "ebitdaratio": 0.513629257,
    "operatingIncome": 641300000,
    "operatingIncomeRatio": 0.4359322956,
    "totalOtherIncomeExpensesNet": -19400000,
    "incomeBeforeTax": 621900000,
    "incomeBeforeTaxRatio": 0.4227448848,
    "incomeTaxExpense": 122700000,
    "netIncome": 499200000,
    "netIncomeRatio": 0.3393379104,
    "eps": 1.97,
    "epsdiluted": 1.95,
    "weightedAverageShsOut": 253499000,
    "weightedAverageShsOutDil": 256070000,
    "link": "https://www.sec.gov/Archives/edgar/data/859737/000085973722000004/0000859737-22-000004-index.htm",
    "finalLink": "https://www.sec.gov/Archives/edgar/data/859737/000085973722000004/holx-20211225.htm"
  },
  {
    "date": "2021-09-25",
    "symbol": "HOLX",
    "reportedCurrency": "USD",
    "cik": "0000859737",
    "fillingDate": "2021-11-16",
    "acceptedDate": "2021-11-16 08:36:50",
    "calendarYear": "2021",
    "period": "Q4",
    "revenue": 1316600000,
    "costOfRevenue": 488500000,
    "grossProfit": 828100000,
    "grossProfitRatio": 0.6289685554,
    "researchAndDevelopmentExpenses": 76500000,
    "generalAndAdministrativeExpenses": 135400000,
    "sellingAndMarketingExpenses": 159100000,
    "sellingGeneralAndAdministrativeExpenses": 294500000,
    "otherExpenses": -6400000,
    "operatingExpenses": 382500000,
    "costAndExpenses": 871000000,
    "interestIncome": 200000,
    "interestExpense": 22700000,
    "depreciationAndAmortization": 117800000,
    "ebitda": 551100000,
    "ebitdaratio": 0.4185781559,
    "operatingIncome": 439500000,
    "operatingIncomeRatio": 0.3338143703,
    "totalOtherIncomeExpensesNet": -28900000,
    "incomeBeforeTax": 410600000,
    "incomeBeforeTaxRatio": 0.3118638918,
    "incomeTaxExpense": 81800000,
    "netIncome": 328800000,
    "netIncomeRatio": 0.2497341638,
    "eps": 1.29,
    "epsdiluted": 1.28,
    "weightedAverageShsOut": 254876000,
    "weightedAverageShsOutDil": 257710000,
    "link": "https://www.sec.gov/Archives/edgar/data/859737/000085973721000023/0000859737-21-000023-index.htm",
    "finalLink": "https://www.sec.gov/Archives/edgar/data/859737/000085973721000023/holx-20210925.htm"
  },
  {
    "date": "2021-06-26",
    "symbol": "HOLX",
    "reportedCurrency": "USD",
    "cik": "0000859737",
    "fillingDate": "2021-07-28",
    "acceptedDate": "2021-07-28 16:13:31",
    "calendarYear": "2021",
    "period": "Q3",
    "revenue": 1168300000,
    "costOfRevenue": 466700000,
    "grossProfit": 701600000,
    "grossProfitRatio": 0.6005306856,
    "researchAndDevelopmentExpenses": 69000000,
    "generalAndAdministrativeExpenses": 117300000,
    "sellingAndMarketingExpenses": 142700000,
    "sellingGeneralAndAdministrativeExpenses": 260000000,
    "otherExpenses": 100000,
    "operatingExpenses": 339400000,
    "costAndExpenses": 806100000,
    "interestIncome": 400000,
    "interestExpense": 21600000,
    "depreciationAndAmortization": 101200000,
    "ebitda": 460300000,
    "ebitdaratio": 0.3939912694,
    "operatingIncome": 358600000,
    "operatingIncomeRatio": 0.3069417102,
    "totalOtherIncomeExpensesNet": -21100000,
    "incomeBeforeTax": 337500000,
    "incomeBeforeTaxRatio": 0.2888812805,
    "incomeTaxExpense": 69400000,
    "netIncome": 268400000,
    "netIncomeRatio": 0.2297355131,
    "eps": 1.05,
    "epsdiluted": 1.04,
    "weightedAverageShsOut": 256230000,
    "weightedAverageShsOutDil": 258581000,
    "link": "https://www.sec.gov/Archives/edgar/data/859737/000085973721000019/0000859737-21-000019-index.htm",
    "finalLink": "https://www.sec.gov/Archives/edgar/data/859737/000085973721000019/holx-20210626.htm"
  },
  {
    "date": "2021-03-27",
    "symbol": "HOLX",
    "reportedCurrency": "USD",
    "cik": "0000859737",
    "fillingDate": "2021-04-28",
    "acceptedDate": "2021-04-28 16:08:31",
    "calendarYear": "2021",
    "period": "Q2",
    "revenue": 1537600000,
    "costOfRevenue": 451800000,
    "grossProfit": 1085800000,
    "grossProfitRatio": 0.7061654527,
    "researchAndDevelopmentExpenses": 71500000,
    "generalAndAdministrativeExpenses": 88900000,
    "sellingAndMarketingExpenses": 131500000,
    "sellingGeneralAndAdministrativeExpenses": 220400000,
    "otherExpenses": 4700000,
    "operatingExpenses": 302100000,
    "costAndExpenses": 753900000,
    "interestIncome": 300000,
    "interestExpense": 21300000,
    "depreciationAndAmortization": 95200000,
    "ebitda": 883900000,
    "ebitdaratio": 0.5748569199,
    "operatingIncome": 796800000,
    "operatingIncomeRatio": 0.5182101977,
    "totalOtherIncomeExpensesNet": -16300000,
    "incomeBeforeTax": 780500000,
    "incomeBeforeTaxRatio": 0.5076092612,
    "incomeTaxExpense": 161100000,
    "netIncome": 619900000,
    "netIncomeRatio": 0.40316077,
    "eps": 2.4,
    "epsdiluted": 2.38,
    "weightedAverageShsOut": 258473000,
    "weightedAverageShsOutDil": 260749000,
    "link": "https://www.sec.gov/Archives/edgar/data/859737/000085973721000012/0000859737-21-000012-index.htm",
    "finalLink": "https://www.sec.gov/Archives/edgar/data/859737/000085973721000012/holx-20210327.htm"
  },
  {
    "date": "2020-12-26",
    "symbol": "HOLX",
    "reportedCurrency": "USD",
    "cik": "0000859737",
    "fillingDate": "2021-01-27",
    "acceptedDate": "2021-01-27 16:11:02",
    "calendarYear": "2021",
    "period": "Q1",
    "revenue": 1609800000,
    "costOfRevenue": 429400000,
    "grossProfit": 1180400000,
    "grossProfitRatio": 0.7332587899,
    "researchAndDevelopmentExpenses": 59300000,
    "generalAndAdministrativeExpenses": 91500000,
    "sellingAndMarketingExpenses": 128000000,
    "sellingGeneralAndAdministrativeExpenses": 219500000,
    "otherExpenses": 10100000,
    "operatingExpenses": 288900000,
    "costAndExpenses": 718300000,
    "interestIncome": 400000,
    "interestExpense": 28100000,
    "depreciationAndAmortization": 92800000,
    "ebitda": 953300000,
    "ebitdaratio": 0.5921853646,
    "operatingIncome": 885500000,
    "operatingIncomeRatio": 0.5500683315,
    "totalOtherIncomeExpensesNet": -53100000,
    "incomeBeforeTax": 832400000,
    "incomeBeforeTaxRatio": 0.5170828674,
    "incomeTaxExpense": 179000000,
    "netIncome": 654400000,
    "netIncomeRatio": 0.4065101255,
    "eps": 2.53,
    "epsdiluted": 2.5,
    "weightedAverageShsOut": 258605000,
    "weightedAverageShsOutDil": 261785000,
    "link": "https://www.sec.gov/Archives/edgar/data/859737/000085973721000006/0000859737-21-000006-index.htm",
    "finalLink": "https://www.sec.gov/Archives/edgar/data/859737/000085973721000006/holx-20201226.htm"
  },
  {
    "date": "2020-09-26",
    "symbol": "HOLX",
    "reportedCurrency": "USD",
    "cik": "0000859737",
    "fillingDate": "2020-11-17",
    "acceptedDate": "2020-11-17 08:20:30",
    "calendarYear": "2020",
    "period": "Q4",
    "revenue": 1347000000,
    "costOfRevenue": 415200000,
    "grossProfit": 931800000,
    "grossProfitRatio": 0.6917594655,
    "researchAndDevelopmentExpenses": 57000000,
    "generalAndAdministrativeExpenses": 95600000,
    "sellingAndMarketingExpenses": 125700000,
    "sellingGeneralAndAdministrativeExpenses": 221300000,
    "otherExpenses": 9000000,
    "operatingExpenses": 288500000,
    "costAndExpenses": 703700000,
    "interestIncome": 300000,
    "interestExpense": 25000000,
    "depreciationAndAmortization": 94300000,
    "ebitda": 736700000,
    "ebitdaratio": 0.5469190794,
    "operatingIncome": 632800000,
    "operatingIncomeRatio": 0.4697847068,
    "totalOtherIncomeExpensesNet": -15700000,
    "incomeBeforeTax": 617100000,
    "incomeBeforeTaxRatio": 0.4581291759,
    "incomeTaxExpense": 123500000,
    "netIncome": 494900000,
    "netIncomeRatio": 0.3674090572,
    "eps": 1.9,
    "epsdiluted": 1.88,
    "weightedAverageShsOut": 259908000,
    "weightedAverageShsOutDil": 263179000,
    "link": "https://www.sec.gov/Archives/edgar/data/859737/000085973720000039/0000859737-20-000039-index.htm",
    "finalLink": "https://www.sec.gov/Archives/edgar/data/859737/000085973720000039/holx-20200926.htm"
  },
  {
    "date": "2020-06-27",
    "symbol": "HOLX",
    "reportedCurrency": "USD",
    "cik": "0000859737",
    "fillingDate": "2020-07-29",
    "acceptedDate": "2020-07-29 17:10:10",
    "calendarYear": "2020",
    "period": "Q3",
    "revenue": 822900000,
    "costOfRevenue": 356800000,
    "grossProfit": 466100000,
    "grossProfitRatio": 0.5664114716,
    "researchAndDevelopmentExpenses": 55100000,
    "generalAndAdministrativeExpenses": 105300000,
    "sellingAndMarketingExpenses": 103500000,
    "sellingGeneralAndAdministrativeExpenses": 208800000,
    "otherExpenses": 4300000,
    "operatingExpenses": 274100000,
    "costAndExpenses": 630900000,
    "interestIncome": 500000,
    "interestExpense": 27400000,
    "depreciationAndAmortization": 93600000,
    "ebitda": 286300000,
    "ebitdaratio": 0.3479159072,
    "operatingIncome": 191000000,
    "operatingIncomeRatio": 0.2321059667,
    "totalOtherIncomeExpensesNet": -22600000,
    "incomeBeforeTax": 168400000,
    "incomeBeforeTaxRatio": 0.2046421193,
    "incomeTaxExpense": 32000000,
    "netIncome": 137900000,
    "netIncomeRatio": 0.1675780775,
    "eps": 0.53,
    "epsdiluted": 0.53,
    "weightedAverageShsOut": 259870000,
    "weightedAverageShsOutDil": 261047000,
    "link": "https://www.sec.gov/Archives/edgar/data/859737/000085973720000028/0000859737-20-000028-index.htm",
    "finalLink": "https://www.sec.gov/Archives/edgar/data/859737/000085973720000028/holx-20200627.htm"
  },
  {
    "date": "2020-03-28",
    "symbol": "HOLX",
    "reportedCurrency": "USD",
    "cik": "0000859737",
    "fillingDate": "2020-04-29",
    "acceptedDate": "2020-04-29 16:11:28",
    "calendarYear": "2020",
    "period": "Q2",
    "revenue": 756100000,
    "costOfRevenue": 360300000,
    "grossProfit": 395800000,
    "grossProfitRatio": 0.5234757307,
    "researchAndDevelopmentExpenses": 49300000,
    "generalAndAdministrativeExpenses": 66500000,
    "sellingAndMarketingExpenses": 110600000,
    "sellingGeneralAndAdministrativeExpenses": 177100000,
    "otherExpenses": -7500000,
    "operatingExpenses": 236500000,
    "costAndExpenses": 596800000,
    "interestIncome": 1300000,
    "interestExpense": 31300000,
    "depreciationAndAmortization": 93700000,
    "ebitda": 243900000,
    "ebitdaratio": 0.3225763788,
    "operatingIncome": 156400000,
    "operatingIncomeRatio": 0.2068509456,
    "totalOtherIncomeExpensesNet": -37500000,
    "incomeBeforeTax": 118900000,
    "incomeBeforeTaxRatio": 0.1572543314,
    "incomeTaxExpense": 24100000,
    "netIncome": 96300000,
    "netIncomeRatio": 0.1273641053,
    "eps": 0.37,
    "epsdiluted": 0.36,
    "weightedAverageShsOut": 263238000,
    "weightedAverageShsOutDil": 264506000,
    "link": "https://www.sec.gov/Archives/edgar/data/859737/000085973720000018/0000859737-20-000018-index.htm",
    "finalLink": "https://www.sec.gov/Archives/edgar/data/859737/000085973720000018/holxq2-2020.htm"
  },
  {
    "date": "2019-12-28",
    "symbol": "HOLX",
    "reportedCurrency": "USD",
    "cik": "0000859737",
    "fillingDate": "2020-01-29",
    "acceptedDate": "2020-01-29 16:12:16",
    "calendarYear": "2020",
    "period": "Q1",
    "revenue": 850500000,
    "costOfRevenue": 416700000,
    "grossProfit": 433800000,
    "grossProfitRatio": 0.5100529101,
    "researchAndDevelopmentExpenses": 61200000,
    "generalAndAdministrativeExpenses": 88500000,
    "sellingAndMarketingExpenses": 144900000,
    "sellingGeneralAndAdministrativeExpenses": 233400000,
    "otherExpenses": 3300000,
    "operatingExpenses": 303700000,
    "costAndExpenses": 720400000,
    "interestIncome": 2100000,
    "interestExpense": 32800000,
    "depreciationAndAmortization": 94400000,
    "ebitda": 224600000,
    "ebitdaratio": 0.264079953,
    "operatingIncome": 124800000,
    "operatingIncomeRatio": 0.1467372134,
    "totalOtherIncomeExpensesNet": -27400000,
    "incomeBeforeTax": 97400000,
    "incomeBeforeTaxRatio": 0.1145208701,
    "incomeTaxExpense": -288400000,
    "netIncome": 386100000,
    "netIncomeRatio": 0.453968254,
    "eps": 1.44,
    "epsdiluted": 1.43,
    "weightedAverageShsOut": 267893000,
    "weightedAverageShsOutDil": 269721000,
    "link": "https://www.sec.gov/Archives/edgar/data/859737/000085973720000007/0000859737-20-000007-index.htm",
    "finalLink": "https://www.sec.gov/Archives/edgar/data/859737/000085973720000007/holxq1-2020.htm"
  },
  {
    "date": "2019-09-28",
    "symbol": "HOLX",
    "reportedCurrency": "USD",
    "cik": "0000859737",
    "fillingDate": "2019-11-27",
    "acceptedDate": "2019-11-27 07:48:06",
    "calendarYear": "2019",
    "period": "Q4",
    "revenue": 865800000,
    "costOfRevenue": 479100000,
    "grossProfit": 386700000,
    "grossProfitRatio": 0.4466389466,
    "researchAndDevelopmentExpenses": 60400000,
    "generalAndAdministrativeExpenses": 83700000,
    "sellingAndMarketingExpenses": 141800000,
    "sellingGeneralAndAdministrativeExpenses": 225500000,
    "otherExpenses": -2800000,
    "operatingExpenses": 297800000,
    "costAndExpenses": 776900000,
    "interestIncome": 1300000,
    "interestExpense": 34800000,
    "depreciationAndAmortization": 113400000,
    "ebitda": 187800000,
    "ebitdaratio": 0.2169092169,
    "operatingIncome": 76000000,
    "operatingIncomeRatio": 0.0877800878,
    "totalOtherIncomeExpensesNet": -36300000,
    "incomeBeforeTax": 39700000,
    "incomeBeforeTaxRatio": 0.0458535459,
    "incomeTaxExpense": -200000,
    "netIncome": 39900000,
    "netIncomeRatio": 0.0460845461,
    "eps": 0.15,
    "epsdiluted": 0.15,
    "weightedAverageShsOut": 268894000,
    "weightedAverageShsOutDil": 270993000,
    "link": "https://www.sec.gov/Archives/edgar/data/859737/000085973719000026/0000859737-19-000026-index.htm",
    "finalLink": "https://www.sec.gov/Archives/edgar/data/859737/000085973719000026/holxq4-2019.htm"
  },
  {
    "date": "2019-06-29",
    "symbol": "HOLX",
    "reportedCurrency": "USD",
    "cik": "0000859737",
    "fillingDate": "2019-07-31",
    "acceptedDate": "2019-07-31 16:21:47",
    "calendarYear": "2019",
    "period": "Q3",
    "revenue": 852400000,
    "costOfRevenue": 407600000,
    "grossProfit": 444800000,
    "grossProfitRatio": 0.5218207414,
    "researchAndDevelopmentExpenses": 61400000,
    "generalAndAdministrativeExpenses": 79900000,
    "sellingAndMarketingExpenses": 143600000,
    "sellingGeneralAndAdministrativeExpenses": 223500000,
    "otherExpenses": 2900000,
    "operatingExpenses": 296800000,
    "costAndExpenses": 704400000,
    "interestIncome": 1200000,
    "interestExpense": 35100000,
    "depreciationAndAmortization": 113300000,
    "ebitda": 262700000,
    "ebitdaratio": 0.3081886438,
    "operatingIncome": 145300000,
    "operatingIncomeRatio": 0.170459878,
    "totalOtherIncomeExpensesNet": -31000000,
    "incomeBeforeTax": 114300000,
    "incomeBeforeTaxRatio": 0.1340919756,
    "incomeTaxExpense": 20400000,
    "netIncome": 93900000,
    "netIncomeRatio": 0.1101595495,
    "eps": 0.35,
    "epsdiluted": 0.35,
    "weightedAverageShsOut": 268932000,
    "weightedAverageShsOutDil": 270789000,
    "link": "https://www.sec.gov/Archives/edgar/data/859737/000085973719000023/0000859737-19-000023-index.htm",
    "finalLink": "https://www.sec.gov/Archives/edgar/data/859737/000085973719000023/holxq3-2019.htm"
  },
  {
    "date": "2019-03-30",
    "symbol": "HOLX",
    "reportedCurrency": "USD",
    "cik": "0000859737",
    "fillingDate": "2019-05-01",
    "acceptedDate": "2019-05-01 16:20:18",
    "calendarYear": "2019",
    "period": "Q2",
    "revenue": 818400000,
    "costOfRevenue": 776000000,
    "grossProfit": 42400000,
    "grossProfitRatio": 0.0518084066,
    "researchAndDevelopmentExpenses": 57300000,
    "generalAndAdministrativeExpenses": 89900000,
    "sellingAndMarketingExpenses": 133500000,
    "sellingGeneralAndAdministrativeExpenses": 223400000,
    "otherExpenses": 3500000,
    "operatingExpenses": 294800000,
    "costAndExpenses": 1070800000,
    "interestIncome": 800000,
    "interestExpense": 34800000,
    "depreciationAndAmortization": 117600000,
    "ebitda": -201300000,
    "ebitdaratio": -0.2459677419,
    "operatingIncome": -323200000,
    "operatingIncomeRatio": -0.394916911,
    "totalOtherIncomeExpensesNet": -30500000,
    "incomeBeforeTax": -353700000,
    "incomeBeforeTaxRatio": -0.4321847507,
    "incomeTaxExpense": -81100000,
    "netIncome": -272600000,
    "netIncomeRatio": -0.3330889541,
    "eps": -1.01,
    "epsdiluted": -1.01,
    "weightedAverageShsOut": 269235000,
    "weightedAverageShsOutDil": 269235000,
    "link": "https://www.sec.gov/Archives/edgar/data/859737/000085973719000013/0000859737-19-000013-index.htm",
    "finalLink": "https://www.sec.gov/Archives/edgar/data/859737/000085973719000013/holx_q2-2019.htm"
  },
  {
    "date": "2018-12-29",
    "symbol": "HOLX",
    "reportedCurrency": "USD",
    "cik": "0000859737",
    "fillingDate": "2019-01-30",
    "acceptedDate": "2019-01-30 16:12:10",
    "calendarYear": "2019",
    "period": "Q1",
    "revenue": 830700000,
    "costOfRevenue": 396600000,
    "grossProfit": 434100000,
    "grossProfitRatio": 0.5225713254,
    "researchAndDevelopmentExpenses": 53200000,
    "generalAndAdministrativeExpenses": 78600000,
    "sellingAndMarketingExpenses": 146000000,
    "sellingGeneralAndAdministrativeExpenses": 224600000,
    "otherExpenses": -600000,
    "operatingExpenses": 291900000,
    "costAndExpenses": 688500000,
    "interestIncome": 1300000,
    "interestExpense": 36100000,
    "depreciationAndAmortization": 118800000,
    "ebitda": 259200000,
    "ebitdaratio": 0.3120260022,
    "operatingIncome": 140500000,
    "operatingIncomeRatio": 0.1691344649,
    "totalOtherIncomeExpensesNet": -36200000,
    "incomeBeforeTax": 104300000,
    "incomeBeforeTaxRatio": 0.1255567594,
    "incomeTaxExpense": 5700000,
    "netIncome": 98600000,
    "netIncomeRatio": 0.1186950764,
    "eps": 0.36,
    "epsdiluted": 0.36,
    "weightedAverageShsOut": 270590000,
    "weightedAverageShsOutDil": 272372000,
    "link": "https://www.sec.gov/Archives/edgar/data/859737/000085973719000002/0000859737-19-000002-index.htm",
    "finalLink": "https://www.sec.gov/Archives/edgar/data/859737/000085973719000002/holx_q1-2019.htm"
  },
  {
    "date": "2018-09-29",
    "symbol": "HOLX",
    "reportedCurrency": "USD",
    "cik": "0000859737",
    "fillingDate": "2018-11-20",
    "acceptedDate": "2018-11-20 08:00:52",
    "calendarYear": "2018",
    "period": "Q4",
    "revenue": 813500000,
    "costOfRevenue": 392400000,
    "grossProfit": 421100000,
    "grossProfitRatio": 0.5176398279,
    "researchAndDevelopmentExpenses": 52700000,
    "generalAndAdministrativeExpenses": 118100000,
    "sellingAndMarketingExpenses": 133500000,
    "sellingGeneralAndAdministrativeExpenses": 251600000,
    "otherExpenses": 4500000,
    "operatingExpenses": 319100000,
    "costAndExpenses": 711500000,
    "interestIncome": 1900000,
    "interestExpense": 34300000,
    "depreciationAndAmortization": 14800000,
    "ebitda": 224700000,
    "ebitdaratio": 0.2762138906,
    "operatingIncome": 99200000,
    "operatingIncomeRatio": 0.121942225,
    "totalOtherIncomeExpensesNet": -27700000,
    "incomeBeforeTax": 71300000,
    "incomeBeforeTaxRatio": 0.0876459742,
    "incomeTaxExpense": 20800000,
    "netIncome": 50500000,
    "netIncomeRatio": 0.0620774431,
    "eps": 0.19,
    "epsdiluted": 0.18,
    "weightedAverageShsOut": 272720000,
    "weightedAverageShsOutDil": 274981000,
    "link": "https://www.sec.gov/Archives/edgar/data/859737/000085973718000020/0000859737-18-000020-index.htm",
    "finalLink": "https://www.sec.gov/Archives/edgar/data/859737/000085973718000020/holx_q4-2018.htm"
  },
  {
    "date": "2018-06-30",
    "symbol": "HOLX",
    "reportedCurrency": "USD",
    "cik": "0000859737",
    "fillingDate": "2018-07-31",
    "acceptedDate": "2018-07-31 16:12:45",
    "calendarYear": "2018",
    "period": "Q3",
    "revenue": 824000000,
    "costOfRevenue": 388000000,
    "grossProfit": 436000000,
    "grossProfitRatio": 0.5291262136,
    "researchAndDevelopmentExpenses": 54400000,
    "generalAndAdministrativeExpenses": 86300000,
    "sellingAndMarketingExpenses": 141100000,
    "sellingGeneralAndAdministrativeExpenses": 227400000,
    "otherExpenses": 5200000,
    "operatingExpenses": 297100000,
    "costAndExpenses": 685100000,
    "interestIncome": 1500000,
    "interestExpense": 34500000,
    "depreciationAndAmortization": 120500000,
    "ebitda": 260300000,
    "ebitdaratio": 0.3158980583,
    "operatingIncome": 133100000,
    "operatingIncomeRatio": 0.1615291262,
    "totalOtherIncomeExpensesNet": -27800000,
    "incomeBeforeTax": 105300000,
    "incomeBeforeTaxRatio": 0.1277912621,
    "incomeTaxExpense": -7600000,
    "netIncome": 112900000,
    "netIncomeRatio": 0.1370145631,
    "eps": 0.41,
    "epsdiluted": 0.41,
    "weightedAverageShsOut": 273729000,
    "weightedAverageShsOutDil": 275569000,
    "link": "https://www.sec.gov/Archives/edgar/data/859737/000085973718000012/0000859737-18-000012-index.htm",
    "finalLink": "https://www.sec.gov/Archives/edgar/data/859737/000085973718000012/holx_q3-2018.htm"
  },
  {
    "date": "2018-03-31",
    "symbol": "HOLX",
    "reportedCurrency": "USD",
    "cik": "0000859737",
    "fillingDate": "2018-05-02",
    "acceptedDate": "2018-05-02 16:13:12",
    "calendarYear": "2018",
    "period": "Q2",
    "revenue": 789300000,
    "costOfRevenue": 374200000,
    "grossProfit": 415100000,
    "grossProfitRatio": 0.5259090333,
    "researchAndDevelopmentExpenses": 56800000,
    "generalAndAdministrativeExpenses": 83800000,
    "sellingAndMarketingExpenses": 130500000,
    "sellingGeneralAndAdministrativeExpenses": 214300000,
    "otherExpenses": -5100000,
    "operatingExpenses": 285800000,
    "costAndExpenses": 660000000,
    "interestIncome": 2100000,
    "interestExpense": 38900000,
    "depreciationAndAmortization": 119500000,
    "ebitda": -532600000,
    "ebitdaratio": -0.6747751172,
    "operatingIncome": -604200000,
    "operatingIncomeRatio": -0.7654884074,
    "totalOtherIncomeExpensesNet": -86800000,
    "incomeBeforeTax": -691000000,
    "incomeBeforeTaxRatio": -0.8754592677,
    "incomeTaxExpense": -9600000,
    "netIncome": -681400000,
    "netIncomeRatio": -0.8632965919,
    "eps": -2.46,
    "epsdiluted": -2.46,
    "weightedAverageShsOut": 276991869,
    "weightedAverageShsOutDil": 277114000,
    "link": "https://www.sec.gov/Archives/edgar/data/859737/000085973718000006/0000859737-18-000006-index.htm",
    "finalLink": "https://www.sec.gov/Archives/edgar/data/859737/000085973718000006/holx_q2-2018.htm"
  },
  {
    "date": "2017-12-30",
    "symbol": "HOLX",
    "reportedCurrency": "USD",
    "cik": "0000859737",
    "fillingDate": "2018-02-08",
    "acceptedDate": "2018-02-08 16:23:00",
    "calendarYear": "2018",
    "period": "Q1",
    "revenue": 791100000,
    "costOfRevenue": 366600000,
    "grossProfit": 424500000,
    "grossProfitRatio": 0.5365946151,
    "researchAndDevelopmentExpenses": 54800000,
    "generalAndAdministrativeExpenses": 77900000,
    "sellingAndMarketingExpenses": 139500000,
    "sellingGeneralAndAdministrativeExpenses": 217400000,
    "otherExpenses": 2900000,
    "operatingExpenses": 286600000,
    "costAndExpenses": 653200000,
    "interestIncome": 800000,
    "interestExpense": 41000000,
    "depreciationAndAmortization": 121200000,
    "ebitda": 255700000,
    "ebitdaratio": 0.3232208318,
    "operatingIncome": 134100000,
    "operatingIncomeRatio": 0.1695108077,
    "totalOtherIncomeExpensesNet": -38300000,
    "incomeBeforeTax": 95800000,
    "incomeBeforeTaxRatio": 0.1210972064,
    "incomeTaxExpense": -310900000,
    "netIncome": 406700000,
    "netIncomeRatio": 0.5140942991,
    "eps": 1.47,
    "epsdiluted": 1.45,
    "weightedAverageShsOut": 276856000,
    "weightedAverageShsOutDil": 280802000,
    "link": "https://www.sec.gov/Archives/edgar/data/859737/000085973718000002/0000859737-18-000002-index.htm",
    "finalLink": "https://www.sec.gov/Archives/edgar/data/859737/000085973718000002/holx_q1-2018.htm"
  },
  {
    "date": "2017-09-30",
    "symbol": "HOLX",
    "reportedCurrency": "USD",
    "cik": "0000859737",
    "fillingDate": "2017-11-21",
    "acceptedDate": "2017-11-21 08:54:05",
    "calendarYear": "2017",
    "period": "Q4",
    "revenue": 802900000,
    "costOfRevenue": 385000000,
    "grossProfit": 417900000,
    "grossProfitRatio": 0.5204882302,
    "researchAndDevelopmentExpenses": 60500000,
    "generalAndAdministrativeExpenses": 90600000,
    "sellingAndMarketingExpenses": 139700000,
    "sellingGeneralAndAdministrativeExpenses": 230300000,
    "otherExpenses": -800000,
    "operatingExpenses": 306000000,
    "costAndExpenses": 691000000,
    "interestIncome": 500000,
    "interestExpense": 36100000,
    "depreciationAndAmortization": 15200000,
    "ebitda": 229000000,
    "ebitdaratio": 0.2852160917,
    "operatingIncome": 109400000,
    "operatingIncomeRatio": 0.1362560717,
    "totalOtherIncomeExpensesNet": -37100000,
    "incomeBeforeTax": 72400000,
    "incomeBeforeTaxRatio": 0.0901731224,
    "incomeTaxExpense": -10300000,
    "netIncome": 82700000,
    "netIncomeRatio": 0.1030016191,
    "eps": 0.3,
    "epsdiluted": 0.29,
    "weightedAverageShsOut": 279543000,
    "weightedAverageShsOutDil": 284741000,
    "link": "https://www.sec.gov/Archives/edgar/data/859737/000085973717000023/0000859737-17-000023-index.htm",
    "finalLink": "https://www.sec.gov/Archives/edgar/data/859737/000085973717000023/holx_q4-2017.htm"
  },
  {
    "date": "2017-07-01",
    "symbol": "HOLX",
    "reportedCurrency": "USD",
    "cik": "0000859737",
    "fillingDate": "2017-08-02",
    "acceptedDate": "2017-08-02 16:10:59",
    "calendarYear": "2017",
    "period": "Q3",
    "revenue": 806100000,
    "costOfRevenue": 396500000,
    "grossProfit": 409600000,
    "grossProfitRatio": 0.5081255427,
    "researchAndDevelopmentExpenses": 62500000,
    "generalAndAdministrativeExpenses": 65500000,
    "sellingAndMarketingExpenses": 145400000,
    "sellingGeneralAndAdministrativeExpenses": 210900000,
    "otherExpenses": 100000,
    "operatingExpenses": 288600000,
    "costAndExpenses": 685100000,
    "interestIncome": 1100000,
    "interestExpense": 39100000,
    "depreciationAndAmortization": 118300000,
    "ebitda": 230300000,
    "ebitdaratio": 0.2856965637,
    "operatingIncome": 115000000,
    "operatingIncomeRatio": 0.1426622007,
    "totalOtherIncomeExpensesNet": -40500000,
    "incomeBeforeTax": 74500000,
    "incomeBeforeTaxRatio": 0.0924202952,
    "incomeTaxExpense": 15000000,
    "netIncome": 59500000,
    "netIncomeRatio": 0.0738121821,
    "eps": 0.21,
    "epsdiluted": 0.21,
    "weightedAverageShsOut": 280824000,
    "weightedAverageShsOutDil": 287638000,
    "link": "https://www.sec.gov/Archives/edgar/data/859737/000085973717000020/0000859737-17-000020-index.htm",
    "finalLink": "https://www.sec.gov/Archives/edgar/data/859737/000085973717000020/holx_q3-2017.htm"
  },
  {
    "date": "2017-04-01",
    "symbol": "HOLX",
    "reportedCurrency": "USD",
    "cik": "0000859737",
    "fillingDate": "2017-05-10",
    "acceptedDate": "2017-05-10 16:36:46",
    "calendarYear": "2017",
    "period": "Q2",
    "revenue": 715400000,
    "costOfRevenue": 326700000,
    "grossProfit": 388700000,
    "grossProfitRatio": 0.5433324015,
    "researchAndDevelopmentExpenses": 55400000,
    "generalAndAdministrativeExpenses": 117400000,
    "sellingAndMarketingExpenses": 103400000,
    "sellingGeneralAndAdministrativeExpenses": 220800000,
    "otherExpenses": 3400000,
    "operatingExpenses": 287000000,
    "costAndExpenses": 613700000,
    "interestIncome": 1900000,
    "interestExpense": 37500000,
    "depreciationAndAmortization": 95100000,
    "ebitda": 1100200000,
    "ebitdaratio": 1.5378809058,
    "operatingIncome": 999800000,
    "operatingIncomeRatio": 1.3975398379,
    "totalOtherIncomeExpensesNet": -32200000,
    "incomeBeforeTax": 967600000,
    "incomeBeforeTaxRatio": 1.3525300531,
    "incomeTaxExpense": 440800000,
    "netIncome": 526800000,
    "netIncomeRatio": 0.7363712608,
    "eps": 1.88,
    "epsdiluted": 1.84,
    "weightedAverageShsOut": 280215000,
    "weightedAverageShsOutDil": 286010000,
    "link": "https://www.sec.gov/Archives/edgar/data/859737/000085973717000013/0000859737-17-000013-index.htm",
    "finalLink": "https://www.sec.gov/Archives/edgar/data/859737/000085973717000013/holx_q2-2017.htm"
  },
  {
    "date": "2016-12-31",
    "symbol": "HOLX",
    "reportedCurrency": "USD",
    "cik": "0000859737",
    "fillingDate": "2017-02-03",
    "acceptedDate": "2017-02-03 07:01:21",
    "calendarYear": "2017",
    "period": "Q1",
    "revenue": 734400000,
    "costOfRevenue": 329600000,
    "grossProfit": 404800000,
    "grossProfitRatio": 0.5511982571,
    "researchAndDevelopmentExpenses": 54400000,
    "generalAndAdministrativeExpenses": 69800000,
    "sellingAndMarketingExpenses": 110000000,
    "sellingGeneralAndAdministrativeExpenses": 179800000,
    "otherExpenses": 10200000,
    "operatingExpenses": 255600000,
    "costAndExpenses": 585200000,
    "interestIncome": 300000,
    "interestExpense": 40400000,
    "depreciationAndAmortization": 115300000,
    "ebitda": 271800000,
    "ebitdaratio": 0.3700980392,
    "operatingIncome": 146000000,
    "operatingIncomeRatio": 0.1988017429,
    "totalOtherIncomeExpensesNet": -29900000,
    "incomeBeforeTax": 116100000,
    "incomeBeforeTaxRatio": 0.1580882353,
    "incomeTaxExpense": 29600000,
    "netIncome": 86500000,
    "netIncomeRatio": 0.1177832244,
    "eps": 0.31,
    "epsdiluted": 0.3,
    "weightedAverageShsOut": 278663000,
    "weightedAverageShsOutDil": 284224000,
    "link": "https://www.sec.gov/Archives/edgar/data/859737/000085973717000004/0000859737-17-000004-index.htm",
    "finalLink": "https://www.sec.gov/Archives/edgar/data/859737/000085973717000004/holx_q1-2017.htm"
  },
  {
    "date": "2016-09-24",
    "symbol": "HOLX",
    "reportedCurrency": "USD",
    "cik": "0000859737",
    "fillingDate": "2016-11-17",
    "acceptedDate": "2016-11-17 06:23:23",
    "calendarYear": "2016",
    "period": "Q4",
    "revenue": 726800000,
    "costOfRevenue": 320700000,
    "grossProfit": 406100000,
    "grossProfitRatio": 0.5587506879,
    "researchAndDevelopmentExpenses": 62500000,
    "generalAndAdministrativeExpenses": 65400000,
    "sellingAndMarketingExpenses": 105800000,
    "sellingGeneralAndAdministrativeExpenses": 171200000,
    "otherExpenses": -900000,
    "operatingExpenses": 256100000,
    "costAndExpenses": 576800000,
    "interestIncome": 100000,
    "interestExpense": 37900000,
    "depreciationAndAmortization": 22400000,
    "ebitda": 260100000,
    "ebitdaratio": 0.3578701156,
    "operatingIncome": 147100000,
    "operatingIncomeRatio": 0.2023940561,
    "totalOtherIncomeExpensesNet": -39400000,
    "incomeBeforeTax": 107600000,
    "incomeBeforeTaxRatio": 0.14804623,
    "incomeTaxExpense": 15400000,
    "netIncome": 92100000,
    "netIncomeRatio": 0.1267198679,
    "eps": 0.33,
    "epsdiluted": 0.33,
    "weightedAverageShsOut": 277549000,
    "weightedAverageShsOutDil": 282494000,
    "link": "https://www.sec.gov/Archives/edgar/data/859737/000085973716000071/0000859737-16-000071-index.htm",
    "finalLink": "https://www.sec.gov/Archives/edgar/data/859737/000085973716000071/holx_q4-2016.htm"
  },
  {
    "date": "2016-06-25",
    "symbol": "HOLX",
    "reportedCurrency": "USD",
    "cik": "0000859737",
    "fillingDate": "2016-07-27",
    "acceptedDate": "2016-07-27 16:05:58",
    "calendarYear": "2016",
    "period": "Q3",
    "revenue": 717400000,
    "costOfRevenue": 324300000,
    "grossProfit": 393100000,
    "grossProfitRatio": 0.5479509339,
    "researchAndDevelopmentExpenses": 58800000,
    "generalAndAdministrativeExpenses": 62500000,
    "sellingAndMarketingExpenses": 109000000,
    "sellingGeneralAndAdministrativeExpenses": 171500000,
    "otherExpenses": 600000,
    "operatingExpenses": 252200000,
    "costAndExpenses": 576500000,
    "interestIncome": 200000,
    "interestExpense": 39100000,
    "depreciationAndAmortization": 120900000,
    "ebitda": 261100000,
    "ebitdaratio": 0.3639531642,
    "operatingIncome": 139400000,
    "operatingIncomeRatio": 0.1943127962,
    "totalOtherIncomeExpensesNet": -38300000,
    "incomeBeforeTax": 101100000,
    "incomeBeforeTaxRatio": 0.1409255645,
    "incomeTaxExpense": 16300000,
    "netIncome": 84800000,
    "netIncomeRatio": 0.1182046278,
    "eps": 0.31,
    "epsdiluted": 0.3,
    "weightedAverageShsOut": 277853000,
    "weightedAverageShsOutDil": 282302000,
    "link": "https://www.sec.gov/Archives/edgar/data/859737/000085973716000061/0000859737-16-000061-index.htm",
    "finalLink": "https://www.sec.gov/Archives/edgar/data/859737/000085973716000061/holx_q3-2016.htm"
  },
  {
    "date": "2016-03-26",
    "symbol": "HOLX",
    "reportedCurrency": "USD",
    "cik": "0000859737",
    "fillingDate": "2016-04-27",
    "acceptedDate": "2016-04-27 16:07:56",
    "calendarYear": "2016",
    "period": "Q2",
    "revenue": 693300000,
    "costOfRevenue": 308300000,
    "grossProfit": 385000000,
    "grossProfitRatio": 0.5553151594,
    "researchAndDevelopmentExpenses": 59100000,
    "generalAndAdministrativeExpenses": 62400000,
    "sellingAndMarketingExpenses": 100800000,
    "sellingGeneralAndAdministrativeExpenses": 163200000,
    "otherExpenses": -800000,
    "operatingExpenses": 245100000,
    "costAndExpenses": 553400000,
    "interestIncome": 200000,
    "interestExpense": 39100000,
    "depreciationAndAmortization": 114000000,
    "ebitda": 253300000,
    "ebitdaratio": 0.3653541036,
    "operatingIncome": 136100000,
    "operatingIncomeRatio": 0.1963075148,
    "totalOtherIncomeExpensesNet": -44200000,
    "incomeBeforeTax": 91900000,
    "incomeBeforeTaxRatio": 0.1325544497,
    "incomeTaxExpense": 23000000,
    "netIncome": 68900000,
    "netIncomeRatio": 0.0993797779,
    "eps": 0.24,
    "epsdiluted": 0.24,
    "weightedAverageShsOut": 282474000,
    "weightedAverageShsOutDil": 287857000,
    "link": "https://www.sec.gov/Archives/edgar/data/859737/000085973716000052/0000859737-16-000052-index.htm",
    "finalLink": "https://www.sec.gov/Archives/edgar/data/859737/000085973716000052/holx_q2-2016.htm"
  },
  {
    "date": "2015-12-26",
    "symbol": "HOLX",
    "reportedCurrency": "USD",
    "cik": "0000859737",
    "fillingDate": "2016-01-27",
    "acceptedDate": "2016-01-27 16:06:33",
    "calendarYear": "2016",
    "period": "Q1",
    "revenue": 695200000,
    "costOfRevenue": 316100000,
    "grossProfit": 379100000,
    "grossProfitRatio": 0.545310702,
    "researchAndDevelopmentExpenses": 51700000,
    "generalAndAdministrativeExpenses": 77000000,
    "sellingAndMarketingExpenses": 99400000,
    "sellingGeneralAndAdministrativeExpenses": 176400000,
    "otherExpenses": 27600000,
    "operatingExpenses": 250700000,
    "costAndExpenses": 566800000,
    "interestIncome": 200000,
    "interestExpense": 39200000,
    "depreciationAndAmortization": 115900000,
    "ebitda": 269800000,
    "ebitdaratio": 0.3880897583,
    "operatingIncome": 126100000,
    "operatingIncomeRatio": 0.1813866513,
    "totalOtherIncomeExpensesNet": -11400000,
    "incomeBeforeTax": 114700000,
    "incomeBeforeTaxRatio": 0.1649884925,
    "incomeTaxExpense": 29800000,
    "netIncome": 84900000,
    "netIncomeRatio": 0.12212313,
    "eps": 0.3,
    "epsdiluted": 0.29,
    "weightedAverageShsOut": 282976000,
    "weightedAverageShsOutDil": 291971000,
    "link": "https://www.sec.gov/Archives/edgar/data/859737/000085973716000042/0000859737-16-000042-index.htm",
    "finalLink": "https://www.sec.gov/Archives/edgar/data/859737/000085973716000042/holx_q1-2016.htm"
  },
  {
    "date": "2015-09-26",
    "symbol": "HOLX",
    "reportedCurrency": "USD",
    "cik": "0000859737",
    "fillingDate": "2015-11-19",
    "acceptedDate": "2015-11-19 06:31:19",
    "calendarYear": "2015",
    "period": "Q4",
    "revenue": 702800000,
    "costOfRevenue": 323400000,
    "grossProfit": 379400000,
    "grossProfitRatio": 0.5398406375,
    "researchAndDevelopmentExpenses": 53800000,
    "generalAndAdministrativeExpenses": 66200000,
    "sellingAndMarketingExpenses": 99700000,
    "sellingGeneralAndAdministrativeExpenses": 165900000,
    "otherExpenses": -11500000,
    "operatingExpenses": 247200000,
    "costAndExpenses": 570600000,
    "interestIncome": 300000,
    "interestExpense": 51200000,
    "depreciationAndAmortization": 122300000,
    "ebitda": 243300000,
    "ebitdaratio": 0.3461866818,
    "operatingIncome": 125700000,
    "operatingIncomeRatio": 0.1788560046,
    "totalOtherIncomeExpensesNet": -100300000,
    "incomeBeforeTax": 25500000,
    "incomeBeforeTaxRatio": 0.0362834377,
    "incomeTaxExpense": 300000,
    "netIncome": 25100000,
    "netIncomeRatio": 0.0357142857,
    "eps": 0.09,
    "epsdiluted": 0.09,
    "weightedAverageShsOut": 282072000,
    "weightedAverageShsOutDil": 294778000,
    "link": "https://www.sec.gov/Archives/edgar/data/859737/000085973715000034/0000859737-15-000034-index.htm",
    "finalLink": "https://www.sec.gov/Archives/edgar/data/859737/000085973715000034/holx_q4-2015.htm"
  },
  {
    "date": "2015-06-27",
    "symbol": "HOLX",
    "reportedCurrency": "USD",
    "cik": "0000859737",
    "fillingDate": "2015-07-29",
    "acceptedDate": "2015-07-29 16:09:19",
    "calendarYear": "2015",
    "period": "Q3",
    "revenue": 693900000,
    "costOfRevenue": 315200000,
    "grossProfit": 378700000,
    "grossProfitRatio": 0.5457558726,
    "researchAndDevelopmentExpenses": 56000000,
    "generalAndAdministrativeExpenses": 73100000,
    "sellingAndMarketingExpenses": 94300000,
    "sellingGeneralAndAdministrativeExpenses": 167400000,
    "otherExpenses": 1300000,
    "operatingExpenses": 250800000,
    "costAndExpenses": 566000000,
    "interestIncome": 300000,
    "interestExpense": 52400000,
    "depreciationAndAmortization": 120500000,
    "ebitda": 249700000,
    "ebitdaratio": 0.3598501225,
    "operatingIncome": 116000000,
    "operatingIncomeRatio": 0.1671710621,
    "totalOtherIncomeExpensesNet": -69300000,
    "incomeBeforeTax": 46700000,
    "incomeBeforeTaxRatio": 0.0673007638,
    "incomeTaxExpense": 17300000,
    "netIncome": 29400000,
    "netIncomeRatio": 0.0423692175,
    "eps": 0.1,
    "epsdiluted": 0.1,
    "weightedAverageShsOut": 281184000,
    "weightedAverageShsOutDil": 292612000,
    "link": "https://www.sec.gov/Archives/edgar/data/859737/000085973715000018/0000859737-15-000018-index.htm",
    "finalLink": "https://www.sec.gov/Archives/edgar/data/859737/000085973715000018/holx_q3-2015.htm"
  },
  {
    "date": "2015-03-28",
    "symbol": "HOLX",
    "reportedCurrency": "USD",
    "cik": "0000859737",
    "fillingDate": "2015-04-30",
    "acceptedDate": "2015-04-30 08:06:54",
    "calendarYear": "2015",
    "period": "Q2",
    "revenue": 655500000,
    "costOfRevenue": 319500000,
    "grossProfit": 336000000,
    "grossProfitRatio": 0.5125858124,
    "researchAndDevelopmentExpenses": 53300000,
    "generalAndAdministrativeExpenses": 60300000,
    "sellingAndMarketingExpenses": 83000000,
    "sellingGeneralAndAdministrativeExpenses": 143300000,
    "otherExpenses": 400000,
    "operatingExpenses": 224200000,
    "costAndExpenses": 543700000,
    "interestIncome": 300000,
    "interestExpense": 49400000,
    "depreciationAndAmortization": 126600000,
    "ebitda": 236800000,
    "ebitdaratio": 0.3612509535,
    "operatingIncome": 109800000,
    "operatingIncomeRatio": 0.1675057208,
    "totalOtherIncomeExpensesNet": -49000000,
    "incomeBeforeTax": 60800000,
    "incomeBeforeTaxRatio": 0.0927536232,
    "incomeTaxExpense": 13000000,
    "netIncome": 47800000,
    "netIncomeRatio": 0.072921434,
    "eps": 0.17,
    "epsdiluted": 0.17,
    "weightedAverageShsOut": 280338000,
    "weightedAverageShsOutDil": 287580000,
    "link": "https://www.sec.gov/Archives/edgar/data/859737/000085973715000010/0000859737-15-000010-index.htm",
    "finalLink": "https://www.sec.gov/Archives/edgar/data/859737/000085973715000010/holx_q2-2015.htm"
  },
  {
    "date": "2014-12-27",
    "symbol": "HOLX",
    "reportedCurrency": "USD",
    "cik": "0000859737",
    "fillingDate": "2015-01-29",
    "acceptedDate": "2015-01-29 07:57:46",
    "calendarYear": "2015",
    "period": "Q1",
    "revenue": 652800000,
    "costOfRevenue": 314200000,
    "grossProfit": 338600000,
    "grossProfitRatio": 0.5186887255,
    "researchAndDevelopmentExpenses": 52000000,
    "generalAndAdministrativeExpenses": 61300000,
    "sellingAndMarketingExpenses": 86000000,
    "sellingGeneralAndAdministrativeExpenses": 147300000,
    "otherExpenses": -200000,
    "operatingExpenses": 227100000,
    "costAndExpenses": 541300000,
    "interestIncome": 400000,
    "interestExpense": 52500000,
    "depreciationAndAmortization": 122000000,
    "ebitda": 233300000,
    "ebitdaratio": 0.3573835784,
    "operatingIncome": 103500000,
    "operatingIncomeRatio": 0.1585477941,
    "totalOtherIncomeExpensesNet": -59400000,
    "incomeBeforeTax": 44100000,
    "incomeBeforeTaxRatio": 0.0675551471,
    "incomeTaxExpense": 14900000,
    "netIncome": 29200000,
    "netIncomeRatio": 0.0447303922,
    "eps": 0.1,
    "epsdiluted": 0.1,
    "weightedAverageShsOut": 278671000,
    "weightedAverageShsOutDil": 283176000,
    "link": "https://www.sec.gov/Archives/edgar/data/859737/000085973715000005/0000859737-15-000005-index.htm",
    "finalLink": "https://www.sec.gov/Archives/edgar/data/859737/000085973715000005/holx_q1-2015.htm"
  },
  {
    "date": "2014-09-27",
    "symbol": "HOLX",
    "reportedCurrency": "USD",
    "cik": "0000859737",
    "fillingDate": "2014-11-20",
    "acceptedDate": "2014-11-20 07:00:54",
    "calendarYear": "2014",
    "period": "Q4",
    "revenue": 660600000,
    "costOfRevenue": 315600000,
    "grossProfit": 345000000,
    "grossProfitRatio": 0.5222524977,
    "researchAndDevelopmentExpenses": 52100000,
    "generalAndAdministrativeExpenses": 65200000,
    "sellingAndMarketingExpenses": 86800000,
    "sellingGeneralAndAdministrativeExpenses": 152000000,
    "otherExpenses": -800000,
    "operatingExpenses": 232900000,
    "costAndExpenses": 548500000,
    "interestIncome": 500000,
    "interestExpense": 52400000,
    "depreciationAndAmortization": 28800000,
    "ebitda": 140100000,
    "ebitdaratio": 0.2120799273,
    "operatingIncome": 91900000,
    "operatingIncomeRatio": 0.1391159552,
    "totalOtherIncomeExpensesNet": -53400000,
    "incomeBeforeTax": 38700000,
    "incomeBeforeTaxRatio": 0.0585831063,
    "incomeTaxExpense": 10500000,
    "netIncome": 28100000,
    "netIncomeRatio": 0.0425370875,
    "eps": 0.1,
    "epsdiluted": 0.1,
    "weightedAverageShsOut": 277855000,
    "weightedAverageShsOutDil": 282217000,
    "link": "https://www.sec.gov/Archives/edgar/data/859737/000085973714000008/0000859737-14-000008-index.htm",
    "finalLink": "https://www.sec.gov/Archives/edgar/data/859737/000085973714000008/holx_q4-2014.htm"
  },
  {
    "date": "2014-06-28",
    "symbol": "HOLX",
    "reportedCurrency": "USD",
    "cik": "0000859737",
    "fillingDate": "2014-07-31",
    "acceptedDate": "2014-07-31 07:16:07",
    "calendarYear": "2014",
    "period": "Q3",
    "revenue": 632600000,
    "costOfRevenue": 319800000,
    "grossProfit": 312800000,
    "grossProfitRatio": 0.4944672779,
    "researchAndDevelopmentExpenses": 52500000,
    "generalAndAdministrativeExpenses": 64700000,
    "sellingAndMarketingExpenses": 83000000,
    "sellingGeneralAndAdministrativeExpenses": 147700000,
    "otherExpenses": -1200000,
    "operatingExpenses": 229900000,
    "costAndExpenses": 549700000,
    "interestIncome": 300000,
    "interestExpense": 52400000,
    "depreciationAndAmortization": 29700000,
    "ebitda": 208900000,
    "ebitdaratio": 0.3302244704,
    "operatingIncome": 76200000,
    "operatingIncomeRatio": 0.120455264,
    "totalOtherIncomeExpensesNet": -53600000,
    "incomeBeforeTax": 22600000,
    "incomeBeforeTaxRatio": 0.035725577,
    "incomeTaxExpense": 11300000,
    "netIncome": 11300000,
    "netIncomeRatio": 0.0178627885,
    "eps": 0.04,
    "epsdiluted": 0.04,
    "weightedAverageShsOut": 276843000,
    "weightedAverageShsOutDil": 279205000,
    "link": "https://www.sec.gov/Archives/edgar/data/859737/000085973714000003/0000859737-14-000003-index.htm",
    "finalLink": "https://www.sec.gov/Archives/edgar/data/859737/000085973714000003/holx_q3-2014.htm"
  },
  {
    "date": "2014-03-29",
    "symbol": "HOLX",
    "reportedCurrency": "USD",
    "cik": "0000859737",
    "fillingDate": "2014-05-02",
    "acceptedDate": "2014-05-02 06:31:35",
    "calendarYear": "2014",
    "period": "Q2",
    "revenue": 625008000,
    "costOfRevenue": 342896000,
    "grossProfit": 282112000,
    "grossProfitRatio": 0.4513734224,
    "researchAndDevelopmentExpenses": 49915000,
    "generalAndAdministrativeExpenses": 62109000,
    "sellingAndMarketingExpenses": 78657000,
    "sellingGeneralAndAdministrativeExpenses": 140766000,
    "otherExpenses": -7551000,
    "operatingExpenses": 219781000,
    "costAndExpenses": 562677000,
    "interestIncome": 149000,
    "interestExpense": 54449000,
    "depreciationAndAmortization": 29100000,
    "ebitda": 172700000,
    "ebitdaratio": 0.2763164631,
    "operatingIncome": 50250000,
    "operatingIncomeRatio": 0.0803989709,
    "totalOtherIncomeExpensesNet": -62050000,
    "incomeBeforeTax": -11750000,
    "incomeBeforeTaxRatio": -0.0187997594,
    "incomeTaxExpense": 5015000,
    "netIncome": -16765000,
    "netIncomeRatio": -0.0268236567,
    "eps": -0.0611,
    "epsdiluted": -0.0611,
    "weightedAverageShsOut": 274589000,
    "weightedAverageShsOutDil": 274589000,
    "link": "https://www.sec.gov/Archives/edgar/data/859737/000119312514178371/0001193125-14-178371-index.htm",
    "finalLink": "https://www.sec.gov/Archives/edgar/data/859737/000119312514178371/d707953d10q.htm"
  },
  {
    "date": "2013-12-28",
    "symbol": "HOLX",
    "reportedCurrency": "USD",
    "cik": "0000859737",
    "fillingDate": "2014-02-06",
    "acceptedDate": "2014-02-06 07:01:08",
    "calendarYear": "2014",
    "period": "Q1",
    "revenue": 612448000,
    "costOfRevenue": 306852000,
    "grossProfit": 305596000,
    "grossProfitRatio": 0.4989746068,
    "researchAndDevelopmentExpenses": 48669000,
    "generalAndAdministrativeExpenses": 67819000,
    "sellingAndMarketingExpenses": 83257000,
    "sellingGeneralAndAdministrativeExpenses": 151076000,
    "otherExpenses": 1526000,
    "operatingExpenses": 225961000,
    "costAndExpenses": 532813000,
    "interestIncome": 356000,
    "interestExpense": 61290000,
    "depreciationAndAmortization": 26216000,
    "ebitda": 187700000,
    "ebitdaratio": 0.3064749987,
    "operatingIncome": 61285000,
    "operatingIncomeRatio": 0.1000656382,
    "totalOtherIncomeExpensesNet": -62685000,
    "incomeBeforeTax": -1419000,
    "incomeBeforeTaxRatio": -0.0023169314,
    "incomeTaxExpense": 3932000,
    "netIncome": -5351000,
    "netIncomeRatio": -0.0087370683,
    "eps": -0.0202,
    "epsdiluted": -0.0196,
    "weightedAverageShsOut": 265000000,
    "weightedAverageShsOutDil": 272708000,
    "link": "https://www.sec.gov/Archives/edgar/data/859737/000119312514037832/0001193125-14-037832-index.htm",
    "finalLink": "https://www.sec.gov/Archives/edgar/data/859737/000119312514037832/d635391d10q.htm"
  },
  {
    "date": "2013-09-28",
    "symbol": "HOLX",
    "reportedCurrency": "USD",
    "cik": "0000859737",
    "fillingDate": "2013-11-26",
    "acceptedDate": "2013-11-26 06:43:20",
    "calendarYear": "2013",
    "period": "Q4",
    "revenue": 622118000,
    "costOfRevenue": 331487000,
    "grossProfit": 290631000,
    "grossProfitRatio": 0.4671637856,
    "researchAndDevelopmentExpenses": 48737000,
    "generalAndAdministrativeExpenses": 47991000,
    "sellingAndMarketingExpenses": 76758000,
    "sellingGeneralAndAdministrativeExpenses": 124749000,
    "otherExpenses": 2482000,
    "operatingExpenses": 200212000,
    "costAndExpenses": 531699000,
    "interestIncome": 531000,
    "interestExpense": 65783000,
    "depreciationAndAmortization": 132624000,
    "ebitda": -906530000,
    "ebitdaratio": -1.4571672898,
    "operatingIncome": -1036205000,
    "operatingIncomeRatio": -1.6656084537,
    "totalOtherIncomeExpensesNet": -1192837000,
    "incomeBeforeTax": -1104937000,
    "incomeBeforeTaxRatio": -1.7760891021,
    "incomeTaxExpense": 8965000,
    "netIncome": -1113902000,
    "netIncomeRatio": -1.7904995515,
    "eps": -4.11,
    "epsdiluted": -4.11,
    "weightedAverageShsOut": 270867000,
    "weightedAverageShsOutDil": 270900000,
    "link": "https://www.sec.gov/Archives/edgar/data/859737/000119312513453681/0001193125-13-453681-index.htm",
    "finalLink": "https://www.sec.gov/Archives/edgar/data/859737/000119312513453681/d592931d10k.htm"
  },
  {
    "date": "2013-06-29",
    "symbol": "HOLX",
    "reportedCurrency": "USD",
    "cik": "0000859737",
    "fillingDate": "2013-08-07",
    "acceptedDate": "2013-08-07 08:57:36",
    "calendarYear": "2013",
    "period": "Q3",
    "revenue": 626136000,
    "costOfRevenue": 316378000,
    "grossProfit": 309758000,
    "grossProfitRatio": 0.4947136085,
    "researchAndDevelopmentExpenses": 47779000,
    "generalAndAdministrativeExpenses": 60476000,
    "sellingAndMarketingExpenses": 82911000,
    "sellingGeneralAndAdministrativeExpenses": 143387000,
    "otherExpenses": -913000,
    "operatingExpenses": 219844000,
    "costAndExpenses": 536222000,
    "interestIncome": 304000,
    "interestExpense": 67162000,
    "depreciationAndAmortization": 28678000,
    "ebitda": 117679000,
    "ebitdaratio": 0.1879447915,
    "operatingIncome": 61152000,
    "operatingIncomeRatio": 0.0976656829,
    "totalOtherIncomeExpensesNet": -68152000,
    "incomeBeforeTax": -6923000,
    "incomeBeforeTaxRatio": -0.0110567033,
    "incomeTaxExpense": 4027000,
    "netIncome": -10950000,
    "netIncomeRatio": -0.0174882134,
    "eps": -0.0406,
    "epsdiluted": -0.0406,
    "weightedAverageShsOut": 269430000,
    "weightedAverageShsOutDil": 269430000,
    "link": "https://www.sec.gov/Archives/edgar/data/859737/000119312513323125/0001193125-13-323125-index.htm",
    "finalLink": "https://www.sec.gov/Archives/edgar/data/859737/000119312513323125/d550107d10q.htm"
  },
  {
    "date": "2013-03-30",
    "symbol": "HOLX",
    "reportedCurrency": "USD",
    "cik": "0000859737",
    "fillingDate": "2013-05-09",
    "acceptedDate": "2013-05-09 07:01:44",
    "calendarYear": "2013",
    "period": "Q2",
    "revenue": 612663000,
    "costOfRevenue": 333337000,
    "grossProfit": 279326000,
    "grossProfitRatio": 0.4559211181,
    "researchAndDevelopmentExpenses": 49621000,
    "generalAndAdministrativeExpenses": 64233000,
    "sellingAndMarketingExpenses": 88614000,
    "sellingGeneralAndAdministrativeExpenses": 152847000,
    "otherExpenses": 6000,
    "operatingExpenses": 231135000,
    "costAndExpenses": 564472000,
    "interestIncome": 207000,
    "interestExpense": 76049000,
    "depreciationAndAmortization": 28667000,
    "ebitda": 128577000,
    "ebitdaratio": 0.2098657827,
    "operatingIncome": 5542000,
    "operatingIncomeRatio": 0.009045756,
    "totalOtherIncomeExpensesNet": -79290000,
    "incomeBeforeTax": -73748000,
    "incomeBeforeTaxRatio": -0.120372864,
    "incomeTaxExpense": -22644000,
    "netIncome": -51104000,
    "netIncomeRatio": -0.083412904,
    "eps": -0.19,
    "epsdiluted": -0.19,
    "weightedAverageShsOut": 268175000,
    "weightedAverageShsOutDil": 268175000,
    "link": "https://www.sec.gov/Archives/edgar/data/859737/000119312513209018/0001193125-13-209018-index.htm",
    "finalLink": "https://www.sec.gov/Archives/edgar/data/859737/000119312513209018/d505396d10q.htm"
  },
  {
    "date": "2012-12-29",
    "symbol": "HOLX",
    "reportedCurrency": "USD",
    "cik": "0000859737",
    "fillingDate": "2013-02-07",
    "acceptedDate": "2013-02-07 08:03:36",
    "calendarYear": "2013",
    "period": "Q1",
    "revenue": 631362000,
    "costOfRevenue": 349689000,
    "grossProfit": 281673000,
    "grossProfitRatio": 0.4461354975,
    "researchAndDevelopmentExpenses": 51509000,
    "generalAndAdministrativeExpenses": 54391000,
    "sellingAndMarketingExpenses": 94443000,
    "sellingGeneralAndAdministrativeExpenses": 148834000,
    "otherExpenses": 1499000,
    "operatingExpenses": 228869000,
    "costAndExpenses": 578558000,
    "interestIncome": 260000,
    "interestExpense": 72081000,
    "depreciationAndAmortization": 28526000,
    "ebitda": 192883000,
    "ebitdaratio": 0.3055030236,
    "operatingIncome": 63229000,
    "operatingIncomeRatio": 0.1001469838,
    "totalOtherIncomeExpensesNet": -70582000,
    "incomeBeforeTax": -7353000,
    "incomeBeforeTaxRatio": -0.0116462505,
    "incomeTaxExpense": -10471000,
    "netIncome": 3118000,
    "netIncomeRatio": 0.0049385297,
    "eps": 0.01,
    "epsdiluted": 0.01,
    "weightedAverageShsOut": 266344000,
    "weightedAverageShsOutDil": 269379000,
    "link": "https://www.sec.gov/Archives/edgar/data/859737/000119312513042321/0001193125-13-042321-index.htm",
    "finalLink": "https://www.sec.gov/Archives/edgar/data/859737/000119312513042321/d440412d10q.htm"
  },
  {
    "date": "2012-09-29",
    "symbol": "HOLX",
    "reportedCurrency": "USD",
    "cik": "0000859737",
    "fillingDate": "2012-11-28",
    "acceptedDate": "2012-11-28 07:31:27",
    "calendarYear": "2012",
    "period": "Q4",
    "revenue": 588548000,
    "costOfRevenue": 314231000,
    "grossProfit": 274317000,
    "grossProfitRatio": 0.466091126,
    "researchAndDevelopmentExpenses": 47094000,
    "generalAndAdministrativeExpenses": 88723000,
    "sellingAndMarketingExpenses": 89947000,
    "sellingGeneralAndAdministrativeExpenses": 178670000,
    "otherExpenses": 2412000,
    "operatingExpenses": 250608000,
    "costAndExpenses": 564839000,
    "interestIncome": 393000,
    "interestExpense": 56673000,
    "depreciationAndAmortization": 24832000,
    "ebitda": 73357000,
    "ebitdaratio": 0.124640641,
    "operatingIncome": -43703000,
    "operatingIncomeRatio": -0.0742556257,
    "totalOtherIncomeExpensesNet": -54261000,
    "incomeBeforeTax": -97964000,
    "incomeBeforeTaxRatio": -0.166450315,
    "incomeTaxExpense": -20197000,
    "netIncome": -77767000,
    "netIncomeRatio": -0.1321336577,
    "eps": -0.3,
    "epsdiluted": -0.29,
    "weightedAverageShsOut": 259952065,
    "weightedAverageShsOutDil": 264938000,
    "link": "https://www.sec.gov/Archives/edgar/data/859737/000119312512482840/0001193125-12-482840-index.htm",
    "finalLink": "https://www.sec.gov/Archives/edgar/data/859737/000119312512482840/d393079d10k.htm"
  },
  {
    "date": "2012-06-23",
    "symbol": "HOLX",
    "reportedCurrency": "USD",
    "cik": "0000859737",
    "fillingDate": "2012-08-02",
    "acceptedDate": "2012-08-02 16:06:16",
    "calendarYear": "2012",
    "period": "Q3",
    "revenue": 470228000,
    "costOfRevenue": 225588000,
    "grossProfit": 244640000,
    "grossProfitRatio": 0.5202582577,
    "researchAndDevelopmentExpenses": 26229000,
    "generalAndAdministrativeExpenses": 43421000,
    "sellingAndMarketingExpenses": 76368000,
    "sellingGeneralAndAdministrativeExpenses": 119789000,
    "otherExpenses": 15869000,
    "operatingExpenses": 161887000,
    "costAndExpenses": 387475000,
    "interestIncome": 695000,
    "interestExpense": 25593000,
    "depreciationAndAmortization": 15733000,
    "ebitda": 157539000,
    "ebitdaratio": 0.335026838,
    "operatingIncome": 80527000,
    "operatingIncomeRatio": 0.1712509676,
    "totalOtherIncomeExpensesNet": -25520000,
    "incomeBeforeTax": 55007000,
    "incomeBeforeTaxRatio": 0.1169794227,
    "incomeTaxExpense": 31413000,
    "netIncome": 23594000,
    "netIncomeRatio": 0.0501756595,
    "eps": 0.09,
    "epsdiluted": 0.09,
    "weightedAverageShsOut": 264609000,
    "weightedAverageShsOutDil": 267294000,
    "link": "https://www.sec.gov/Archives/edgar/data/859737/000119312512331820/0001193125-12-331820-index.htm",
    "finalLink": "https://www.sec.gov/Archives/edgar/data/859737/000119312512331820/d351031d10q.htm"
  },
  {
    "date": "2012-03-24",
    "symbol": "HOLX",
    "reportedCurrency": "USD",
    "cik": "0000859737",
    "fillingDate": "2012-05-03",
    "acceptedDate": "2012-05-03 16:05:40",
    "calendarYear": "2012",
    "period": "Q2",
    "revenue": 471165000,
    "costOfRevenue": 245055000,
    "grossProfit": 226110000,
    "grossProfitRatio": 0.479895578,
    "researchAndDevelopmentExpenses": 29297000,
    "generalAndAdministrativeExpenses": 41403000,
    "sellingAndMarketingExpenses": 78539000,
    "sellingGeneralAndAdministrativeExpenses": 119942000,
    "otherExpenses": 17852000,
    "operatingExpenses": 167091000,
    "costAndExpenses": 412146000,
    "interestIncome": 590000,
    "interestExpense": 28512000,
    "depreciationAndAmortization": 16629000,
    "ebitda": 10134000,
    "ebitdaratio": 0.0215083888,
    "operatingIncome": 10134000,
    "operatingIncomeRatio": 0.0215083888,
    "totalOtherIncomeExpensesNet": -68742000,
    "incomeBeforeTax": -58608000,
    "incomeBeforeTaxRatio": -0.1243895451,
    "incomeTaxExpense": -18335000,
    "netIncome": -40273000,
    "netIncomeRatio": -0.0854753643,
    "eps": -0.15,
    "epsdiluted": -0.15,
    "weightedAverageShsOut": 263900000,
    "weightedAverageShsOutDil": 263900000,
    "link": "https://www.sec.gov/Archives/edgar/data/859737/000119312512208410/0001193125-12-208410-index.htm",
    "finalLink": "https://www.sec.gov/Archives/edgar/data/859737/000119312512208410/d302882d10q.htm"
  },
  {
    "date": "2011-12-24",
    "symbol": "HOLX",
    "reportedCurrency": "USD",
    "cik": "0000859737",
    "fillingDate": "2012-02-02",
    "acceptedDate": "2012-02-02 08:14:48",
    "calendarYear": "2012",
    "period": "Q1",
    "revenue": 472711000,
    "costOfRevenue": 223341000,
    "grossProfit": 249370000,
    "grossProfitRatio": 0.5275316208,
    "researchAndDevelopmentExpenses": 28342000,
    "generalAndAdministrativeExpenses": 46495000,
    "sellingAndMarketingExpenses": 77460000,
    "sellingGeneralAndAdministrativeExpenses": 123955000,
    "otherExpenses": 14751000,
    "operatingExpenses": 167048000,
    "costAndExpenses": 390389000,
    "interestIncome": 662000,
    "interestExpense": 29509000,
    "depreciationAndAmortization": 14842000,
    "ebitda": 110073000,
    "ebitdaratio": 0.2328547463,
    "operatingIncome": 66759000,
    "operatingIncomeRatio": 0.141225823,
    "totalOtherIncomeExpensesNet": -26855000,
    "incomeBeforeTax": 39904000,
    "incomeBeforeTaxRatio": 0.0844152135,
    "incomeTaxExpense": 19092000,
    "netIncome": 20812000,
    "netIncomeRatio": 0.0440269002,
    "eps": 0.08,
    "epsdiluted": 0.08,
    "weightedAverageShsOut": 262717000,
    "weightedAverageShsOutDil": 264958000,
    "link": "https://www.sec.gov/Archives/edgar/data/859737/000119312512035624/0001193125-12-035624-index.htm",
    "finalLink": "https://www.sec.gov/Archives/edgar/data/859737/000119312512035624/d263722d10q.htm"
  },
  {
    "date": "2011-09-24",
    "symbol": "HOLX",
    "reportedCurrency": "USD",
    "cik": "0000859737",
    "fillingDate": "2011-11-23",
    "acceptedDate": "2011-11-23 09:21:44",
    "calendarYear": "2011",
    "period": "Q4",
    "revenue": 467045000,
    "costOfRevenue": 223288000,
    "grossProfit": 243757000,
    "grossProfitRatio": 0.521913306,
    "researchAndDevelopmentExpenses": 28081000,
    "generalAndAdministrativeExpenses": 59621000,
    "sellingAndMarketingExpenses": 74477000,
    "sellingGeneralAndAdministrativeExpenses": 134098000,
    "otherExpenses": 7908000,
    "operatingExpenses": 170087000,
    "costAndExpenses": 393375000,
    "interestIncome": 508000,
    "interestExpense": 29079000,
    "depreciationAndAmortization": 78378000,
    "ebitda": 149063000,
    "ebitdaratio": 0.3191619651,
    "operatingIncome": 73421000,
    "operatingIncomeRatio": 0.1572032674,
    "totalOtherIncomeExpensesNet": -31815000,
    "incomeBeforeTax": 41606000,
    "incomeBeforeTaxRatio": 0.089083493,
    "incomeTaxExpense": 14037000,
    "netIncome": 27569000,
    "netIncomeRatio": 0.0590285733,
    "eps": 0.1,
    "epsdiluted": 0.1,
    "weightedAverageShsOut": 262164000,
    "weightedAverageShsOutDil": 264900000,
    "link": "https://www.sec.gov/Archives/edgar/data/859737/000119312511320641/0001193125-11-320641-index.htm",
    "finalLink": "https://www.sec.gov/Archives/edgar/data/859737/000119312511320641/d229330d10k.htm"
  },
  {
    "date": "2011-06-25",
    "symbol": "HOLX",
    "reportedCurrency": "USD",
    "cik": "0000859737",
    "fillingDate": "2011-08-04",
    "acceptedDate": "2011-08-04 16:38:28",
    "calendarYear": "2011",
    "period": "Q3",
    "revenue": 451082000,
    "costOfRevenue": 216800000,
    "grossProfit": 234282000,
    "grossProfitRatio": 0.5193778515,
    "researchAndDevelopmentExpenses": 29725000,
    "generalAndAdministrativeExpenses": 39811000,
    "sellingAndMarketingExpenses": 73293000,
    "sellingGeneralAndAdministrativeExpenses": 113104000,
    "otherExpenses": 14794000,
    "operatingExpenses": 157623000,
    "costAndExpenses": 374423000,
    "interestIncome": 485000,
    "interestExpense": 28673000,
    "depreciationAndAmortization": 14794000,
    "ebitda": 150250000,
    "ebitdaratio": 0.3330879973,
    "operatingIncome": 73916000,
    "operatingIncomeRatio": 0.1638637764,
    "totalOtherIncomeExpensesNet": -29492000,
    "incomeBeforeTax": 44424000,
    "incomeBeforeTaxRatio": 0.0984832026,
    "incomeTaxExpense": 8228000,
    "netIncome": 36196000,
    "netIncomeRatio": 0.0802426166,
    "eps": 0.14,
    "epsdiluted": 0.14,
    "weightedAverageShsOut": 261784000,
    "weightedAverageShsOutDil": 265167000,
    "link": "https://www.sec.gov/Archives/edgar/data/859737/000119312511210440/0001193125-11-210440-index.htm",
    "finalLink": "https://www.sec.gov/Archives/edgar/data/859737/000119312511210440/d10q.htm"
  },
  {
    "date": "2011-03-26",
    "symbol": "HOLX",
    "reportedCurrency": "USD",
    "cik": "0000859737",
    "fillingDate": "2011-05-05",
    "acceptedDate": "2011-05-05 08:00:37",
    "calendarYear": "2011",
    "period": "Q2",
    "revenue": 438651000,
    "costOfRevenue": 218243000,
    "grossProfit": 220408000,
    "grossProfitRatio": 0.5024677933,
    "researchAndDevelopmentExpenses": 30333000,
    "generalAndAdministrativeExpenses": 38859000,
    "sellingAndMarketingExpenses": 71049000,
    "sellingGeneralAndAdministrativeExpenses": 109908000,
    "otherExpenses": -75221000,
    "operatingExpenses": 65020000,
    "costAndExpenses": 283263000,
    "interestIncome": 460000,
    "interestExpense": 28185000,
    "depreciationAndAmortization": -39914000,
    "ebitda": 170400000,
    "ebitdaratio": 0.3884637217,
    "operatingIncome": 155388000,
    "operatingIncomeRatio": 0.354240615,
    "totalOtherIncomeExpensesNet": -26561000,
    "incomeBeforeTax": 128827000,
    "incomeBeforeTaxRatio": 0.2936890603,
    "incomeTaxExpense": 46382000,
    "netIncome": 82445000,
    "netIncomeRatio": 0.1879512414,
    "eps": 0.32,
    "epsdiluted": 0.31,
    "weightedAverageShsOut": 260825000,
    "weightedAverageShsOutDil": 264030000,
    "link": "https://www.sec.gov/Archives/edgar/data/859737/000119312511127369/0001193125-11-127369-index.htm",
    "finalLink": "https://www.sec.gov/Archives/edgar/data/859737/000119312511127369/d10q.htm"
  },
  {
    "date": "2010-12-25",
    "symbol": "HOLX",
    "reportedCurrency": "USD",
    "cik": "0000859737",
    "fillingDate": "2011-02-03",
    "acceptedDate": "2011-02-03 08:00:23",
    "calendarYear": "2011",
    "period": "Q1",
    "revenue": 432571000,
    "costOfRevenue": 207837000,
    "grossProfit": 224734000,
    "grossProfitRatio": 0.5195308978,
    "researchAndDevelopmentExpenses": 28557000,
    "generalAndAdministrativeExpenses": 41549000,
    "sellingAndMarketingExpenses": 67911000,
    "sellingGeneralAndAdministrativeExpenses": 109460000,
    "otherExpenses": 14496000,
    "operatingExpenses": 152513000,
    "costAndExpenses": 360350000,
    "interestIncome": 407000,
    "interestExpense": 28909000,
    "depreciationAndAmortization": 14496000,
    "ebitda": 114908000,
    "ebitdaratio": 0.2656396291,
    "operatingIncome": 71720000,
    "operatingIncomeRatio": 0.1657993717,
    "totalOtherIncomeExpensesNet": -59191000,
    "incomeBeforeTax": 12529000,
    "incomeBeforeTaxRatio": 0.0289640313,
    "incomeTaxExpense": 1589000,
    "netIncome": 10940000,
    "netIncomeRatio": 0.0252906459,
    "eps": 0.04,
    "epsdiluted": 0.04,
    "weightedAverageShsOut": 259624000,
    "weightedAverageShsOutDil": 263146000,
    "link": "https://www.sec.gov/Archives/edgar/data/859737/000119312511022569/0001193125-11-022569-index.htm",
    "finalLink": "https://www.sec.gov/Archives/edgar/data/859737/000119312511022569/d10q.htm"
  },
  {
    "date": "2010-09-25",
    "symbol": "HOLX",
    "reportedCurrency": "USD",
    "cik": "0000859737",
    "fillingDate": "2010-11-24",
    "acceptedDate": "2010-11-24 07:30:49",
    "calendarYear": "2010",
    "period": "Q4",
    "revenue": 428299000,
    "costOfRevenue": 331634000,
    "grossProfit": 96665000,
    "grossProfitRatio": 0.2256951335,
    "researchAndDevelopmentExpenses": 31591000,
    "generalAndAdministrativeExpenses": 32036000,
    "sellingAndMarketingExpenses": 61891000,
    "sellingGeneralAndAdministrativeExpenses": 93927000,
    "otherExpenses": 14129000,
    "operatingExpenses": 139647000,
    "costAndExpenses": 471281000,
    "interestIncome": 371000,
    "interestExpense": 29329000,
    "depreciationAndAmortization": 72443000,
    "ebitda": -70817000,
    "ebitdaratio": -0.1653447708,
    "operatingIncome": -142707000,
    "operatingIncomeRatio": -0.3331948008,
    "totalOtherIncomeExpensesNet": -29882000,
    "incomeBeforeTax": -172589000,
    "incomeBeforeTaxRatio": -0.4029638173,
    "incomeTaxExpense": -35615000,
    "netIncome": -136974000,
    "netIncomeRatio": -0.3198092921,
    "eps": -0.53,
    "epsdiluted": -0.53,
    "weightedAverageShsOut": 259187000,
    "weightedAverageShsOutDil": 259200000,
    "link": "https://www.sec.gov/Archives/edgar/data/859737/000119312510268147/0001193125-10-268147-index.htm",
    "finalLink": "https://www.sec.gov/Archives/edgar/data/859737/000119312510268147/d10k.htm"
  },
  {
    "date": "2010-06-26",
    "symbol": "HOLX",
    "reportedCurrency": "USD",
    "cik": "0000859737",
    "fillingDate": "2010-08-05",
    "acceptedDate": "2010-08-05 08:30:36",
    "calendarYear": "2010",
    "period": "Q3",
    "revenue": 420693000,
    "costOfRevenue": 210804000,
    "grossProfit": 209889000,
    "grossProfitRatio": 0.4989125086,
    "researchAndDevelopmentExpenses": 24218000,
    "generalAndAdministrativeExpenses": 33899000,
    "sellingAndMarketingExpenses": 59425000,
    "sellingGeneralAndAdministrativeExpenses": 93324000,
    "otherExpenses": 13573000,
    "operatingExpenses": 131115000,
    "costAndExpenses": 341919000,
    "interestIncome": 321000,
    "interestExpense": 33348000,
    "depreciationAndAmortization": 13573000,
    "ebitda": 268138000,
    "ebitdaratio": 0.6373721455,
    "operatingIncome": 78774000,
    "operatingIncomeRatio": 0.1872481834,
    "totalOtherIncomeExpensesNet": -33027000,
    "incomeBeforeTax": 45747000,
    "incomeBeforeTaxRatio": 0.1087420043,
    "incomeTaxExpense": 18299000,
    "netIncome": 27448000,
    "netIncomeRatio": 0.0652447272,
    "eps": 0.11,
    "epsdiluted": 0.1,
    "weightedAverageShsOut": 259107000,
    "weightedAverageShsOutDil": 262106000,
    "link": "https://www.sec.gov/Archives/edgar/data/859737/000119312510178334/0001193125-10-178334-index.htm",
    "finalLink": "https://www.sec.gov/Archives/edgar/data/859737/000119312510178334/d10q.htm"
  },
  {
    "date": "2010-03-27",
    "symbol": "HOLX",
    "reportedCurrency": "USD",
    "cik": "0000859737",
    "fillingDate": "2010-05-06",
    "acceptedDate": "2010-05-06 08:58:42",
    "calendarYear": "2010",
    "period": "Q2",
    "revenue": 418112000,
    "costOfRevenue": 204473000,
    "grossProfit": 213639000,
    "grossProfitRatio": 0.5109611779,
    "researchAndDevelopmentExpenses": 25298000,
    "generalAndAdministrativeExpenses": 51193000,
    "sellingAndMarketingExpenses": 61461000,
    "sellingGeneralAndAdministrativeExpenses": 112654000,
    "otherExpenses": 13577000,
    "operatingExpenses": 151529000,
    "costAndExpenses": 356002000,
    "interestIncome": 401000,
    "interestExpense": 31544000,
    "depreciationAndAmortization": 13577000,
    "ebitda": 76656000,
    "ebitdaratio": 0.1833384356,
    "operatingIncome": 61901000,
    "operatingIncomeRatio": 0.1480488482,
    "totalOtherIncomeExpensesNet": -31143000,
    "incomeBeforeTax": 30758000,
    "incomeBeforeTaxRatio": 0.0735640211,
    "incomeTaxExpense": 10140000,
    "netIncome": 20618000,
    "netIncomeRatio": 0.049312146,
    "eps": 0.08,
    "epsdiluted": 0.08,
    "weightedAverageShsOut": 258653000,
    "weightedAverageShsOutDil": 261478000,
    "link": "https://www.sec.gov/Archives/edgar/data/859737/000119312510109976/0001193125-10-109976-index.htm",
    "finalLink": "https://www.sec.gov/Archives/edgar/data/859737/000119312510109976/d10q.htm"
  },
  {
    "date": "2009-12-26",
    "symbol": "HOLX",
    "reportedCurrency": "USD",
    "cik": "0000859737",
    "fillingDate": "2010-02-04",
    "acceptedDate": "2010-02-04 09:24:50",
    "calendarYear": "2010",
    "period": "Q1",
    "revenue": 412448000,
    "costOfRevenue": 196003000,
    "grossProfit": 216445000,
    "grossProfitRatio": 0.5247813058,
    "researchAndDevelopmentExpenses": 23198000,
    "generalAndAdministrativeExpenses": 42615000,
    "sellingAndMarketingExpenses": 64597000,
    "sellingGeneralAndAdministrativeExpenses": 107212000,
    "otherExpenses": 13579000,
    "operatingExpenses": 143989000,
    "costAndExpenses": 339992000,
    "interestIncome": 185000,
    "interestExpense": 31061000,
    "depreciationAndAmortization": 13579000,
    "ebitda": 146888000,
    "ebitdaratio": 0.3561370161,
    "operatingIncome": 71969000,
    "operatingIncomeRatio": 0.1744922996,
    "totalOtherIncomeExpensesNet": -30876000,
    "incomeBeforeTax": 41093000,
    "incomeBeforeTaxRatio": 0.0996319536,
    "incomeTaxExpense": 14998000,
    "netIncome": 26095000,
    "netIncomeRatio": 0.0632685817,
    "eps": 0.1,
    "epsdiluted": 0.1,
    "weightedAverageShsOut": 258024000,
    "weightedAverageShsOutDil": 260804000,
    "link": "https://www.sec.gov/Archives/edgar/data/859737/000119312510021684/0001193125-10-021684-index.htm",
    "finalLink": "https://www.sec.gov/Archives/edgar/data/859737/000119312510021684/d10q.htm"
  },
  {
    "date": "2009-09-26",
    "symbol": "HOLX",
    "reportedCurrency": "USD",
    "cik": "0000859737",
    "fillingDate": "2009-11-24",
    "acceptedDate": "2009-11-24 16:06:57",
    "calendarYear": "2009",
    "period": "Q4",
    "revenue": 402767000,
    "costOfRevenue": 195959000,
    "grossProfit": 206808000,
    "grossProfitRatio": 0.5134680845,
    "researchAndDevelopmentExpenses": 22700000,
    "generalAndAdministrativeExpenses": 38171000,
    "sellingAndMarketingExpenses": 56575000,
    "sellingGeneralAndAdministrativeExpenses": 94746000,
    "otherExpenses": 12854000,
    "operatingExpenses": 130300000,
    "costAndExpenses": 326259000,
    "interestIncome": 162000,
    "interestExpense": 16445000,
    "depreciationAndAmortization": 70638000,
    "ebitda": 147336000,
    "ebitdaratio": 0.3658095127,
    "operatingIncome": 75711000,
    "operatingIncomeRatio": 0.1879771679,
    "totalOtherIncomeExpensesNet": -15458000,
    "incomeBeforeTax": 60253000,
    "incomeBeforeTaxRatio": 0.1495976582,
    "incomeTaxExpense": 25313000,
    "netIncome": 34940000,
    "netIncomeRatio": 0.0867499075,
    "eps": 0.0947,
    "epsdiluted": 0.0947,
    "weightedAverageShsOut": 257037000,
    "weightedAverageShsOutDil": 259900000,
    "link": "https://www.sec.gov/Archives/edgar/data/859737/000119312509241357/0001193125-09-241357-index.htm",
    "finalLink": "https://www.sec.gov/Archives/edgar/data/859737/000119312509241357/d10k.htm"
  },
  {
    "date": "2009-06-27",
    "symbol": "HOLX",
    "reportedCurrency": "USD",
    "cik": "0000859737",
    "fillingDate": "2009-08-06",
    "acceptedDate": "2009-08-06 14:03:09",
    "calendarYear": "2009",
    "period": "Q3",
    "revenue": 403120000,
    "costOfRevenue": 191975000,
    "grossProfit": 211145000,
    "grossProfitRatio": 0.5237770391,
    "researchAndDevelopmentExpenses": 23407000,
    "generalAndAdministrativeExpenses": 37039000,
    "sellingAndMarketingExpenses": 58928000,
    "sellingGeneralAndAdministrativeExpenses": 95967000,
    "otherExpenses": 13025000,
    "operatingExpenses": 132399000,
    "costAndExpenses": 324374000,
    "interestIncome": 206000,
    "interestExpense": 18282000,
    "depreciationAndAmortization": 13025000,
    "ebitda": 91977000,
    "ebitdaratio": 0.2281628299,
    "operatingIncome": 78746000,
    "operatingIncomeRatio": 0.1953413376,
    "totalOtherIncomeExpensesNet": -34679000,
    "incomeBeforeTax": 60670000,
    "incomeBeforeTaxRatio": 0.1505010915,
    "incomeTaxExpense": 19670000,
    "netIncome": 30751000,
    "netIncomeRatio": 0.0762824965,
    "eps": 0.12,
    "epsdiluted": 0.12,
    "weightedAverageShsOut": 256556000,
    "weightedAverageShsOutDil": 258908000,
    "link": "https://www.sec.gov/Archives/edgar/data/859737/000119312509166920/0001193125-09-166920-index.htm",
    "finalLink": "https://www.sec.gov/Archives/edgar/data/859737/000119312509166920/d10q.htm"
  },
  {
    "date": "2009-03-28",
    "symbol": "HOLX",
    "reportedCurrency": "USD",
    "cik": "0000859737",
    "fillingDate": "2009-05-07",
    "acceptedDate": "2009-05-07 15:08:26",
    "calendarYear": "2009",
    "period": "Q2",
    "revenue": 402014000,
    "costOfRevenue": 191753000,
    "grossProfit": 210261000,
    "grossProfitRatio": 0.5230190988,
    "researchAndDevelopmentExpenses": 24428000,
    "generalAndAdministrativeExpenses": 38810000,
    "sellingAndMarketingExpenses": 59159000,
    "sellingGeneralAndAdministrativeExpenses": 97969000,
    "otherExpenses": 12693000,
    "operatingExpenses": 135090000,
    "costAndExpenses": 326843000,
    "interestIncome": 347000,
    "interestExpense": 17095000,
    "depreciationAndAmortization": 66049000,
    "ebitda": -2199130000,
    "ebitdaratio": -5.4702821295,
    "operatingIncome": -2264852000,
    "operatingIncomeRatio": -5.6337639983,
    "totalOtherIncomeExpensesNet": -33539000,
    "incomeBeforeTax": -2282274000,
    "incomeBeforeTaxRatio": -5.6771007975,
    "incomeTaxExpense": 17896000,
    "netIncome": -2300170000,
    "netIncomeRatio": -5.7216166601,
    "eps": -8.97,
    "epsdiluted": -8.97,
    "weightedAverageShsOut": 256374000,
    "weightedAverageShsOutDil": 256374000,
    "link": "https://www.sec.gov/Archives/edgar/data/859737/000119312509103204/0001193125-09-103204-index.htm",
    "finalLink": "https://www.sec.gov/Archives/edgar/data/859737/000119312509103204/d10q.htm"
  },
  {
    "date": "2008-12-27",
    "symbol": "HOLX",
    "reportedCurrency": "USD",
    "cik": "0000859737",
    "fillingDate": "2009-02-05",
    "acceptedDate": "2009-02-05 16:33:59",
    "calendarYear": "2009",
    "period": "Q1",
    "revenue": 429233000,
    "costOfRevenue": 198568000,
    "grossProfit": 230665000,
    "grossProfitRatio": 0.5373887842,
    "researchAndDevelopmentExpenses": 23793000,
    "generalAndAdministrativeExpenses": 34805000,
    "sellingAndMarketingExpenses": 65708000,
    "sellingGeneralAndAdministrativeExpenses": 100513000,
    "otherExpenses": 12638000,
    "operatingExpenses": 136944000,
    "costAndExpenses": 335512000,
    "interestIncome": 446000,
    "interestExpense": 24126000,
    "depreciationAndAmortization": 66181000,
    "ebitda": 157267000,
    "ebitdaratio": 0.3663907481,
    "operatingIncome": 93721000,
    "operatingIncomeRatio": 0.218345281,
    "totalOtherIncomeExpensesNet": -36977000,
    "incomeBeforeTax": 72676000,
    "incomeBeforeTaxRatio": 0.1693159659,
    "incomeTaxExpense": 24683000,
    "netIncome": 38158000,
    "netIncomeRatio": 0.0888981043,
    "eps": 0.15,
    "epsdiluted": 0.15,
    "weightedAverageShsOut": 256212000,
    "weightedAverageShsOutDil": 258433000,
    "link": "https://www.sec.gov/Archives/edgar/data/859737/000119312509020071/0001193125-09-020071-index.htm",
    "finalLink": "https://www.sec.gov/Archives/edgar/data/859737/000119312509020071/d10q.htm"
  },
  {
    "date": "2008-09-27",
    "symbol": "HOLX",
    "reportedCurrency": "USD",
    "cik": "0000859737",
    "fillingDate": "2008-11-26",
    "acceptedDate": "2008-11-26 15:49:51",
    "calendarYear": "2008",
    "period": "Q4",
    "revenue": 442513000,
    "costOfRevenue": 202231000,
    "grossProfit": 240282000,
    "grossProfitRatio": 0.5429942171,
    "researchAndDevelopmentExpenses": 20944000,
    "generalAndAdministrativeExpenses": 38296000,
    "sellingAndMarketingExpenses": 67793000,
    "sellingGeneralAndAdministrativeExpenses": 106087000,
    "otherExpenses": 6542000,
    "operatingExpenses": 133573000,
    "costAndExpenses": 335804000,
    "interestIncome": 800000,
    "interestExpense": 413071000,
    "depreciationAndAmortization": 45972000,
    "ebitda": 152681000,
    "ebitdaratio": 0.3450316714,
    "operatingIncome": -88491000,
    "operatingIncomeRatio": -0.1999737861,
    "totalOtherIncomeExpensesNet": -20841000,
    "incomeBeforeTax": -109332000,
    "incomeBeforeTaxRatio": -0.2470707075,
    "incomeTaxExpense": 35041000,
    "netIncome": -144373000,
    "netIncomeRatio": -0.3262570817,
    "eps": -0.56,
    "epsdiluted": -0.56,
    "weightedAverageShsOut": 256060000,
    "weightedAverageShsOutDil": 256100000,
    "link": "https://www.sec.gov/Archives/edgar/data/859737/000119312508244529/0001193125-08-244529-index.htm",
    "finalLink": "https://www.sec.gov/Archives/edgar/data/859737/000119312508244529/d10k.htm"
  },
  {
    "date": "2008-06-28",
    "symbol": "HOLX",
    "reportedCurrency": "USD",
    "cik": "0000859737",
    "fillingDate": "2008-08-07",
    "acceptedDate": "2008-08-07 16:16:15",
    "calendarYear": "2008",
    "period": "Q3",
    "revenue": 429492000,
    "costOfRevenue": 184729000,
    "grossProfit": 244763000,
    "grossProfitRatio": 0.5698895439,
    "researchAndDevelopmentExpenses": 20966000,
    "generalAndAdministrativeExpenses": 35043000,
    "sellingAndMarketingExpenses": 68483000,
    "sellingGeneralAndAdministrativeExpenses": 103526000,
    "otherExpenses": 6267000,
    "operatingExpenses": 130759000,
    "costAndExpenses": 315488000,
    "interestIncome": 604000,
    "interestExpense": 24689000,
    "depreciationAndAmortization": 45111000,
    "ebitda": 154124000,
    "ebitdaratio": 0.3588518529,
    "operatingIncome": 107621000,
    "operatingIncomeRatio": 0.2505774264,
    "totalOtherIncomeExpensesNet": -12711000,
    "incomeBeforeTax": 94910000,
    "incomeBeforeTaxRatio": 0.2209819973,
    "incomeTaxExpense": 33531000,
    "netIncome": 61379000,
    "netIncomeRatio": 0.1429106945,
    "eps": 0.24,
    "epsdiluted": 0.24,
    "weightedAverageShsOut": 255676000,
    "weightedAverageShsOutDil": 259390000,
    "link": "https://www.sec.gov/Archives/edgar/data/859737/000119312508170103/0001193125-08-170103-index.htm",
    "finalLink": "https://www.sec.gov/Archives/edgar/data/859737/000119312508170103/d10q.htm"
  },
  {
    "date": "2008-03-29",
    "symbol": "HOLX",
    "reportedCurrency": "USD",
    "cik": "0000859737",
    "fillingDate": "2008-05-08",
    "acceptedDate": "2008-05-08 17:19:00",
    "calendarYear": "2008",
    "period": "Q2",
    "revenue": 431048000,
    "costOfRevenue": 191410000,
    "grossProfit": 239638000,
    "grossProfitRatio": 0.5559427256,
    "researchAndDevelopmentExpenses": 19364000,
    "generalAndAdministrativeExpenses": 39732000,
    "sellingAndMarketingExpenses": 68262000,
    "sellingGeneralAndAdministrativeExpenses": 107994000,
    "otherExpenses": 6169000,
    "operatingExpenses": 133527000,
    "costAndExpenses": 324937000,
    "interestIncome": 871000,
    "interestExpense": 18786000,
    "depreciationAndAmortization": 45304000,
    "ebitda": 152127000,
    "ebitdaratio": 0.3529235723,
    "operatingIncome": 106111000,
    "operatingIncomeRatio": 0.2461698001,
    "totalOtherIncomeExpensesNet": -18627000,
    "incomeBeforeTax": 87484000,
    "incomeBeforeTaxRatio": 0.2029565153,
    "incomeTaxExpense": 31498000,
    "netIncome": 55986000,
    "netIncomeRatio": 0.1298834469,
    "eps": 0.22,
    "epsdiluted": 0.22,
    "weightedAverageShsOut": 255253000,
    "weightedAverageShsOutDil": 259798000,
    "link": "https://www.sec.gov/Archives/edgar/data/859737/000119312508108047/0001193125-08-108047-index.htm",
    "finalLink": "https://www.sec.gov/Archives/edgar/data/859737/000119312508108047/d10q.htm"
  },
  {
    "date": "2007-12-29",
    "symbol": "HOLX",
    "reportedCurrency": "USD",
    "cik": "0000859737",
    "fillingDate": "2008-02-07",
    "acceptedDate": "2008-02-07 17:27:27",
    "calendarYear": "2008",
    "period": "Q1",
    "revenue": 371445000,
    "costOfRevenue": 203610000,
    "grossProfit": 167835000,
    "grossProfitRatio": 0.4518434762,
    "researchAndDevelopmentExpenses": 20147000,
    "generalAndAdministrativeExpenses": 34334000,
    "sellingAndMarketingExpenses": 56986000,
    "sellingGeneralAndAdministrativeExpenses": 91320000,
    "otherExpenses": 9149000,
    "operatingExpenses": 120616000,
    "costAndExpenses": 324226000,
    "interestIncome": 2253000,
    "interestExpense": 772337000,
    "depreciationAndAmortization": 36563000,
    "ebitda": 83782000,
    "ebitdaratio": 0.2255569465,
    "operatingIncome": -322781000,
    "operatingIncomeRatio": -0.8689873333,
    "totalOtherIncomeExpensesNet": -29422000,
    "incomeBeforeTax": -352202000,
    "incomeBeforeTaxRatio": -0.9481942145,
    "incomeTaxExpense": 6405000,
    "netIncome": -358608000,
    "netIncomeRatio": -0.9654403748,
    "eps": -1.65,
    "epsdiluted": -1.65,
    "weightedAverageShsOut": 216882000,
    "weightedAverageShsOutDil": 216882000,
    "link": "https://www.sec.gov/Archives/edgar/data/859737/000119312508023131/0001193125-08-023131-index.htm",
    "finalLink": "https://www.sec.gov/Archives/edgar/data/859737/000119312508023131/d10q.htm"
  },
  {
    "date": "2007-09-29",
    "symbol": "HOLX",
    "reportedCurrency": "USD",
    "cik": "0000859737",
    "fillingDate": "2007-11-27",
    "acceptedDate": "2007-11-27 15:43:12",
    "calendarYear": "2007",
    "period": "Q4",
    "revenue": 202564000,
    "costOfRevenue": 105015000,
    "grossProfit": 97549000,
    "grossProfitRatio": 0.4815712565,
    "researchAndDevelopmentExpenses": 11263000,
    "generalAndAdministrativeExpenses": 0,
    "sellingAndMarketingExpenses": 0,
    "sellingGeneralAndAdministrativeExpenses": 38349000,
    "otherExpenses": 1439000,
    "operatingExpenses": 51051000,
    "costAndExpenses": 156066000,
    "interestIncome": 0,
    "interestExpense": 0,
    "depreciationAndAmortization": 7891000,
    "ebitda": 54389000,
    "ebitdaratio": 0.2685027942,
    "operatingIncome": 46498000,
    "operatingIncomeRatio": 0.2295472048,
    "totalOtherIncomeExpensesNet": 1233000,
    "incomeBeforeTax": 47731000,
    "incomeBeforeTaxRatio": 0.2356341699,
    "incomeTaxExpense": 15621000,
    "netIncome": 32110000,
    "netIncomeRatio": 0.1585178018,
    "eps": 0.29,
    "epsdiluted": 0.29,
    "weightedAverageShsOut": 108016000,
    "weightedAverageShsOutDil": 110300000,
    "link": "https://www.sec.gov/Archives/edgar/data/859737/000119312507253993/0001193125-07-253993-index.htm",
    "finalLink": "https://www.sec.gov/Archives/edgar/data/859737/000119312507253993/d10k.htm"
  },
  {
    "date": "2007-06-30",
    "symbol": "HOLX",
    "reportedCurrency": "USD",
    "cik": "0000859737",
    "fillingDate": "2007-08-08",
    "acceptedDate": "2007-08-08 16:09:05",
    "calendarYear": "2007",
    "period": "Q3",
    "revenue": 191505000,
    "costOfRevenue": 101392000,
    "grossProfit": 90113000,
    "grossProfitRatio": 0.4705516827,
    "researchAndDevelopmentExpenses": 11413000,
    "generalAndAdministrativeExpenses": 16318000,
    "sellingAndMarketingExpenses": 21067000,
    "sellingGeneralAndAdministrativeExpenses": 37385000,
    "otherExpenses": 1383000,
    "operatingExpenses": 50181000,
    "costAndExpenses": 151573000,
    "interestIncome": 0,
    "interestExpense": 0,
    "depreciationAndAmortization": 7621000,
    "ebitda": 39932000,
    "ebitdaratio": 0.2085167489,
    "operatingIncome": 39932000,
    "operatingIncomeRatio": 0.2085167489,
    "totalOtherIncomeExpensesNet": 606000,
    "incomeBeforeTax": 40538000,
    "incomeBeforeTaxRatio": 0.2116811571,
    "incomeTaxExpense": 15790000,
    "netIncome": 24748000,
    "netIncomeRatio": 0.1292290019,
    "eps": 0.23,
    "epsdiluted": 0.23,
    "weightedAverageShsOut": 107624000,
    "weightedAverageShsOutDil": 110018000,
    "link": "https://www.sec.gov/Archives/edgar/data/859737/000119312507175561/0001193125-07-175561-index.htm",
    "finalLink": "https://www.sec.gov/Archives/edgar/data/859737/000119312507175561/d10q.htm"
  },
  {
    "date": "2007-03-31",
    "symbol": "HOLX",
    "reportedCurrency": "USD",
    "cik": "0000859737",
    "fillingDate": "2007-05-08",
    "acceptedDate": "2007-05-08 16:48:33",
    "calendarYear": "2007",
    "period": "Q2",
    "revenue": 181086000,
    "costOfRevenue": 97538000,
    "grossProfit": 83548000,
    "grossProfitRatio": 0.4613719448,
    "researchAndDevelopmentExpenses": 10991000,
    "generalAndAdministrativeExpenses": 0,
    "sellingAndMarketingExpenses": 0,
    "sellingGeneralAndAdministrativeExpenses": 36399000,
    "otherExpenses": 1354000,
    "operatingExpenses": 48744000,
    "costAndExpenses": 146282000,
    "interestIncome": 0,
    "interestExpense": 520000,
    "depreciationAndAmortization": 7419000,
    "ebitda": 42223000,
    "ebitdaratio": 0.2331654573,
    "operatingIncome": 34804000,
    "operatingIncomeRatio": 0.1921959732,
    "totalOtherIncomeExpensesNet": -520000,
    "incomeBeforeTax": 34284000,
    "incomeBeforeTaxRatio": 0.1893244094,
    "incomeTaxExpense": 12650000,
    "netIncome": 21634000,
    "netIncomeRatio": 0.119468098,
    "eps": 0.21,
    "epsdiluted": 0.2,
    "weightedAverageShsOut": 106620000,
    "weightedAverageShsOutDil": 109526000,
    "link": "https://www.sec.gov/Archives/edgar/data/859737/000119312507106160/0001193125-07-106160-index.htm",
    "finalLink": "https://www.sec.gov/Archives/edgar/data/859737/000119312507106160/d10q.htm"
  },
  {
    "date": "2006-12-30",
    "symbol": "HOLX",
    "reportedCurrency": "USD",
    "cik": "0000859737",
    "fillingDate": "2007-02-08",
    "acceptedDate": "2007-02-08 16:19:29",
    "calendarYear": "2007",
    "period": "Q1",
    "revenue": 163212000,
    "costOfRevenue": 88857000,
    "grossProfit": 74355000,
    "grossProfitRatio": 0.4555731196,
    "researchAndDevelopmentExpenses": 10816000,
    "generalAndAdministrativeExpenses": 14731000,
    "sellingAndMarketingExpenses": 20883000,
    "sellingGeneralAndAdministrativeExpenses": 35614000,
    "otherExpenses": 1408000,
    "operatingExpenses": 47838000,
    "costAndExpenses": 136695000,
    "interestIncome": 261000,
    "interestExpense": 581000,
    "depreciationAndAmortization": 8231000,
    "ebitda": 26517000,
    "ebitdaratio": 0.1624696713,
    "operatingIncome": 26517000,
    "operatingIncomeRatio": 0.1624696713,
    "totalOtherIncomeExpensesNet": -581000,
    "incomeBeforeTax": 25936000,
    "incomeBeforeTaxRatio": 0.1589098841,
    "incomeTaxExpense": 9850000,
    "netIncome": 16086000,
    "netIncomeRatio": 0.0985589295,
    "eps": 0.16,
    "epsdiluted": 0.15,
    "weightedAverageShsOut": 105234000,
    "weightedAverageShsOutDil": 108788000,
    "link": "https://www.sec.gov/Archives/edgar/data/859737/000119312507024190/0001193125-07-024190-index.htm",
    "finalLink": "https://www.sec.gov/Archives/edgar/data/859737/000119312507024190/d10q.htm"
  },
  {
    "date": "2006-09-30",
    "symbol": "HOLX",
    "reportedCurrency": "USD",
    "cik": "0000859737",
    "fillingDate": "2006-12-14",
    "acceptedDate": "2006-12-14 16:04:57",
    "calendarYear": "2006",
    "period": "Q4",
    "revenue": 154055000,
    "costOfRevenue": 91015000,
    "grossProfit": 63040000,
    "grossProfitRatio": 0.4092045049,
    "researchAndDevelopmentExpenses": 3776000,
    "generalAndAdministrativeExpenses": 14712000,
    "sellingAndMarketingExpenses": 20554000,
    "sellingGeneralAndAdministrativeExpenses": 35266000,
    "otherExpenses": -3462000,
    "operatingExpenses": 35580000,
    "costAndExpenses": 126595000,
    "interestIncome": 628000,
    "interestExpense": 19934000,
    "depreciationAndAmortization": 7655000,
    "ebitda": 35115000,
    "ebitdaratio": 0.2279380741,
    "operatingIncome": 7560000,
    "operatingIncomeRatio": 0.0490733829,
    "totalOtherIncomeExpensesNet": -34000,
    "incomeBeforeTax": 7526000,
    "incomeBeforeTaxRatio": 0.0488526825,
    "incomeTaxExpense": 9000000,
    "netIncome": -1474000,
    "netIncomeRatio": -0.0095680114,
    "eps": -0.0135,
    "epsdiluted": -0.0135,
    "weightedAverageShsOut": 108800000,
    "weightedAverageShsOutDil": 108800000,
    "link": "https://www.sec.gov/Archives/edgar/data/859737/000119312506253369/0001193125-06-253369-index.htm",
    "finalLink": "https://www.sec.gov/Archives/edgar/data/859737/000119312506253369/d10k.htm"
  },
  {
    "date": "2006-06-24",
    "symbol": "HOLX",
    "reportedCurrency": "USD",
    "cik": "0000859737",
    "fillingDate": "2006-08-03",
    "acceptedDate": "2006-08-03 16:54:39",
    "calendarYear": "2006",
    "period": "Q3",
    "revenue": 119685000,
    "costOfRevenue": 69296000,
    "grossProfit": 50389000,
    "grossProfitRatio": 0.4210134938,
    "researchAndDevelopmentExpenses": 7561000,
    "generalAndAdministrativeExpenses": 11107000,
    "sellingAndMarketingExpenses": 13141000,
    "sellingGeneralAndAdministrativeExpenses": 24248000,
    "otherExpenses": 0,
    "operatingExpenses": 31809000,
    "costAndExpenses": 101105000,
    "interestIncome": 0,
    "interestExpense": 0,
    "depreciationAndAmortization": 3217000,
    "ebitda": 18580000,
    "ebitdaratio": 0.1552408405,
    "operatingIncome": 18580000,
    "operatingIncomeRatio": 0.1552408405,
    "totalOtherIncomeExpensesNet": 637000,
    "incomeBeforeTax": 19217000,
    "incomeBeforeTaxRatio": 0.1605631449,
    "incomeTaxExpense": 7200000,
    "netIncome": 12017000,
    "netIncomeRatio": 0.1004052304,
    "eps": 0.13,
    "epsdiluted": 0.13,
    "weightedAverageShsOut": 91152000,
    "weightedAverageShsOutDil": 95032000,
    "link": "https://www.sec.gov/Archives/edgar/data/859737/000119312506161014/0001193125-06-161014-index.htm",
    "finalLink": "https://www.sec.gov/Archives/edgar/data/859737/000119312506161014/d10q.htm"
  },
  {
    "date": "2006-03-25",
    "symbol": "HOLX",
    "reportedCurrency": "USD",
    "cik": "0000859737",
    "fillingDate": "2006-05-04",
    "acceptedDate": "2006-05-04 16:55:32",
    "calendarYear": "2006",
    "period": "Q2",
    "revenue": 100985000,
    "costOfRevenue": 57864000,
    "grossProfit": 43121000,
    "grossProfitRatio": 0.4270040105,
    "researchAndDevelopmentExpenses": 6787000,
    "generalAndAdministrativeExpenses": 8869000,
    "sellingAndMarketingExpenses": 11073000,
    "sellingGeneralAndAdministrativeExpenses": 19942000,
    "otherExpenses": 0,
    "operatingExpenses": 26729000,
    "costAndExpenses": 84593000,
    "interestIncome": 0,
    "interestExpense": 0,
    "depreciationAndAmortization": 2682000,
    "ebitda": 16392000,
    "ebitdaratio": 0.1623211368,
    "operatingIncome": 16392000,
    "operatingIncomeRatio": 0.1623211368,
    "totalOtherIncomeExpensesNet": 1022000,
    "incomeBeforeTax": 17414000,
    "incomeBeforeTaxRatio": 0.1724414517,
    "incomeTaxExpense": 6250000,
    "netIncome": 11164000,
    "netIncomeRatio": 0.1105510719,
    "eps": 0.13,
    "epsdiluted": 0.12,
    "weightedAverageShsOut": 90378000,
    "weightedAverageShsOutDil": 94690000,
    "link": "https://www.sec.gov/Archives/edgar/data/859737/000119312506100450/0001193125-06-100450-index.htm",
    "finalLink": "https://www.sec.gov/Archives/edgar/data/859737/000119312506100450/d10q.htm"
  },
  {
    "date": "2005-12-24",
    "symbol": "HOLX",
    "reportedCurrency": "USD",
    "cik": "0000859737",
    "fillingDate": "2006-02-02",
    "acceptedDate": "2006-02-02 14:13:48",
    "calendarYear": "2006",
    "period": "Q1",
    "revenue": 87956000,
    "costOfRevenue": 50974000,
    "grossProfit": 36982000,
    "grossProfitRatio": 0.4204602301,
    "researchAndDevelopmentExpenses": 5971000,
    "generalAndAdministrativeExpenses": 7863000,
    "sellingAndMarketingExpenses": 11142000,
    "sellingGeneralAndAdministrativeExpenses": 19005000,
    "otherExpenses": 0,
    "operatingExpenses": 24976000,
    "costAndExpenses": 75950000,
    "interestIncome": 1295000,
    "interestExpense": 7140000,
    "depreciationAndAmortization": 2579000,
    "ebitda": 14585000,
    "ebitdaratio": 0.1658215471,
    "operatingIncome": 7806000,
    "operatingIncomeRatio": 0.0887489199,
    "totalOtherIncomeExpensesNet": 1260000,
    "incomeBeforeTax": 9066000,
    "incomeBeforeTaxRatio": 0.1030742644,
    "incomeTaxExpense": 3350000,
    "netIncome": 5716000,
    "netIncomeRatio": 0.064987039,
    "eps": 0.065,
    "epsdiluted": 0.06,
    "weightedAverageShsOut": 88702000,
    "weightedAverageShsOutDil": 93602000,
    "link": "https://www.sec.gov/Archives/edgar/data/859737/000119312506018297/0001193125-06-018297-index.htm",
    "finalLink": "https://www.sec.gov/Archives/edgar/data/859737/000119312506018297/d10q.htm"
  },
  {
    "date": "2005-09-24",
    "symbol": "HOLX",
    "reportedCurrency": "USD",
    "cik": "0000859737",
    "fillingDate": "2005-12-06",
    "acceptedDate": "2005-12-06 09:02:42",
    "calendarYear": "2005",
    "period": "Q4",
    "revenue": 78218000,
    "costOfRevenue": 46264000,
    "grossProfit": 31954000,
    "grossProfitRatio": 0.408524892,
    "researchAndDevelopmentExpenses": 4325000,
    "generalAndAdministrativeExpenses": 27578000,
    "sellingAndMarketingExpenses": 34199000,
    "sellingGeneralAndAdministrativeExpenses": 16220000,
    "otherExpenses": 0,
    "operatingExpenses": 20545000,
    "costAndExpenses": 66809000,
    "interestIncome": 0,
    "interestExpense": 0,
    "depreciationAndAmortization": 1934000,
    "ebitda": 13343000,
    "ebitdaratio": 0.1705873328,
    "operatingIncome": 11409000,
    "operatingIncomeRatio": 0.1458615664,
    "totalOtherIncomeExpensesNet": 706000,
    "incomeBeforeTax": 12115000,
    "incomeBeforeTaxRatio": 0.1548876218,
    "incomeTaxExpense": 2639000,
    "netIncome": 9476000,
    "netIncomeRatio": 0.1211485847,
    "eps": 0.1,
    "epsdiluted": 0.1,
    "weightedAverageShsOut": 89332000,
    "weightedAverageShsOutDil": 92600000,
    "link": "https://www.sec.gov/Archives/edgar/data/859737/000119312505237204/0001193125-05-237204-index.htm",
    "finalLink": "https://www.sec.gov/Archives/edgar/data/859737/000119312505237204/d10k.htm"
  },
  {
    "date": "2005-06-25",
    "symbol": "HOLX",
    "reportedCurrency": "USD",
    "cik": "0000859737",
    "fillingDate": "2005-08-04",
    "acceptedDate": "2005-08-04 14:20:49",
    "calendarYear": "2005",
    "period": "Q3",
    "revenue": 74053000,
    "costOfRevenue": 43963000,
    "grossProfit": 30090000,
    "grossProfitRatio": 0.4063306011,
    "researchAndDevelopmentExpenses": 5100000,
    "generalAndAdministrativeExpenses": 6791000,
    "sellingAndMarketingExpenses": 8748000,
    "sellingGeneralAndAdministrativeExpenses": 15539000,
    "otherExpenses": 0,
    "operatingExpenses": 20639000,
    "costAndExpenses": 64602000,
    "interestIncome": 0,
    "interestExpense": 0,
    "depreciationAndAmortization": 1923000,
    "ebitda": 9451000,
    "ebitdaratio": 0.1276248093,
    "operatingIncome": 9451000,
    "operatingIncomeRatio": 0.1276248093,
    "totalOtherIncomeExpensesNet": 707000,
    "incomeBeforeTax": 10158000,
    "incomeBeforeTaxRatio": 0.1371720254,
    "incomeTaxExpense": 2000000,
    "netIncome": 8158000,
    "netIncomeRatio": 0.1101643418,
    "eps": 0.095,
    "epsdiluted": 0.09,
    "weightedAverageShsOut": 87356000,
    "weightedAverageShsOutDil": 91552000,
    "link": "https://www.sec.gov/Archives/edgar/data/859737/000119312505157542/0001193125-05-157542-index.htm",
    "finalLink": "https://www.sec.gov/Archives/edgar/data/859737/000119312505157542/d10q.htm"
  },
  {
    "date": "2005-03-26",
    "symbol": "HOLX",
    "reportedCurrency": "USD",
    "cik": "0000859737",
    "fillingDate": "2005-05-05",
    "acceptedDate": "2005-05-05 12:00:22",
    "calendarYear": "2005",
    "period": "Q2",
    "revenue": 69237000,
    "costOfRevenue": 42464000,
    "grossProfit": 26773000,
    "grossProfitRatio": 0.3866863093,
    "researchAndDevelopmentExpenses": 4842000,
    "generalAndAdministrativeExpenses": 0,
    "sellingAndMarketingExpenses": 0,
    "sellingGeneralAndAdministrativeExpenses": 14750000,
    "otherExpenses": 0,
    "operatingExpenses": 19592000,
    "costAndExpenses": 62056000,
    "interestIncome": 0,
    "interestExpense": 0,
    "depreciationAndAmortization": 1815000,
    "ebitda": 7181000,
    "ebitdaratio": 0.1037162211,
    "operatingIncome": 7181000,
    "operatingIncomeRatio": 0.1037162211,
    "totalOtherIncomeExpensesNet": 373000,
    "incomeBeforeTax": 7554000,
    "incomeBeforeTaxRatio": 0.109103514,
    "incomeTaxExpense": 1506000,
    "netIncome": 6048000,
    "netIncomeRatio": 0.0873521383,
    "eps": 0.07,
    "epsdiluted": 0.065,
    "weightedAverageShsOut": 84516000,
    "weightedAverageShsOutDil": 89764000,
    "link": "https://www.sec.gov/Archives/edgar/data/859737/000119312505097001/0001193125-05-097001-index.htm",
    "finalLink": "https://www.sec.gov/Archives/edgar/data/859737/000119312505097001/d10q.htm"
  },
  {
    "date": "2004-12-25",
    "symbol": "HOLX",
    "reportedCurrency": "USD",
    "cik": "0000859737",
    "fillingDate": "2005-02-03",
    "acceptedDate": "2005-02-03 13:55:38",
    "calendarYear": "2005",
    "period": "Q1",
    "revenue": 66176000,
    "costOfRevenue": 41968000,
    "grossProfit": 24208000,
    "grossProfitRatio": 0.3658123791,
    "researchAndDevelopmentExpenses": 4350000,
    "generalAndAdministrativeExpenses": 6020000,
    "sellingAndMarketingExpenses": 9248000,
    "sellingGeneralAndAdministrativeExpenses": 15268000,
    "otherExpenses": 0,
    "operatingExpenses": 19618000,
    "costAndExpenses": 61586000,
    "interestIncome": 0,
    "interestExpense": 0,
    "depreciationAndAmortization": 1902000,
    "ebitda": 4590000,
    "ebitdaratio": 0.0693604932,
    "operatingIncome": 4590000,
    "operatingIncomeRatio": 0.0693604932,
    "totalOtherIncomeExpensesNet": 278000,
    "incomeBeforeTax": 4868000,
    "incomeBeforeTaxRatio": 0.073561412,
    "incomeTaxExpense": 294000,
    "netIncome": 4574000,
    "netIncomeRatio": 0.0691187137,
    "eps": 0.055,
    "epsdiluted": 0.055,
    "weightedAverageShsOut": 82588000,
    "weightedAverageShsOutDil": 87044000,
    "link": "https://www.sec.gov/Archives/edgar/data/859737/000119312505018472/0001193125-05-018472-index.htm",
    "finalLink": "https://www.sec.gov/Archives/edgar/data/859737/000119312505018472/d10q.htm"
  },
  {
    "date": "2004-09-25",
    "symbol": "HOLX",
    "reportedCurrency": "USD",
    "cik": "0000859737",
    "fillingDate": "2004-12-08",
    "acceptedDate": "2004-12-08 17:03:02",
    "calendarYear": "2004",
    "period": "Q4",
    "revenue": 63949000,
    "costOfRevenue": 40780000,
    "grossProfit": 23169000,
    "grossProfitRatio": 0.3623043363,
    "researchAndDevelopmentExpenses": 4363000,
    "generalAndAdministrativeExpenses": 6229000,
    "sellingAndMarketingExpenses": 7326000,
    "sellingGeneralAndAdministrativeExpenses": 13554000,
    "otherExpenses": 0,
    "operatingExpenses": 17917000,
    "costAndExpenses": 58697000,
    "interestIncome": 0,
    "interestExpense": 0,
    "depreciationAndAmortization": 1925000,
    "ebitda": 7177000,
    "ebitdaratio": 0.1122300583,
    "operatingIncome": 5252000,
    "operatingIncomeRatio": 0.0821279457,
    "totalOtherIncomeExpensesNet": 404000,
    "incomeBeforeTax": 5656000,
    "incomeBeforeTaxRatio": 0.08844548,
    "incomeTaxExpense": 446000,
    "netIncome": 5210000,
    "netIncomeRatio": 0.0814711723,
    "eps": 0.0604,
    "epsdiluted": 0.0604,
    "weightedAverageShsOut": 81932000,
    "weightedAverageShsOutDil": 86100000,
    "link": "https://www.sec.gov/Archives/edgar/data/859737/000119312504209557/0001193125-04-209557-index.htm",
    "finalLink": "https://www.sec.gov/Archives/edgar/data/859737/000119312504209557/d10k.htm"
  },
  {
    "date": "2004-06-26",
    "symbol": "HOLX",
    "reportedCurrency": "USD",
    "cik": "0000859737",
    "fillingDate": "2004-08-06",
    "acceptedDate": "2004-08-06 16:32:36",
    "calendarYear": "2004",
    "period": "Q3",
    "revenue": 59225000,
    "costOfRevenue": 37039000,
    "grossProfit": 22186000,
    "grossProfitRatio": 0.3746053187,
    "researchAndDevelopmentExpenses": 4143000,
    "generalAndAdministrativeExpenses": 7062000,
    "sellingAndMarketingExpenses": 7554000,
    "sellingGeneralAndAdministrativeExpenses": 14616000,
    "otherExpenses": 0,
    "operatingExpenses": 18759000,
    "costAndExpenses": 55798000,
    "interestIncome": 0,
    "interestExpense": 0,
    "depreciationAndAmortization": 1859000,
    "ebitda": 3427000,
    "ebitdaratio": 0.0578640777,
    "operatingIncome": 3427000,
    "operatingIncomeRatio": 0.0578640777,
    "totalOtherIncomeExpensesNet": 71000,
    "incomeBeforeTax": 3498000,
    "incomeBeforeTaxRatio": 0.0590628957,
    "incomeTaxExpense": 173000,
    "netIncome": 3325000,
    "netIncomeRatio": 0.056141832,
    "eps": 0.04,
    "epsdiluted": 0.0375,
    "weightedAverageShsOut": 81436000,
    "weightedAverageShsOutDil": 85884000,
    "link": "https://www.sec.gov/Archives/edgar/data/859737/000119312504134397/0001193125-04-134397-index.htm",
    "finalLink": "https://www.sec.gov/Archives/edgar/data/859737/000119312504134397/d10q.htm"
  },
  {
    "date": "2004-03-27",
    "symbol": "HOLX",
    "reportedCurrency": "USD",
    "cik": "0000859737",
    "fillingDate": "2004-05-11",
    "acceptedDate": "2004-05-11 14:31:44",
    "calendarYear": "2004",
    "period": "Q2",
    "revenue": 55648000,
    "costOfRevenue": 35057000,
    "grossProfit": 20591000,
    "grossProfitRatio": 0.3700222829,
    "researchAndDevelopmentExpenses": 4117000,
    "generalAndAdministrativeExpenses": 5778000,
    "sellingAndMarketingExpenses": 7850000,
    "sellingGeneralAndAdministrativeExpenses": 13628000,
    "otherExpenses": 0,
    "operatingExpenses": 17745000,
    "costAndExpenses": 52802000,
    "interestIncome": 116000,
    "interestExpense": 151000,
    "depreciationAndAmortization": 1845000,
    "ebitda": 2846000,
    "ebitdaratio": 0.0511428982,
    "operatingIncome": 2846000,
    "operatingIncomeRatio": 0.0511428982,
    "totalOtherIncomeExpensesNet": -151000,
    "incomeBeforeTax": 2695000,
    "incomeBeforeTaxRatio": 0.0484294135,
    "incomeTaxExpense": 106000,
    "netIncome": 2589000,
    "netIncomeRatio": 0.0465245831,
    "eps": 0.0325,
    "epsdiluted": 0.03,
    "weightedAverageShsOut": 80844000,
    "weightedAverageShsOutDil": 85172000,
    "link": "https://www.sec.gov/Archives/edgar/data/859737/000119312504084602/0001193125-04-084602-index.htm",
    "finalLink": "https://www.sec.gov/Archives/edgar/data/859737/000119312504084602/d10q.htm"
  },
  {
    "date": "2003-12-27",
    "symbol": "HOLX",
    "reportedCurrency": "USD",
    "cik": "0000859737",
    "fillingDate": "2004-02-10",
    "acceptedDate": "2004-02-10 14:40:27",
    "calendarYear": "2004",
    "period": "Q1",
    "revenue": 49882000,
    "costOfRevenue": 30460000,
    "grossProfit": 19422000,
    "grossProfitRatio": 0.389358887,
    "researchAndDevelopmentExpenses": 4036000,
    "generalAndAdministrativeExpenses": 5294000,
    "sellingAndMarketingExpenses": 9031000,
    "sellingGeneralAndAdministrativeExpenses": 14325000,
    "otherExpenses": 0,
    "operatingExpenses": 18361000,
    "costAndExpenses": 48821000,
    "interestIncome": 0,
    "interestExpense": 0,
    "depreciationAndAmortization": 1960000,
    "ebitda": 1061000,
    "ebitdaratio": 0.0212701977,
    "operatingIncome": 1061000,
    "operatingIncomeRatio": 0.0212701977,
    "totalOtherIncomeExpensesNet": 17000,
    "incomeBeforeTax": 1078000,
    "incomeBeforeTaxRatio": 0.021611002,
    "incomeTaxExpense": 38000,
    "netIncome": 1040000,
    "netIncomeRatio": 0.0208492041,
    "eps": 0.0125,
    "epsdiluted": 0.0125,
    "weightedAverageShsOut": 79916000,
    "weightedAverageShsOutDil": 83588000,
    "link": "https://www.sec.gov/Archives/edgar/data/859737/000119312504018205/0001193125-04-018205-index.htm",
    "finalLink": "https://www.sec.gov/Archives/edgar/data/859737/000119312504018205/d10q.htm"
  },
  {
    "date": "2003-09-27",
    "symbol": "HOLX",
    "reportedCurrency": "USD",
    "cik": "0000859737",
    "fillingDate": "2003-12-23",
    "acceptedDate": "2003-12-23 15:49:14",
    "calendarYear": "2003",
    "period": "Q4",
    "revenue": 52345000,
    "costOfRevenue": 33410000,
    "grossProfit": 18935000,
    "grossProfitRatio": 0.3617346451,
    "researchAndDevelopmentExpenses": 4363000,
    "generalAndAdministrativeExpenses": 0,
    "sellingAndMarketingExpenses": 0,
    "sellingGeneralAndAdministrativeExpenses": 11920000,
    "otherExpenses": 0,
    "operatingExpenses": 16283000,
    "costAndExpenses": 49693000,
    "interestIncome": 0,
    "interestExpense": 248000,
    "depreciationAndAmortization": 1861000,
    "ebitda": 4513000,
    "ebitdaratio": 0.0862164486,
    "operatingIncome": 2652000,
    "operatingIncomeRatio": 0.0506638647,
    "totalOtherIncomeExpensesNet": -41000,
    "incomeBeforeTax": 2611000,
    "incomeBeforeTaxRatio": 0.0498805999,
    "incomeTaxExpense": 70000,
    "netIncome": 2334000,
    "netIncomeRatio": 0.0445887859,
    "eps": 0.0313,
    "epsdiluted": 0.0313,
    "weightedAverageShsOut": 79212000,
    "weightedAverageShsOutDil": 83100000,
    "link": "https://www.sec.gov/Archives/edgar/data/859737/000119312503098850/0001193125-03-098850-index.htm",
    "finalLink": "https://www.sec.gov/Archives/edgar/data/859737/000119312503098850/d10k.htm"
  },
  {
    "date": "2003-06-28",
    "symbol": "HOLX",
    "reportedCurrency": "USD",
    "cik": "0000859737",
    "fillingDate": "2003-08-12",
    "acceptedDate": "2003-08-12 09:27:42",
    "calendarYear": "2003",
    "period": "Q3",
    "revenue": 52389000,
    "costOfRevenue": 33852000,
    "grossProfit": 18537000,
    "grossProfitRatio": 0.3538338201,
    "researchAndDevelopmentExpenses": 4366000,
    "generalAndAdministrativeExpenses": 5519000,
    "sellingAndMarketingExpenses": 7561000,
    "sellingGeneralAndAdministrativeExpenses": 13080000,
    "otherExpenses": 0,
    "operatingExpenses": 17446000,
    "costAndExpenses": 51298000,
    "interestIncome": 0,
    "interestExpense": 0,
    "depreciationAndAmortization": 1847000,
    "ebitda": 1091000,
    "ebitdaratio": 0.0208249823,
    "operatingIncome": 1091000,
    "operatingIncomeRatio": 0.0208249823,
    "totalOtherIncomeExpensesNet": 37000,
    "incomeBeforeTax": 1128000,
    "incomeBeforeTaxRatio": 0.0215312375,
    "incomeTaxExpense": 52000,
    "netIncome": 1019000,
    "netIncomeRatio": 0.019450648,
    "eps": 0.0125,
    "epsdiluted": 0.0125,
    "weightedAverageShsOut": 78624000,
    "weightedAverageShsOutDil": 80944000,
    "link": "https://www.sec.gov/Archives/edgar/data/859737/000119312503033742/0001193125-03-033742-index.htm",
    "finalLink": "https://www.sec.gov/Archives/edgar/data/859737/000119312503033742/d10q.htm"
  },
  {
    "date": "2003-03-29",
    "symbol": "HOLX",
    "reportedCurrency": "USD",
    "cik": "0000859737",
    "fillingDate": "2003-05-13",
    "acceptedDate": "2003-05-13 14:37:56",
    "calendarYear": "2003",
    "period": "Q2",
    "revenue": 50336000,
    "costOfRevenue": 31986000,
    "grossProfit": 18350000,
    "grossProfitRatio": 0.3645502225,
    "researchAndDevelopmentExpenses": 4891000,
    "generalAndAdministrativeExpenses": 6174000,
    "sellingAndMarketingExpenses": 6942000,
    "sellingGeneralAndAdministrativeExpenses": 13116000,
    "otherExpenses": 0,
    "operatingExpenses": 18007000,
    "costAndExpenses": 49993000,
    "interestIncome": 0,
    "interestExpense": 0,
    "depreciationAndAmortization": 2028000,
    "ebitda": 343000,
    "ebitdaratio": 0.0068142085,
    "operatingIncome": 343000,
    "operatingIncomeRatio": 0.0068142085,
    "totalOtherIncomeExpensesNet": 92000,
    "incomeBeforeTax": 435000,
    "incomeBeforeTaxRatio": 0.0086419263,
    "incomeTaxExpense": 52000,
    "netIncome": 383000,
    "netIncomeRatio": 0.0076088684,
    "eps": 0.005,
    "epsdiluted": 0.005,
    "weightedAverageShsOut": 78320000,
    "weightedAverageShsOutDil": 80140000,
    "link": "https://www.sec.gov/Archives/edgar/data/859737/000092701603002587/0000927016-03-002587-index.htm",
    "finalLink": "https://www.sec.gov/Archives/edgar/data/859737/000092701603002587/d10q.htm"
  },
  {
    "date": "2002-12-28",
    "symbol": "HOLX",
    "reportedCurrency": "USD",
    "cik": "0000859737",
    "fillingDate": "2003-02-11",
    "acceptedDate": "2003-02-11 12:25:37",
    "calendarYear": "2003",
    "period": "Q1",
    "revenue": 48964000,
    "costOfRevenue": 31207000,
    "grossProfit": 17757000,
    "grossProfitRatio": 0.3626541949,
    "researchAndDevelopmentExpenses": 4761000,
    "generalAndAdministrativeExpenses": 0,
    "sellingAndMarketingExpenses": 0,
    "sellingGeneralAndAdministrativeExpenses": 14057000,
    "otherExpenses": 0,
    "operatingExpenses": 18818000,
    "costAndExpenses": 50025000,
    "interestIncome": 0,
    "interestExpense": 0,
    "depreciationAndAmortization": 1669000,
    "ebitda": 646000,
    "ebitdaratio": 0.0131933666,
    "operatingIncome": -1061000,
    "operatingIncomeRatio": -0.0216689813,
    "totalOtherIncomeExpensesNet": 151000,
    "incomeBeforeTax": -910000,
    "incomeBeforeTaxRatio": -0.0185850829,
    "incomeTaxExpense": 2000,
    "netIncome": -912000,
    "netIncomeRatio": -0.0186259293,
    "eps": -0.0117,
    "epsdiluted": -0.0117,
    "weightedAverageShsOut": 77900000,
    "weightedAverageShsOutDil": 77900000,
    "link": "https://www.sec.gov/Archives/edgar/data/859737/000092701603000534/0000927016-03-000534-index.htm",
    "finalLink": "https://www.sec.gov/Archives/edgar/data/859737/000092701603000534/d10q.txt"
  },
  {
    "date": "2002-09-28",
    "symbol": "HOLX",
    "reportedCurrency": "USD",
    "cik": "0000859737",
    "fillingDate": "2002-12-24",
    "acceptedDate": "2002-12-24 08:11:22",
    "calendarYear": "2002",
    "period": "Q4",
    "revenue": 49345000,
    "costOfRevenue": 31373000,
    "grossProfit": 17972000,
    "grossProfitRatio": 0.3642111663,
    "researchAndDevelopmentExpenses": 5453000,
    "generalAndAdministrativeExpenses": 0,
    "sellingAndMarketingExpenses": 0,
    "sellingGeneralAndAdministrativeExpenses": 11260000,
    "otherExpenses": 0,
    "operatingExpenses": 16713000,
    "costAndExpenses": 48086000,
    "interestIncome": 0,
    "interestExpense": 0,
    "depreciationAndAmortization": 1634000,
    "ebitda": 2893000,
    "ebitdaratio": 0.0586280272,
    "operatingIncome": 1259000,
    "operatingIncomeRatio": 0.0255142365,
    "totalOtherIncomeExpensesNet": -511000,
    "incomeBeforeTax": 748000,
    "incomeBeforeTaxRatio": 0.0151585774,
    "incomeTaxExpense": 3913000,
    "netIncome": -3165000,
    "netIncomeRatio": -0.0641402371,
    "eps": -0.0375,
    "epsdiluted": -0.0375,
    "weightedAverageShsOut": 84400000,
    "weightedAverageShsOutDil": 84400000,
    "link": "https://www.sec.gov/Archives/edgar/data/859737/000102140802015499/0001021408-02-015499-index.htm",
    "finalLink": "https://www.sec.gov/Archives/edgar/data/859737/000102140802015499/d10k.txt"
  },
  {
    "date": "2002-06-29",
    "symbol": "HOLX",
    "reportedCurrency": "USD",
    "cik": "0000859737",
    "fillingDate": "2002-08-13",
    "acceptedDate": "2002-08-13 10:36:37",
    "calendarYear": "2002",
    "period": "Q3",
    "revenue": 47637000,
    "costOfRevenue": 29489000,
    "grossProfit": 18148000,
    "grossProfitRatio": 0.3809643764,
    "researchAndDevelopmentExpenses": 4859000,
    "generalAndAdministrativeExpenses": 0,
    "sellingAndMarketingExpenses": 0,
    "sellingGeneralAndAdministrativeExpenses": 12252000,
    "otherExpenses": 0,
    "operatingExpenses": 17111000,
    "costAndExpenses": 46600000,
    "interestIncome": 0,
    "interestExpense": 1232000,
    "depreciationAndAmortization": 1989000,
    "ebitda": 3026000,
    "ebitdaratio": 0.0635220522,
    "operatingIncome": 1037000,
    "operatingIncomeRatio": 0.0217687932,
    "totalOtherIncomeExpensesNet": -545000,
    "incomeBeforeTax": 492000,
    "incomeBeforeTaxRatio": 0.0103281063,
    "incomeTaxExpense": 0,
    "netIncome": 492000,
    "netIncomeRatio": 0.0103281063,
    "eps": 0.0075,
    "epsdiluted": 0.005,
    "weightedAverageShsOut": 77028000,
    "weightedAverageShsOutDil": 81816000,
    "link": "https://www.sec.gov/Archives/edgar/data/859737/000092701602004009/0000927016-02-004009-index.htm",
    "finalLink": "https://www.sec.gov/Archives/edgar/data/859737/000092701602004009/d10q.txt"
  },
  {
    "date": "2002-03-30",
    "symbol": "HOLX",
    "reportedCurrency": "USD",
    "cik": "0000859737",
    "fillingDate": "2002-05-14",
    "acceptedDate": "2002-05-14 14:45:17",
    "calendarYear": "2002",
    "period": "Q2",
    "revenue": 46068000,
    "costOfRevenue": 28040000,
    "grossProfit": 18028000,
    "grossProfitRatio": 0.3913345489,
    "researchAndDevelopmentExpenses": 4770000,
    "generalAndAdministrativeExpenses": 0,
    "sellingAndMarketingExpenses": 0,
    "sellingGeneralAndAdministrativeExpenses": 12120000,
    "otherExpenses": 0,
    "operatingExpenses": 16890000,
    "costAndExpenses": 44930000,
    "interestIncome": 0,
    "interestExpense": 1630000,
    "depreciationAndAmortization": 1895000,
    "ebitda": 3033000,
    "ebitdaratio": 0.0658374577,
    "operatingIncome": 643000,
    "operatingIncomeRatio": 0.0139576279,
    "totalOtherIncomeExpensesNet": -640000,
    "incomeBeforeTax": 3000,
    "incomeBeforeTaxRatio": 0.0000651211,
    "incomeTaxExpense": -4423000,
    "netIncome": 4426000,
    "netIncomeRatio": 0.0960753668,
    "eps": 0.0575,
    "epsdiluted": 0.055,
    "weightedAverageShsOut": 75788000,
    "weightedAverageShsOutDil": 80728000,
    "link": "https://www.sec.gov/Archives/edgar/data/859737/000092701602002832/0000927016-02-002832-index.htm",
    "finalLink": "https://www.sec.gov/Archives/edgar/data/859737/000092701602002832/d10q.txt"
  },
  {
    "date": "2001-12-29",
    "symbol": "HOLX",
    "reportedCurrency": "USD",
    "cik": "0000859737",
    "fillingDate": "2002-02-12",
    "acceptedDate": "2002-02-12 00:00:00",
    "calendarYear": "2002",
    "period": "Q1",
    "revenue": 47143000,
    "costOfRevenue": 29474000,
    "grossProfit": 17669000,
    "grossProfitRatio": 0.374795834,
    "researchAndDevelopmentExpenses": 5279000,
    "generalAndAdministrativeExpenses": 0,
    "sellingAndMarketingExpenses": 0,
    "sellingGeneralAndAdministrativeExpenses": 11596000,
    "otherExpenses": 0,
    "operatingExpenses": 16875000,
    "costAndExpenses": 46349000,
    "interestIncome": 0,
    "interestExpense": 3861000,
    "depreciationAndAmortization": 1958000,
    "ebitda": 2752000,
    "ebitdaratio": 0.0583755807,
    "operatingIncome": -781000,
    "operatingIncomeRatio": -0.0165666165,
    "totalOtherIncomeExpensesNet": -711000,
    "incomeBeforeTax": -1492000,
    "incomeBeforeTaxRatio": -0.0316483889,
    "incomeTaxExpense": 81000,
    "netIncome": -1573000,
    "netIncomeRatio": -0.0333665656,
    "eps": -0.0245,
    "epsdiluted": -0.0245,
    "weightedAverageShsOut": 64276000,
    "weightedAverageShsOutDil": 64276000,
    "link": "https://www.sec.gov/Archives/edgar/data/859737/000092701602000722/0000927016-02-000722-index.htm",
    "finalLink": "https://www.sec.gov/Archives/edgar/data/859737/000092701602000722/d10q.txt"
  },
  {
    "date": "2001-09-29",
    "symbol": "HOLX",
    "reportedCurrency": "USD",
    "cik": "0000859737",
    "fillingDate": "2001-12-12",
    "acceptedDate": "2001-12-12 00:00:00",
    "calendarYear": "2001",
    "period": "Q4",
    "revenue": 45261000,
    "costOfRevenue": 29335000,
    "grossProfit": 15926000,
    "grossProfitRatio": 0.3518702636,
    "researchAndDevelopmentExpenses": 5342000,
    "generalAndAdministrativeExpenses": 0,
    "sellingAndMarketingExpenses": 0,
    "sellingGeneralAndAdministrativeExpenses": 14029000,
    "otherExpenses": 0,
    "operatingExpenses": 19371000,
    "costAndExpenses": 48706000,
    "interestIncome": 0,
    "interestExpense": 199000,
    "depreciationAndAmortization": 2252000,
    "ebitda": -1193000,
    "ebitdaratio": -0.0263582334,
    "operatingIncome": -4253000,
    "operatingIncomeRatio": -0.0939661077,
    "totalOtherIncomeExpensesNet": -656000,
    "incomeBeforeTax": -4909000,
    "incomeBeforeTaxRatio": -0.1084598219,
    "incomeTaxExpense": 18000,
    "netIncome": -4927000,
    "netIncomeRatio": -0.1088575153,
    "eps": -0.0791,
    "epsdiluted": -0.0791,
    "weightedAverageShsOut": 62276000,
    "weightedAverageShsOutDil": 62300000,
    "link": "https://www.sec.gov/Archives/edgar/data/859737/000092701601504222/0000927016-01-504222-index.htm",
    "finalLink": "https://www.sec.gov/Archives/edgar/data/859737/000092701601504222/d10k405.txt"
  },
  {
    "date": "2001-06-30",
    "symbol": "HOLX",
    "reportedCurrency": "USD",
    "cik": "0000859737",
    "fillingDate": "2001-08-14",
    "acceptedDate": "2001-08-14 00:00:00",
    "calendarYear": "2001",
    "period": "Q3",
    "revenue": 44938000,
    "costOfRevenue": 26290000,
    "grossProfit": 18648000,
    "grossProfitRatio": 0.4149717388,
    "researchAndDevelopmentExpenses": 5536000,
    "generalAndAdministrativeExpenses": 0,
    "sellingAndMarketingExpenses": 0,
    "sellingGeneralAndAdministrativeExpenses": 12868000,
    "otherExpenses": 0,
    "operatingExpenses": 18404000,
    "costAndExpenses": 44694000,
    "interestIncome": 0,
    "interestExpense": 2978000,
    "depreciationAndAmortization": 1729000,
    "ebitda": 1973000,
    "ebitdaratio": 0.0439049357,
    "operatingIncome": -466000,
    "operatingIncomeRatio": -0.0103698429,
    "totalOtherIncomeExpensesNet": -650000,
    "incomeBeforeTax": -1116000,
    "incomeBeforeTaxRatio": -0.024834216,
    "incomeTaxExpense": 97000,
    "netIncome": -1213000,
    "netIncomeRatio": -0.0269927456,
    "eps": -0.0196,
    "epsdiluted": -0.0196,
    "weightedAverageShsOut": 61904000,
    "weightedAverageShsOutDil": 61904000,
    "link": "https://www.sec.gov/Archives/edgar/data/859737/000092701601502488/0000927016-01-502488-index.htm",
    "finalLink": "https://www.sec.gov/Archives/edgar/data/859737/000092701601502488/d10q.txt"
  },
  {
    "date": "2001-03-31",
    "symbol": "HOLX",
    "reportedCurrency": "USD",
    "cik": "0000859737",
    "fillingDate": "2001-05-15",
    "acceptedDate": "2001-05-15 00:00:00",
    "calendarYear": "2001",
    "period": "Q2",
    "revenue": 43741000,
    "costOfRevenue": 26813000,
    "grossProfit": 16928000,
    "grossProfitRatio": 0.3870053268,
    "researchAndDevelopmentExpenses": 6466000,
    "generalAndAdministrativeExpenses": 5827000,
    "sellingAndMarketingExpenses": 9303000,
    "sellingGeneralAndAdministrativeExpenses": 15130000,
    "otherExpenses": 0,
    "operatingExpenses": 21596000,
    "costAndExpenses": 48409000,
    "interestIncome": 0,
    "interestExpense": 4264000,
    "depreciationAndAmortization": 2459000,
    "ebitda": -2209000,
    "ebitdaratio": -0.0505018175,
    "operatingIncome": -7127000,
    "operatingIncomeRatio": -0.1629363755,
    "totalOtherIncomeExpensesNet": -764000,
    "incomeBeforeTax": -7891000,
    "incomeBeforeTaxRatio": -0.1804028257,
    "incomeTaxExpense": 54000,
    "netIncome": -7945000,
    "netIncomeRatio": -0.1816373654,
    "eps": -0.13,
    "epsdiluted": -0.13,
    "weightedAverageShsOut": 61868000,
    "weightedAverageShsOutDil": 61868000,
    "link": "https://www.sec.gov/Archives/edgar/data/859737/000092701601501060/0000927016-01-501060-index.htm",
    "finalLink": "https://www.sec.gov/Archives/edgar/data/859737/000092701601501060/d10q.txt"
  },
  {
    "date": "2000-12-30",
    "symbol": "HOLX",
    "reportedCurrency": "USD",
    "cik": "0000859737",
    "fillingDate": "2001-02-13",
    "acceptedDate": "2001-02-13 00:00:00",
    "calendarYear": "2001",
    "period": "Q1",
    "revenue": 44450000,
    "costOfRevenue": 28985000,
    "grossProfit": 15465000,
    "grossProfitRatio": 0.3479190101,
    "researchAndDevelopmentExpenses": 5983000,
    "generalAndAdministrativeExpenses": 0,
    "sellingAndMarketingExpenses": 0,
    "sellingGeneralAndAdministrativeExpenses": 14247000,
    "otherExpenses": 2295000,
    "operatingExpenses": 22525000,
    "costAndExpenses": 51510000,
    "interestIncome": 0,
    "interestExpense": 23000,
    "depreciationAndAmortization": 2295000,
    "ebitda": -4664000,
    "ebitdaratio": -0.1049268841,
    "operatingIncome": -7060000,
    "operatingIncomeRatio": -0.1588301462,
    "totalOtherIncomeExpensesNet": -124000,
    "incomeBeforeTax": -7083000,
    "incomeBeforeTaxRatio": -0.1593475816,
    "incomeTaxExpense": -272000,
    "netIncome": -6765000,
    "netIncomeRatio": -0.1521934758,
    "eps": -0.11,
    "epsdiluted": -0.11,
    "weightedAverageShsOut": 61548000,
    "weightedAverageShsOutDil": 61548000,
    "link": "https://www.sec.gov/Archives/edgar/data/859737/000092701601000751/0000927016-01-000751-index.htm",
    "finalLink": "https://www.sec.gov/Archives/edgar/data/859737/000092701601000751/0000927016-01-000751-0001.txt"
  },
  {
    "date": "2000-09-30",
    "symbol": "HOLX",
    "reportedCurrency": "USD",
    "cik": "0000859737",
    "fillingDate": "2000-12-22",
    "acceptedDate": "2000-12-22 00:00:00",
    "calendarYear": "2000",
    "period": "Q4",
    "revenue": 27117000,
    "costOfRevenue": 21764000,
    "grossProfit": 5353000,
    "grossProfitRatio": 0.1974038426,
    "researchAndDevelopmentExpenses": 4552000,
    "generalAndAdministrativeExpenses": 0,
    "sellingAndMarketingExpenses": 0,
    "sellingGeneralAndAdministrativeExpenses": 12169000,
    "otherExpenses": 1309000,
    "operatingExpenses": 18030000,
    "costAndExpenses": 39794000,
    "interestIncome": 0,
    "interestExpense": 9490000,
    "depreciationAndAmortization": 1309000,
    "ebitda": -11368000,
    "ebitdaratio": -0.4192204152,
    "operatingIncome": -12677000,
    "operatingIncomeRatio": -0.4674927167,
    "totalOtherIncomeExpensesNet": -4345000,
    "incomeBeforeTax": -17022000,
    "incomeBeforeTaxRatio": -0.6277243058,
    "incomeTaxExpense": -6100000,
    "netIncome": -10922000,
    "netIncomeRatio": -0.4027731681,
    "eps": -0.18,
    "epsdiluted": -0.18,
    "weightedAverageShsOut": 61300000,
    "weightedAverageShsOutDil": 61300000,
    "link": "https://www.sec.gov/Archives/edgar/data/859737/000092701600004463/0000927016-00-004463-index.htm",
    "finalLink": "https://www.sec.gov/Archives/edgar/data/859737/000092701600004463/0000927016-00-004463-0001.txt"
  },
  {
    "date": "2000-07-01",
    "symbol": "HOLX",
    "reportedCurrency": "USD",
    "cik": "0000859737",
    "fillingDate": "2000-08-09",
    "acceptedDate": "2000-08-09 00:00:00",
    "calendarYear": "2000",
    "period": "Q3",
    "revenue": 22083000,
    "costOfRevenue": 12799000,
    "grossProfit": 9284000,
    "grossProfitRatio": 0.420413893,
    "researchAndDevelopmentExpenses": 3872000,
    "generalAndAdministrativeExpenses": 0,
    "sellingAndMarketingExpenses": 0,
    "sellingGeneralAndAdministrativeExpenses": 9259000,
    "otherExpenses": 1176000,
    "operatingExpenses": 14307000,
    "costAndExpenses": 27106000,
    "interestIncome": 0,
    "interestExpense": 0,
    "depreciationAndAmortization": 1176000,
    "ebitda": -3847000,
    "ebitdaratio": -0.1742064031,
    "operatingIncome": -5023000,
    "operatingIncomeRatio": -0.2274600371,
    "totalOtherIncomeExpensesNet": 880000,
    "incomeBeforeTax": -4143000,
    "incomeBeforeTaxRatio": -0.187610379,
    "incomeTaxExpense": -1500000,
    "netIncome": -2643000,
    "netIncomeRatio": -0.1196848254,
    "eps": -0.0431,
    "epsdiluted": -0.0431,
    "weightedAverageShsOut": 61308000,
    "weightedAverageShsOutDil": 61308000,
    "link": "https://www.sec.gov/Archives/edgar/data/859737/000092701600002818/0000927016-00-002818-index.htm",
    "finalLink": "https://www.sec.gov/Archives/edgar/data/859737/000092701600002818/0000927016-00-002818-0001.txt"
  },
  {
    "date": "2000-03-25",
    "symbol": "HOLX",
    "reportedCurrency": "USD",
    "cik": "0000859737",
    "fillingDate": "2000-05-08",
    "acceptedDate": "2000-05-08 00:00:00",
    "calendarYear": "2000",
    "period": "Q2",
    "revenue": 23252000,
    "costOfRevenue": 12724000,
    "grossProfit": 10528000,
    "grossProfitRatio": 0.4527782556,
    "researchAndDevelopmentExpenses": 4042000,
    "generalAndAdministrativeExpenses": 0,
    "sellingAndMarketingExpenses": 0,
    "sellingGeneralAndAdministrativeExpenses": 10052000,
    "otherExpenses": 800000,
    "operatingExpenses": 14894000,
    "costAndExpenses": 27618000,
    "interestIncome": 0,
    "interestExpense": 0,
    "depreciationAndAmortization": 1135000,
    "ebitda": -3231000,
    "ebitdaratio": -0.1389557887,
    "operatingIncome": -4366000,
    "operatingIncomeRatio": -0.1877687941,
    "totalOtherIncomeExpensesNet": 982000,
    "incomeBeforeTax": -3384000,
    "incomeBeforeTaxRatio": -0.1455358679,
    "incomeTaxExpense": -1200000,
    "netIncome": -2184000,
    "netIncomeRatio": -0.0939274041,
    "eps": -0.0356,
    "epsdiluted": -0.0356,
    "weightedAverageShsOut": 61272000,
    "weightedAverageShsOutDil": 61272000,
    "link": "https://www.sec.gov/Archives/edgar/data/859737/000085973700000008/0000859737-00-000008-index.html",
    "finalLink": "https://www.sec.gov/Archives/edgar/data/859737/000085973700000008/"
  },
  {
    "date": "1999-12-25",
    "symbol": "HOLX",
    "reportedCurrency": "USD",
    "cik": "0000859737",
    "fillingDate": "2000-02-08",
    "acceptedDate": "2000-02-08 00:00:00",
    "calendarYear": "2000",
    "period": "Q1",
    "revenue": 21300000,
    "costOfRevenue": 12200000,
    "grossProfit": 9100000,
    "grossProfitRatio": 0.4272300469,
    "researchAndDevelopmentExpenses": 4700000,
    "generalAndAdministrativeExpenses": 0,
    "sellingAndMarketingExpenses": 0,
    "sellingGeneralAndAdministrativeExpenses": 8800000,
    "otherExpenses": 800000,
    "operatingExpenses": 14300000,
    "costAndExpenses": 26500000,
    "interestIncome": 0,
    "interestExpense": 0,
    "depreciationAndAmortization": 800000,
    "ebitda": -4600000,
    "ebitdaratio": -0.2159624413,
    "operatingIncome": -5200000,
    "operatingIncomeRatio": -0.2441314554,
    "totalOtherIncomeExpensesNet": 900000,
    "incomeBeforeTax": -4500000,
    "incomeBeforeTaxRatio": -0.2112676056,
    "incomeTaxExpense": -1600000,
    "netIncome": -2900000,
    "netIncomeRatio": -0.1361502347,
    "eps": -0.0475,
    "epsdiluted": -0.0475,
    "weightedAverageShsOut": 61052632,
    "weightedAverageShsOutDil": 61052632,
    "link": "https://www.sec.gov/Archives/edgar/data/859737/000085973700000002/0000859737-00-000002-index.html",
    "finalLink": "https://www.sec.gov/Archives/edgar/data/859737/000085973700000002/"
  },
  {
    "date": "1999-09-25",
    "symbol": "HOLX",
    "reportedCurrency": "USD",
    "cik": "0000859737",
    "fillingDate": "1999-12-23",
    "acceptedDate": "1999-12-23 00:00:00",
    "calendarYear": "1999",
    "period": "Q4",
    "revenue": 20100000,
    "costOfRevenue": 12500000,
    "grossProfit": 7600000,
    "grossProfitRatio": 0.3781094527,
    "researchAndDevelopmentExpenses": 4400000,
    "generalAndAdministrativeExpenses": 0,
    "sellingAndMarketingExpenses": 0,
    "sellingGeneralAndAdministrativeExpenses": 7900000,
    "otherExpenses": 1400000,
    "operatingExpenses": 13700000,
    "costAndExpenses": 26200000,
    "interestIncome": 0,
    "interestExpense": 0,
    "depreciationAndAmortization": 1400000,
    "ebitda": -4700000,
    "ebitdaratio": -0.2338308458,
    "operatingIncome": -6100000,
    "operatingIncomeRatio": -0.3034825871,
    "totalOtherIncomeExpensesNet": 1200000,
    "incomeBeforeTax": -4900000,
    "incomeBeforeTaxRatio": -0.2437810945,
    "incomeTaxExpense": -1800000,
    "netIncome": -3100000,
    "netIncomeRatio": -0.1542288557,
    "eps": -0.0505,
    "epsdiluted": -0.0505,
    "weightedAverageShsOut": 61400000,
    "weightedAverageShsOutDil": 61400000,
    "link": "https://www.sec.gov/Archives/edgar/data/859737/000092701699004009/0000927016-99-004009-index.html",
    "finalLink": "https://www.sec.gov/Archives/edgar/data/859737/000092701699004009/"
  },
  {
    "date": "1999-06-26",
    "symbol": "HOLX",
    "reportedCurrency": "USD",
    "cik": "0000859737",
    "fillingDate": "1999-08-10",
    "acceptedDate": "1999-08-10 00:00:00",
    "calendarYear": "1999",
    "period": "Q3",
    "revenue": 20000000,
    "costOfRevenue": 11200000,
    "grossProfit": 8800000,
    "grossProfitRatio": 0.44,
    "researchAndDevelopmentExpenses": 3200000,
    "generalAndAdministrativeExpenses": 0,
    "sellingAndMarketingExpenses": 0,
    "sellingGeneralAndAdministrativeExpenses": 7800000,
    "otherExpenses": 900000,
    "operatingExpenses": 11900000,
    "costAndExpenses": 23100000,
    "interestIncome": 0,
    "interestExpense": 0,
    "depreciationAndAmortization": 900000,
    "ebitda": -2192000,
    "ebitdaratio": -0.1096,
    "operatingIncome": -3100000,
    "operatingIncomeRatio": -0.155,
    "totalOtherIncomeExpensesNet": 692000,
    "incomeBeforeTax": -2400000,
    "incomeBeforeTaxRatio": -0.12,
    "incomeTaxExpense": -900000,
    "netIncome": -1500000,
    "netIncomeRatio": -0.075,
    "eps": -0.0275,
    "epsdiluted": -0.0275,
    "weightedAverageShsOut": 54545455,
    "weightedAverageShsOutDil": 54545455,
    "link": "https://www.sec.gov/Archives/edgar/data/859737/000085973799000020/0000859737-99-000020-index.html",
    "finalLink": "https://www.sec.gov/Archives/edgar/data/859737/000085973799000020/"
  },
  {
    "date": "1999-03-27",
    "symbol": "HOLX",
    "reportedCurrency": "USD",
    "cik": "0000859737",
    "fillingDate": "1999-05-11",
    "acceptedDate": "1999-05-11 00:00:00",
    "calendarYear": "1999",
    "period": "Q2",
    "revenue": 18800000,
    "costOfRevenue": 10700000,
    "grossProfit": 8100000,
    "grossProfitRatio": 0.4308510638,
    "researchAndDevelopmentExpenses": 2600000,
    "generalAndAdministrativeExpenses": 0,
    "sellingAndMarketingExpenses": 0,
    "sellingGeneralAndAdministrativeExpenses": 7600000,
    "otherExpenses": 800000,
    "operatingExpenses": 11000000,
    "costAndExpenses": 21700000,
    "interestIncome": 0,
    "interestExpense": 0,
    "depreciationAndAmortization": 800000,
    "ebitda": -1500000,
    "ebitdaratio": -0.079787234,
    "operatingIncome": -2900000,
    "operatingIncomeRatio": -0.1542553191,
    "totalOtherIncomeExpensesNet": 600000,
    "incomeBeforeTax": -1700000,
    "incomeBeforeTaxRatio": -0.0904255319,
    "incomeTaxExpense": -600000,
    "netIncome": -1100000,
    "netIncomeRatio": -0.0585106383,
    "eps": -0.02,
    "epsdiluted": -0.02,
    "weightedAverageShsOut": 55000000,
    "weightedAverageShsOutDil": 55000000,
    "link": "https://www.sec.gov/Archives/edgar/data/859737/000085973799000010/0000859737-99-000010-index.html",
    "finalLink": "https://www.sec.gov/Archives/edgar/data/859737/"
  },
  {
    "date": "1998-12-26",
    "symbol": "HOLX",
    "reportedCurrency": "USD",
    "cik": "0000859737",
    "fillingDate": "1999-02-04",
    "acceptedDate": "1999-02-04 00:00:00",
    "calendarYear": "1999",
    "period": "Q1",
    "revenue": 23900000,
    "costOfRevenue": 12400000,
    "grossProfit": 11500000,
    "grossProfitRatio": 0.4811715481,
    "researchAndDevelopmentExpenses": 2500000,
    "generalAndAdministrativeExpenses": 0,
    "sellingAndMarketingExpenses": 0,
    "sellingGeneralAndAdministrativeExpenses": 7500000,
    "otherExpenses": 400000,
    "operatingExpenses": 10400000,
    "costAndExpenses": 22800000,
    "interestIncome": 0,
    "interestExpense": 0,
    "depreciationAndAmortization": 400000,
    "ebitda": 2300000,
    "ebitdaratio": 0.0962343096,
    "operatingIncome": 1100000,
    "operatingIncomeRatio": 0.0460251046,
    "totalOtherIncomeExpensesNet": 2000000,
    "incomeBeforeTax": 3100000,
    "incomeBeforeTaxRatio": 0.129707113,
    "incomeTaxExpense": 1100000,
    "netIncome": 2000000,
    "netIncomeRatio": 0.0836820084,
    "eps": 0.0375,
    "epsdiluted": 0.0375,
    "weightedAverageShsOut": 53333333,
    "weightedAverageShsOutDil": 53333333,
    "link": "https://www.sec.gov/Archives/edgar/data/859737/0000859737-99-000007-index.html",
    "finalLink": "https://www.sec.gov/Archives/edgar/data/859737/0000859737-99-000007.txt"
  },
  {
    "date": "1998-09-26",
    "symbol": "HOLX",
    "reportedCurrency": "USD",
    "cik": "0000859737",
    "fillingDate": "1998-12-23",
    "acceptedDate": "1998-12-23 00:00:00",
    "calendarYear": "1998",
    "period": "Q4",
    "revenue": 27400000,
    "costOfRevenue": 12000000,
    "grossProfit": 15400000,
    "grossProfitRatio": 0.5620437956,
    "researchAndDevelopmentExpenses": 2600000,
    "generalAndAdministrativeExpenses": 0,
    "sellingAndMarketingExpenses": 0,
    "sellingGeneralAndAdministrativeExpenses": 9000000,
    "otherExpenses": 600000,
    "operatingExpenses": 12200000,
    "costAndExpenses": 24200000,
    "interestIncome": 0,
    "interestExpense": 2700000,
    "depreciationAndAmortization": 600000,
    "ebitda": 3800000,
    "ebitdaratio": 0.1386861314,
    "operatingIncome": 3200000,
    "operatingIncomeRatio": 0.1167883212,
    "totalOtherIncomeExpensesNet": -1300000,
    "incomeBeforeTax": 1900000,
    "incomeBeforeTaxRatio": 0.0693430657,
    "incomeTaxExpense": 600000,
    "netIncome": 1300000,
    "netIncomeRatio": 0.0474452555,
    "eps": 0.0236,
    "epsdiluted": 0.0236,
    "weightedAverageShsOut": 55072464,
    "weightedAverageShsOutDil": 55100000,
    "link": "https://www.sec.gov/Archives/edgar/data/859737/000092701698004351/0000927016-98-004351-index.html",
    "finalLink": "https://www.sec.gov/Archives/edgar/data/859737/"
  },
  {
    "date": "1998-06-27",
    "symbol": "HOLX",
    "reportedCurrency": "USD",
    "cik": "0000859737",
    "fillingDate": "1998-08-07",
    "acceptedDate": "1998-08-07 00:00:00",
    "calendarYear": "1998",
    "period": "Q3",
    "revenue": 33600000,
    "costOfRevenue": 15400000,
    "grossProfit": 18200000,
    "grossProfitRatio": 0.5416666667,
    "researchAndDevelopmentExpenses": 2300000,
    "generalAndAdministrativeExpenses": 0,
    "sellingAndMarketingExpenses": 0,
    "sellingGeneralAndAdministrativeExpenses": 10900000,
    "otherExpenses": 500000,
    "operatingExpenses": 13700000,
    "costAndExpenses": 29100000,
    "interestIncome": 0,
    "interestExpense": 0,
    "depreciationAndAmortization": 500000,
    "ebitda": 6500000,
    "ebitdaratio": 0.193452381,
    "operatingIncome": 4500000,
    "operatingIncomeRatio": 0.1339285714,
    "totalOtherIncomeExpensesNet": 1500000,
    "incomeBeforeTax": 6800000,
    "incomeBeforeTaxRatio": 0.2023809524,
    "incomeTaxExpense": 2500000,
    "netIncome": 4300000,
    "netIncomeRatio": 0.1279761905,
    "eps": 0.08,
    "epsdiluted": 0.0775,
    "weightedAverageShsOut": 53750000,
    "weightedAverageShsOutDil": 55483871,
    "link": "https://www.sec.gov/Archives/edgar/data/859737/000092701698002926/0000927016-98-002926-index.html",
    "finalLink": "https://www.sec.gov/Archives/edgar/data/859737/"
  },
  {
    "date": "1998-03-28",
    "symbol": "HOLX",
    "reportedCurrency": "USD",
    "cik": "0000859737",
    "fillingDate": "1998-05-12",
    "acceptedDate": "1998-05-12 00:00:00",
    "calendarYear": "1998",
    "period": "Q2",
    "revenue": 30200000,
    "costOfRevenue": 14300000,
    "grossProfit": 15900000,
    "grossProfitRatio": 0.5264900662,
    "researchAndDevelopmentExpenses": 2500000,
    "generalAndAdministrativeExpenses": 0,
    "sellingAndMarketingExpenses": 0,
    "sellingGeneralAndAdministrativeExpenses": 10100000,
    "otherExpenses": 400000,
    "operatingExpenses": 13000000,
    "costAndExpenses": 27300000,
    "interestIncome": 0,
    "interestExpense": 0,
    "depreciationAndAmortization": 400000,
    "ebitda": 3300000,
    "ebitdaratio": 0.1092715232,
    "operatingIncome": 2900000,
    "operatingIncomeRatio": 0.0960264901,
    "totalOtherIncomeExpensesNet": 1400000,
    "incomeBeforeTax": 4300000,
    "incomeBeforeTaxRatio": 0.142384106,
    "incomeTaxExpense": 1600000,
    "netIncome": 2700000,
    "netIncomeRatio": 0.0894039735,
    "eps": 0.0525,
    "epsdiluted": 0.05,
    "weightedAverageShsOut": 51428571,
    "weightedAverageShsOutDil": 54000000,
    "link": "https://www.sec.gov/Archives/edgar/data/859737/000085973798000011/0000859737-98-000011-index.html",
    "finalLink": "https://www.sec.gov/Archives/edgar/data/859737/"
  },
  {
    "date": "1997-12-27",
    "symbol": "HOLX",
    "reportedCurrency": "USD",
    "cik": "0000859737",
    "fillingDate": "1998-02-10",
    "acceptedDate": "1998-02-10 00:00:00",
    "calendarYear": "1998",
    "period": "Q1",
    "revenue": 26100000,
    "costOfRevenue": 12400000,
    "grossProfit": 13700000,
    "grossProfitRatio": 0.5249042146,
    "researchAndDevelopmentExpenses": 2300000,
    "generalAndAdministrativeExpenses": 0,
    "sellingAndMarketingExpenses": 0,
    "sellingGeneralAndAdministrativeExpenses": 9000000,
    "otherExpenses": 400000,
    "operatingExpenses": 11700000,
    "costAndExpenses": 24100000,
    "interestIncome": 0,
    "interestExpense": 0,
    "depreciationAndAmortization": 400000,
    "ebitda": 1400000,
    "ebitdaratio": 0.0536398467,
    "operatingIncome": 2000000,
    "operatingIncomeRatio": 0.0766283525,
    "totalOtherIncomeExpensesNet": 1300000,
    "incomeBeforeTax": 3300000,
    "incomeBeforeTaxRatio": 0.1264367816,
    "incomeTaxExpense": 1200000,
    "netIncome": 2100000,
    "netIncomeRatio": 0.0804597701,
    "eps": 0.04,
    "epsdiluted": 0.0375,
    "weightedAverageShsOut": 52500000,
    "weightedAverageShsOutDil": 56000000,
    "link": "https://www.sec.gov/Archives/edgar/data/859737/000092701698000441/0000927016-98-000441-index.html",
    "finalLink": "https://www.sec.gov/Archives/edgar/data/859737/"
  },
  {
    "date": "1997-09-27",
    "symbol": "HOLX",
    "reportedCurrency": "USD",
    "cik": "0000859737",
    "fillingDate": "1997-12-23",
    "acceptedDate": "1997-12-23 00:00:00",
    "calendarYear": "1997",
    "period": "Q4",
    "revenue": 24600000,
    "costOfRevenue": 10800000,
    "grossProfit": 13800000,
    "grossProfitRatio": 0.5609756098,
    "researchAndDevelopmentExpenses": 2300000,
    "generalAndAdministrativeExpenses": 0,
    "sellingAndMarketingExpenses": 0,
    "sellingGeneralAndAdministrativeExpenses": 6800000,
    "otherExpenses": 400000,
    "operatingExpenses": 9500000,
    "costAndExpenses": 20300000,
    "interestIncome": 0,
    "interestExpense": 0,
    "depreciationAndAmortization": 400000,
    "ebitda": 4700000,
    "ebitdaratio": 0.1910569106,
    "operatingIncome": 4300000,
    "operatingIncomeRatio": 0.174796748,
    "totalOtherIncomeExpensesNet": 1600000,
    "incomeBeforeTax": 5900000,
    "incomeBeforeTaxRatio": 0.2398373984,
    "incomeTaxExpense": 2000000,
    "netIncome": 3900000,
    "netIncomeRatio": 0.1585365854,
    "eps": 0.0674,
    "epsdiluted": 0.0674,
    "weightedAverageShsOut": 57900000,
    "weightedAverageShsOutDil": 57900000,
    "link": "https://www.sec.gov/Archives/edgar/data/859737/000092701697003452/0000927016-97-003452-index.html",
    "finalLink": "https://www.sec.gov/Archives/edgar/data/859737/"
  },
  {
    "date": "1997-06-28",
    "symbol": "HOLX",
    "reportedCurrency": "USD",
    "cik": "0000859737",
    "fillingDate": "1997-08-12",
    "acceptedDate": "1997-08-12 00:00:00",
    "calendarYear": "1997",
    "period": "Q3",
    "revenue": 26900000,
    "costOfRevenue": 11600000,
    "grossProfit": 15300000,
    "grossProfitRatio": 0.5687732342,
    "researchAndDevelopmentExpenses": 2200000,
    "generalAndAdministrativeExpenses": 0,
    "sellingAndMarketingExpenses": 0,
    "sellingGeneralAndAdministrativeExpenses": 6700000,
    "otherExpenses": 300000,
    "operatingExpenses": 9200000,
    "costAndExpenses": 20800000,
    "interestIncome": 0,
    "interestExpense": 0,
    "depreciationAndAmortization": 300000,
    "ebitda": 6400000,
    "ebitdaratio": 0.2379182156,
    "operatingIncome": 6100000,
    "operatingIncomeRatio": 0.2267657993,
    "totalOtherIncomeExpensesNet": 1300000,
    "incomeBeforeTax": 7400000,
    "incomeBeforeTaxRatio": 0.2750929368,
    "incomeTaxExpense": 2700000,
    "netIncome": 4700000,
    "netIncomeRatio": 0.1747211896,
    "eps": 0.0875,
    "epsdiluted": 0.0875,
    "weightedAverageShsOut": 53714286,
    "weightedAverageShsOutDil": 53714286,
    "link": "https://www.sec.gov/Archives/edgar/data/859737/000085973797000010/0000859737-97-000010-index.html",
    "finalLink": "https://www.sec.gov/Archives/edgar/data/859737/"
  },
  {
    "date": "1997-03-29",
    "symbol": "HOLX",
    "reportedCurrency": "USD",
    "cik": "0000859737",
    "fillingDate": "1997-05-13",
    "acceptedDate": "1997-05-13 00:00:00",
    "calendarYear": "1997",
    "period": "Q2",
    "revenue": 28000000,
    "costOfRevenue": 12100000,
    "grossProfit": 15900000,
    "grossProfitRatio": 0.5678571429,
    "researchAndDevelopmentExpenses": 2300000,
    "generalAndAdministrativeExpenses": 0,
    "sellingAndMarketingExpenses": 0,
    "sellingGeneralAndAdministrativeExpenses": 7200000,
    "otherExpenses": 300000,
    "operatingExpenses": 9800000,
    "costAndExpenses": 21900000,
    "interestIncome": 0,
    "interestExpense": 0,
    "depreciationAndAmortization": 300000,
    "ebitda": 6400000,
    "ebitdaratio": 0.2285714286,
    "operatingIncome": 6100000,
    "operatingIncomeRatio": 0.2178571429,
    "totalOtherIncomeExpensesNet": 1300000,
    "incomeBeforeTax": 7400000,
    "incomeBeforeTaxRatio": 0.2642857143,
    "incomeTaxExpense": 2700000,
    "netIncome": 4700000,
    "netIncomeRatio": 0.1678571429,
    "eps": 0.085,
    "epsdiluted": 0.085,
    "weightedAverageShsOut": 55294118,
    "weightedAverageShsOutDil": 55294118,
    "link": "https://www.sec.gov/Archives/edgar/data/859737/000085973797000007/0000859737-97-000007-index.html",
    "finalLink": "https://www.sec.gov/Archives/edgar/data/859737/"
  },
  {
    "date": "1996-12-28",
    "symbol": "HOLX",
    "reportedCurrency": "USD",
    "cik": "0000859737",
    "fillingDate": "1997-02-11",
    "acceptedDate": "1997-02-11 00:00:00",
    "calendarYear": "1997",
    "period": "Q1",
    "revenue": 27100000,
    "costOfRevenue": 11700000,
    "grossProfit": 15400000,
    "grossProfitRatio": 0.5682656827,
    "researchAndDevelopmentExpenses": 1700000,
    "generalAndAdministrativeExpenses": 0,
    "sellingAndMarketingExpenses": 0,
    "sellingGeneralAndAdministrativeExpenses": 7500000,
    "otherExpenses": 300000,
    "operatingExpenses": 9500000,
    "costAndExpenses": 21200000,
    "interestIncome": 0,
    "interestExpense": 0,
    "depreciationAndAmortization": 300000,
    "ebitda": 6200000,
    "ebitdaratio": 0.2287822878,
    "operatingIncome": 5900000,
    "operatingIncomeRatio": 0.2177121771,
    "totalOtherIncomeExpensesNet": 1000000,
    "incomeBeforeTax": 6900000,
    "incomeBeforeTaxRatio": 0.2546125461,
    "incomeTaxExpense": 2500000,
    "netIncome": 4400000,
    "netIncomeRatio": 0.1623616236,
    "eps": 0.08,
    "epsdiluted": 0.08,
    "weightedAverageShsOut": 55000000,
    "weightedAverageShsOutDil": 55000000,
    "link": "https://www.sec.gov/Archives/edgar/data/859737/000085973797000004/0000859737-97-000004-index.html",
    "finalLink": "https://www.sec.gov/Archives/edgar/data/859737/"
  },
  {
    "date": "1996-09-28",
    "symbol": "HOLX",
    "reportedCurrency": "USD",
    "cik": "0000859737",
    "fillingDate": "1996-12-27",
    "acceptedDate": "1996-12-27 00:00:00",
    "calendarYear": "1996",
    "period": "Q4",
    "revenue": 31900000,
    "costOfRevenue": 15800000,
    "grossProfit": 16100000,
    "grossProfitRatio": 0.5047021944,
    "researchAndDevelopmentExpenses": 0,
    "generalAndAdministrativeExpenses": 0,
    "sellingAndMarketingExpenses": 0,
    "sellingGeneralAndAdministrativeExpenses": 20400000,
    "otherExpenses": -4600000,
    "operatingExpenses": 15800000,
    "costAndExpenses": 31600000,
    "interestIncome": 0,
    "interestExpense": 0,
    "depreciationAndAmortization": 300000,
    "ebitda": 600000,
    "ebitdaratio": 0.0188087774,
    "operatingIncome": 300000,
    "operatingIncomeRatio": 0.0094043887,
    "totalOtherIncomeExpensesNet": 4500000,
    "incomeBeforeTax": 4800000,
    "incomeBeforeTaxRatio": 0.1504702194,
    "incomeTaxExpense": 1700000,
    "netIncome": 3100000,
    "netIncomeRatio": 0.0971786834,
    "eps": 0.038,
    "epsdiluted": 0.038,
    "weightedAverageShsOut": 55300000,
    "weightedAverageShsOutDil": 55300000,
    "link": "https://www.sec.gov/Archives/edgar/data/859737/000092701696002077/0000927016-96-002077-index.html",
    "finalLink": "https://www.sec.gov/Archives/edgar/data/859737/"
  },
  {
    "date": "1996-06-29",
    "symbol": "HOLX",
    "reportedCurrency": "USD",
    "cik": "0000859737",
    "fillingDate": "1996-08-13",
    "acceptedDate": "1996-08-13 00:00:00",
    "calendarYear": "1996",
    "period": "Q3",
    "revenue": 22800000,
    "costOfRevenue": 9700000,
    "grossProfit": 13100000,
    "grossProfitRatio": 0.5745614035,
    "researchAndDevelopmentExpenses": 1800000,
    "generalAndAdministrativeExpenses": 0,
    "sellingAndMarketingExpenses": 0,
    "sellingGeneralAndAdministrativeExpenses": 5400000,
    "otherExpenses": 300000,
    "operatingExpenses": 7500000,
    "costAndExpenses": 17200000,
    "interestIncome": 0,
    "interestExpense": 0,
    "depreciationAndAmortization": 300000,
    "ebitda": 5900000,
    "ebitdaratio": 0.2587719298,
    "operatingIncome": 5600000,
    "operatingIncomeRatio": 0.2456140351,
    "totalOtherIncomeExpensesNet": 600000,
    "incomeBeforeTax": 6200000,
    "incomeBeforeTaxRatio": 0.2719298246,
    "incomeTaxExpense": 2300000,
    "netIncome": 3900000,
    "netIncomeRatio": 0.1710526316,
    "eps": 0.08,
    "epsdiluted": 0.08,
    "weightedAverageShsOut": 48750000,
    "weightedAverageShsOutDil": 48750000,
    "link": "https://www.sec.gov/Archives/edgar/data/859737/000085973796000012/0000859737-96-000012-index.html",
    "finalLink": "https://www.sec.gov/Archives/edgar/data/859737/"
  },
  {
    "date": "1996-03-30",
    "symbol": "HOLX",
    "reportedCurrency": "USD",
    "cik": "0000859737",
    "fillingDate": "1996-05-14",
    "acceptedDate": "1996-05-14 00:00:00",
    "calendarYear": "1996",
    "period": "Q2",
    "revenue": 18800000,
    "costOfRevenue": 8300000,
    "grossProfit": 10500000,
    "grossProfitRatio": 0.5585106383,
    "researchAndDevelopmentExpenses": 1800000,
    "generalAndAdministrativeExpenses": 0,
    "sellingAndMarketingExpenses": 0,
    "sellingGeneralAndAdministrativeExpenses": 4800000,
    "otherExpenses": 100000,
    "operatingExpenses": 6700000,
    "costAndExpenses": 15000000,
    "interestIncome": 0,
    "interestExpense": 0,
    "depreciationAndAmortization": 100000,
    "ebitda": 3900000,
    "ebitdaratio": 0.2074468085,
    "operatingIncome": 3800000,
    "operatingIncomeRatio": 0.2021276596,
    "totalOtherIncomeExpensesNet": 400000,
    "incomeBeforeTax": 4200000,
    "incomeBeforeTaxRatio": 0.2234042553,
    "incomeTaxExpense": 1200000,
    "netIncome": 3000000,
    "netIncomeRatio": 0.1595744681,
    "eps": 0.0675,
    "epsdiluted": 0.0675,
    "weightedAverageShsOut": 44444444,
    "weightedAverageShsOutDil": 44444444,
    "link": "https://www.sec.gov/Archives/edgar/data/859737/000085973796000010/0000859737-96-000010-index.html",
    "finalLink": "https://www.sec.gov/Archives/edgar/data/859737/"
  },
  {
    "date": "1995-12-30",
    "symbol": "HOLX",
    "reportedCurrency": "USD",
    "cik": "0000859737",
    "fillingDate": "1996-02-13",
    "acceptedDate": "1996-02-13 00:00:00",
    "calendarYear": "1996",
    "period": "Q1",
    "revenue": 14800000,
    "costOfRevenue": 6600000,
    "grossProfit": 8200000,
    "grossProfitRatio": 0.5540540541,
    "researchAndDevelopmentExpenses": 1300000,
    "generalAndAdministrativeExpenses": 0,
    "sellingAndMarketingExpenses": 0,
    "sellingGeneralAndAdministrativeExpenses": 4100000,
    "otherExpenses": 200000,
    "operatingExpenses": 5600000,
    "costAndExpenses": 12200000,
    "interestIncome": 0,
    "interestExpense": 1700000,
    "depreciationAndAmortization": 200000,
    "ebitda": 2800000,
    "ebitdaratio": 0.1891891892,
    "operatingIncome": 2600000,
    "operatingIncomeRatio": 0.1756756757,
    "totalOtherIncomeExpensesNet": -800000,
    "incomeBeforeTax": 1800000,
    "incomeBeforeTaxRatio": 0.1216216216,
    "incomeTaxExpense": 500000,
    "netIncome": 1300000,
    "netIncomeRatio": 0.0878378378,
    "eps": 0.035,
    "epsdiluted": 0.035,
    "weightedAverageShsOut": 37142857,
    "weightedAverageShsOutDil": 37142857,
    "link": "https://www.sec.gov/Archives/edgar/data/859737/000085973796000002/0000859737-96-000002-index.html",
    "finalLink": "https://www.sec.gov/Archives/edgar/data/859737/"
  },
  {
    "date": "1995-09-30",
    "symbol": "HOLX",
    "reportedCurrency": "USD",
    "cik": "0000859737",
    "fillingDate": "1995-12-26",
    "acceptedDate": "1995-12-26 00:00:00",
    "calendarYear": "1995",
    "period": "Q4",
    "revenue": 12900000,
    "costOfRevenue": 6000000,
    "grossProfit": 6900000,
    "grossProfitRatio": 0.5348837209,
    "researchAndDevelopmentExpenses": 1200000,
    "generalAndAdministrativeExpenses": 0,
    "sellingAndMarketingExpenses": 0,
    "sellingGeneralAndAdministrativeExpenses": 3500000,
    "otherExpenses": 200000,
    "operatingExpenses": 4900000,
    "costAndExpenses": 10900000,
    "interestIncome": 0,
    "interestExpense": 2600000,
    "depreciationAndAmortization": 200000,
    "ebitda": 2200000,
    "ebitdaratio": 0.1705426357,
    "operatingIncome": 2000000,
    "operatingIncomeRatio": 0.1550387597,
    "totalOtherIncomeExpensesNet": -1200000,
    "incomeBeforeTax": 800000,
    "incomeBeforeTaxRatio": 0.0620155039,
    "incomeTaxExpense": 200000,
    "netIncome": 600000,
    "netIncomeRatio": 0.0465116279,
    "eps": 0.0142,
    "epsdiluted": 0.0142,
    "weightedAverageShsOut": 42200000,
    "weightedAverageShsOutDil": 42200000,
    "link": "https://www.sec.gov/Archives/edgar/data/859737/000095010995005384/0000950109-95-005384-index.html",
    "finalLink": "https://www.sec.gov/Archives/edgar/data/859737/"
  }
]