[
  {
    "date": "2025-06-30",
    "symbol": "HON",
    "reportedCurrency": "USD",
    "cik": "0000773840",
    "fillingDate": "2025-07-24",
    "acceptedDate": "2025-07-24 09:38:39",
    "calendarYear": "2025",
    "period": "Q2",
    "revenue": 10353000000,
    "costOfRevenue": 6292000000,
    "grossProfit": 4061000000,
    "grossProfitRatio": 0.3922534531,
    "researchAndDevelopmentExpenses": 481000000,
    "generalAndAdministrativeExpenses": 0,
    "sellingAndMarketingExpenses": 0,
    "sellingGeneralAndAdministrativeExpenses": 1418000000,
    "otherExpenses": 0,
    "operatingExpenses": 1899000000,
    "costAndExpenses": 8191000000,
    "interestIncome": 79000000,
    "interestExpense": 330000000,
    "depreciationAndAmortization": 404000000,
    "ebitda": 2605000000,
    "ebitdaratio": 0.2516178885,
    "operatingIncome": 2162000000,
    "operatingIncomeRatio": 0.2088283589,
    "totalOtherIncomeExpensesNet": -291000000,
    "incomeBeforeTax": 1871000000,
    "incomeBeforeTaxRatio": 0.1807205641,
    "incomeTaxExpense": 302000000,
    "netIncome": 1570000000,
    "netIncomeRatio": 0.1516468656,
    "eps": 2.46,
    "epsdiluted": 2.45,
    "weightedAverageShsOut": 637500000,
    "weightedAverageShsOutDil": 640900000,
    "link": "https://www.sec.gov/Archives/edgar/data/773840/000077384025000064/0000773840-25-000064-index.htm",
    "finalLink": "https://www.sec.gov/Archives/edgar/data/773840/000077384025000064/hon-20250630.htm"
  },
  {
    "date": "2025-03-31",
    "symbol": "HON",
    "reportedCurrency": "USD",
    "cik": "0000773840",
    "fillingDate": "2025-04-29",
    "acceptedDate": "2025-04-29 09:46:21",
    "calendarYear": "2025",
    "period": "Q1",
    "revenue": 9821000000,
    "costOfRevenue": 6003000000,
    "grossProfit": 3818000000,
    "grossProfitRatio": 0.3887587822,
    "researchAndDevelopmentExpenses": 439000000,
    "generalAndAdministrativeExpenses": 0,
    "sellingAndMarketingExpenses": 0,
    "sellingGeneralAndAdministrativeExpenses": 1351000000,
    "otherExpenses": 0,
    "operatingExpenses": 1790000000,
    "costAndExpenses": 7793000000,
    "interestIncome": 90000000,
    "interestExpense": 286000000,
    "depreciationAndAmortization": 374000000,
    "ebitda": 2544000000,
    "ebitdaratio": 0.259036758,
    "operatingIncome": 2028000000,
    "operatingIncomeRatio": 0.2064962835,
    "totalOtherIncomeExpensesNet": -144000000,
    "incomeBeforeTax": 1884000000,
    "incomeBeforeTaxRatio": 0.1918338255,
    "incomeTaxExpense": 417000000,
    "netIncome": 1449000000,
    "netIncomeRatio": 0.1475409836,
    "eps": 2.24,
    "epsdiluted": 2.22,
    "weightedAverageShsOut": 648200000,
    "weightedAverageShsOutDil": 651700000,
    "link": "https://www.sec.gov/Archives/edgar/data/773840/000077384025000037/0000773840-25-000037-index.htm",
    "finalLink": "https://www.sec.gov/Archives/edgar/data/773840/000077384025000037/hon-20250331.htm"
  },
  {
    "date": "2024-12-31",
    "symbol": "HON",
    "reportedCurrency": "USD",
    "cik": "0000773840",
    "fillingDate": "2025-02-14",
    "acceptedDate": "2025-02-14 14:50:25",
    "calendarYear": "2024",
    "period": "Q4",
    "revenue": 10089000000,
    "costOfRevenue": 6419000000,
    "grossProfit": 3670000000,
    "grossProfitRatio": 0.3637625136,
    "researchAndDevelopmentExpenses": 426000000,
    "generalAndAdministrativeExpenses": 0,
    "sellingAndMarketingExpenses": 0,
    "sellingGeneralAndAdministrativeExpenses": 1348000000,
    "otherExpenses": 0,
    "operatingExpenses": 1774000000,
    "costAndExpenses": 8193000000,
    "interestIncome": 101000000,
    "interestExpense": 291000000,
    "depreciationAndAmortization": 377000000,
    "ebitda": 2212000000,
    "ebitdaratio": 0.2192486867,
    "operatingIncome": 1896000000,
    "operatingIncomeRatio": 0.1879274457,
    "totalOtherIncomeExpensesNet": -352000000,
    "incomeBeforeTax": 1544000000,
    "incomeBeforeTaxRatio": 0.1530379621,
    "incomeTaxExpense": 259000000,
    "netIncome": 1285000000,
    "netIncomeRatio": 0.1273664387,
    "eps": 1.98,
    "epsdiluted": 1.96,
    "weightedAverageShsOut": 650600000,
    "weightedAverageShsOutDil": 654800000,
    "link": "https://www.sec.gov/Archives/edgar/data/773840/000077384025000010/0000773840-25-000010-index.htm",
    "finalLink": "https://www.sec.gov/Archives/edgar/data/773840/000077384025000010/hon-20241231.htm"
  },
  {
    "date": "2024-09-30",
    "symbol": "HON",
    "reportedCurrency": "USD",
    "cik": "0000773840",
    "fillingDate": "2024-10-24",
    "acceptedDate": "2024-10-24 09:37:57",
    "calendarYear": "2024",
    "period": "Q3",
    "revenue": 9728000000,
    "costOfRevenue": 5955000000,
    "grossProfit": 3773000000,
    "grossProfitRatio": 0.3878495066,
    "researchAndDevelopmentExpenses": 368000000,
    "generalAndAdministrativeExpenses": 0,
    "sellingAndMarketingExpenses": 0,
    "sellingGeneralAndAdministrativeExpenses": 1370000000,
    "otherExpenses": 0,
    "operatingExpenses": 1738000000,
    "costAndExpenses": 7693000000,
    "interestIncome": 110000000,
    "interestExpense": 297000000,
    "depreciationAndAmortization": 357000000,
    "ebitda": 2478000000,
    "ebitdaratio": 0.2547286184,
    "operatingIncome": 2035000000,
    "operatingIncomeRatio": 0.2091899671,
    "totalOtherIncomeExpensesNet": -211000000,
    "incomeBeforeTax": 1824000000,
    "incomeBeforeTaxRatio": 0.1875,
    "incomeTaxExpense": 409000000,
    "netIncome": 1413000000,
    "netIncomeRatio": 0.1452508224,
    "eps": 2.17,
    "epsdiluted": 2.16,
    "weightedAverageShsOut": 650400000,
    "weightedAverageShsOutDil": 654100000,
    "link": "https://www.sec.gov/Archives/edgar/data/773840/000077384024000099/0000773840-24-000099-index.htm",
    "finalLink": "https://www.sec.gov/Archives/edgar/data/773840/000077384024000099/hon-20240930.htm"
  },
  {
    "date": "2024-06-30",
    "symbol": "HON",
    "reportedCurrency": "USD",
    "cik": "0000773840",
    "fillingDate": "2024-07-25",
    "acceptedDate": "2024-07-25 09:38:50",
    "calendarYear": "2024",
    "period": "Q2",
    "revenue": 9575000000,
    "costOfRevenue": 5836000000,
    "grossProfit": 3739000000,
    "grossProfitRatio": 0.3904960836,
    "researchAndDevelopmentExpenses": 382000000,
    "generalAndAdministrativeExpenses": 0,
    "sellingAndMarketingExpenses": 0,
    "sellingGeneralAndAdministrativeExpenses": 1349000000,
    "otherExpenses": 0,
    "operatingExpenses": 1731000000,
    "costAndExpenses": 7567000000,
    "interestIncome": 110000000,
    "interestExpense": 250000000,
    "depreciationAndAmortization": 309000000,
    "ebitda": 2533000000,
    "ebitdaratio": 0.2645430809,
    "operatingIncome": 2008000000,
    "operatingIncomeRatio": 0.2097127937,
    "totalOtherIncomeExpensesNet": -34000000,
    "incomeBeforeTax": 1974000000,
    "incomeBeforeTaxRatio": 0.2061618799,
    "incomeTaxExpense": 414000000,
    "netIncome": 1544000000,
    "netIncomeRatio": 0.1612532637,
    "eps": 2.37,
    "epsdiluted": 2.36,
    "weightedAverageShsOut": 650200000,
    "weightedAverageShsOutDil": 654200000,
    "link": "https://www.sec.gov/Archives/edgar/data/773840/000077384024000082/0000773840-24-000082-index.htm",
    "finalLink": "https://www.sec.gov/Archives/edgar/data/773840/000077384024000082/hon-20240630.htm"
  },
  {
    "date": "2024-03-31",
    "symbol": "HON",
    "reportedCurrency": "USD",
    "cik": "0000773840",
    "fillingDate": "2024-04-25",
    "acceptedDate": "2024-04-25 09:42:46",
    "calendarYear": "2024",
    "period": "Q1",
    "revenue": 9104000000,
    "costOfRevenue": 5528000000,
    "grossProfit": 3576000000,
    "grossProfitRatio": 0.3927943761,
    "researchAndDevelopmentExpenses": 360000000,
    "generalAndAdministrativeExpenses": 0,
    "sellingAndMarketingExpenses": 0,
    "sellingGeneralAndAdministrativeExpenses": 1285000000,
    "otherExpenses": 0,
    "operatingExpenses": 1645000000,
    "costAndExpenses": 7173000000,
    "interestIncome": 105000000,
    "interestExpense": 220000000,
    "depreciationAndAmortization": 291000000,
    "ebitda": 2382000000,
    "ebitdaratio": 0.2616432337,
    "operatingIncome": 1931000000,
    "operatingIncomeRatio": 0.2121045694,
    "totalOtherIncomeExpensesNet": -60000000,
    "incomeBeforeTax": 1871000000,
    "incomeBeforeTaxRatio": 0.2055140598,
    "incomeTaxExpense": 396000000,
    "netIncome": 1463000000,
    "netIncomeRatio": 0.160698594,
    "eps": 2.24,
    "epsdiluted": 2.23,
    "weightedAverageShsOut": 652300000,
    "weightedAverageShsOutDil": 656600000,
    "link": "https://www.sec.gov/Archives/edgar/data/773840/000077384024000051/0000773840-24-000051-index.htm",
    "finalLink": "https://www.sec.gov/Archives/edgar/data/773840/000077384024000051/hon-20240331.htm"
  },
  {
    "date": "2023-12-31",
    "symbol": "HON",
    "reportedCurrency": "USD",
    "cik": "0000773840",
    "fillingDate": "2024-02-16",
    "acceptedDate": "2024-02-16 13:40:36",
    "calendarYear": "2023",
    "period": "Q4",
    "revenue": 9433000000,
    "costOfRevenue": 5733000000,
    "grossProfit": 3700000000,
    "grossProfitRatio": 0.3922400085,
    "researchAndDevelopmentExpenses": 360000000,
    "generalAndAdministrativeExpenses": 0,
    "sellingAndMarketingExpenses": 0,
    "sellingGeneralAndAdministrativeExpenses": 1250000000,
    "otherExpenses": 0,
    "operatingExpenses": 1610000000,
    "costAndExpenses": 7343000000,
    "interestIncome": 80000000,
    "interestExpense": 202000000,
    "depreciationAndAmortization": 301000000,
    "ebitda": 2009000000,
    "ebitdaratio": 0.2129757235,
    "operatingIncome": 2090000000,
    "operatingIncomeRatio": 0.2215625994,
    "totalOtherIncomeExpensesNet": -584000000,
    "incomeBeforeTax": 1506000000,
    "incomeBeforeTaxRatio": 0.1596522845,
    "incomeTaxExpense": 258000000,
    "netIncome": 1263000000,
    "netIncomeRatio": 0.1338916569,
    "eps": 1.92,
    "epsdiluted": 1.91,
    "weightedAverageShsOut": 656500000,
    "weightedAverageShsOutDil": 660900000,
    "link": "https://www.sec.gov/Archives/edgar/data/773840/000077384024000014/0000773840-24-000014-index.htm",
    "finalLink": "https://www.sec.gov/Archives/edgar/data/773840/000077384024000014/hon-20231231.htm"
  },
  {
    "date": "2023-09-30",
    "symbol": "HON",
    "reportedCurrency": "USD",
    "cik": "0000773840",
    "fillingDate": "2023-10-26",
    "acceptedDate": "2023-10-26 09:15:45",
    "calendarYear": "2023",
    "period": "Q3",
    "revenue": 9207000000,
    "costOfRevenue": 5627000000,
    "grossProfit": 3580000000,
    "grossProfitRatio": 0.3888345824,
    "researchAndDevelopmentExpenses": 364000000,
    "generalAndAdministrativeExpenses": 0,
    "sellingAndMarketingExpenses": 0,
    "sellingGeneralAndAdministrativeExpenses": 1223000000,
    "otherExpenses": 0,
    "operatingExpenses": 1587000000,
    "costAndExpenses": 7214000000,
    "interestIncome": 89000000,
    "interestExpense": 206000000,
    "depreciationAndAmortization": 308000000,
    "ebitda": 2481000000,
    "ebitdaratio": 0.2694688824,
    "operatingIncome": 1993000000,
    "operatingIncomeRatio": 0.2164657326,
    "totalOtherIncomeExpensesNet": -26000000,
    "incomeBeforeTax": 1967000000,
    "incomeBeforeTaxRatio": 0.2136417943,
    "incomeTaxExpense": 452000000,
    "netIncome": 1514000000,
    "netIncomeRatio": 0.1644400999,
    "eps": 2.29,
    "epsdiluted": 2.27,
    "weightedAverageShsOut": 662400000,
    "weightedAverageShsOutDil": 667000000,
    "link": "https://www.sec.gov/Archives/edgar/data/773840/000077384023000085/0000773840-23-000085-index.htm",
    "finalLink": "https://www.sec.gov/Archives/edgar/data/773840/000077384023000085/hon-20230930.htm"
  },
  {
    "date": "2023-06-30",
    "symbol": "HON",
    "reportedCurrency": "USD",
    "cik": "0000773840",
    "fillingDate": "2023-07-27",
    "acceptedDate": "2023-07-27 09:02:54",
    "calendarYear": "2023",
    "period": "Q2",
    "revenue": 9144000000,
    "costOfRevenue": 5571000000,
    "grossProfit": 3573000000,
    "grossProfitRatio": 0.3907480315,
    "researchAndDevelopmentExpenses": 375000000,
    "generalAndAdministrativeExpenses": 0,
    "sellingAndMarketingExpenses": 0,
    "sellingGeneralAndAdministrativeExpenses": 1239000000,
    "otherExpenses": 0,
    "operatingExpenses": 1614000000,
    "costAndExpenses": 7185000000,
    "interestIncome": 76000000,
    "interestExpense": 187000000,
    "depreciationAndAmortization": 284000000,
    "ebitda": 2375000000,
    "ebitdaratio": 0.2597331584,
    "operatingIncome": 1959000000,
    "operatingIncomeRatio": 0.2142388451,
    "totalOtherIncomeExpensesNet": -55000000,
    "incomeBeforeTax": 1904000000,
    "incomeBeforeTaxRatio": 0.208223972,
    "incomeTaxExpense": 403000000,
    "netIncome": 1487000000,
    "netIncomeRatio": 0.1626202975,
    "eps": 2.24,
    "epsdiluted": 2.22,
    "weightedAverageShsOut": 665300000,
    "weightedAverageShsOutDil": 670200000,
    "link": "https://www.sec.gov/Archives/edgar/data/773840/000077384023000073/0000773840-23-000073-index.htm",
    "finalLink": "https://www.sec.gov/Archives/edgar/data/773840/000077384023000073/hon-20230630.htm"
  },
  {
    "date": "2023-03-31",
    "symbol": "HON",
    "reportedCurrency": "USD",
    "cik": "0000773840",
    "fillingDate": "2023-04-27",
    "acceptedDate": "2023-04-27 09:09:13",
    "calendarYear": "2023",
    "period": "Q1",
    "revenue": 8863000000,
    "costOfRevenue": 5421000000,
    "grossProfit": 3442000000,
    "grossProfitRatio": 0.3883560871,
    "researchAndDevelopmentExpenses": 357000000,
    "generalAndAdministrativeExpenses": 0,
    "sellingAndMarketingExpenses": 0,
    "sellingGeneralAndAdministrativeExpenses": 1253000000,
    "otherExpenses": 0,
    "operatingExpenses": 1610000000,
    "costAndExpenses": 7031000000,
    "interestIncome": 76000000,
    "interestExpense": 170000000,
    "depreciationAndAmortization": 283000000,
    "ebitda": 2235000000,
    "ebitdaratio": 0.2521719508,
    "operatingIncome": 1832000000,
    "operatingIncomeRatio": 0.2067020196,
    "totalOtherIncomeExpensesNet": -50000000,
    "incomeBeforeTax": 1782000000,
    "incomeBeforeTaxRatio": 0.201060589,
    "incomeTaxExpense": 374000000,
    "netIncome": 1394000000,
    "netIncomeRatio": 0.157283087,
    "eps": 2.09,
    "epsdiluted": 2.07,
    "weightedAverageShsOut": 667800000,
    "weightedAverageShsOutDil": 673000000,
    "link": "https://www.sec.gov/Archives/edgar/data/773840/000077384023000038/0000773840-23-000038-index.htm",
    "finalLink": "https://www.sec.gov/Archives/edgar/data/773840/000077384023000038/hon-20230331.htm"
  },
  {
    "date": "2022-12-31",
    "symbol": "HON",
    "reportedCurrency": "USD",
    "cik": "0000773840",
    "fillingDate": "2023-02-10",
    "acceptedDate": "2023-02-10 14:09:31",
    "calendarYear": "2022",
    "period": "Q4",
    "revenue": 9180000000,
    "costOfRevenue": 6013000000,
    "grossProfit": 3167000000,
    "grossProfitRatio": 0.3449891068,
    "researchAndDevelopmentExpenses": 0,
    "generalAndAdministrativeExpenses": 0,
    "sellingAndMarketingExpenses": 0,
    "sellingGeneralAndAdministrativeExpenses": 1165000000,
    "otherExpenses": 0,
    "operatingExpenses": 1165000000,
    "costAndExpenses": 7178000000,
    "interestIncome": 61000000,
    "interestExpense": 144000000,
    "depreciationAndAmortization": 299000000,
    "ebitda": 1632000000,
    "ebitdaratio": 0.1777777778,
    "operatingIncome": 2002000000,
    "operatingIncomeRatio": 0.2180827887,
    "totalOtherIncomeExpensesNet": -813000000,
    "incomeBeforeTax": 1189000000,
    "incomeBeforeTaxRatio": 0.1295206972,
    "incomeTaxExpense": 168000000,
    "netIncome": 1019000000,
    "netIncomeRatio": 0.1110021786,
    "eps": 1.52,
    "epsdiluted": 1.51,
    "weightedAverageShsOut": 670600000,
    "weightedAverageShsOutDil": 676500000,
    "link": "https://www.sec.gov/Archives/edgar/data/773840/000077384023000013/0000773840-23-000013-index.htm",
    "finalLink": "https://www.sec.gov/Archives/edgar/data/773840/000077384023000013/hon-20221231.htm"
  },
  {
    "date": "2022-09-30",
    "symbol": "HON",
    "reportedCurrency": "USD",
    "cik": "0000773840",
    "fillingDate": "2022-10-27",
    "acceptedDate": "2022-10-27 09:09:11",
    "calendarYear": "2022",
    "period": "Q3",
    "revenue": 8947000000,
    "costOfRevenue": 5916000000,
    "grossProfit": 3031000000,
    "grossProfitRatio": 0.338772773,
    "researchAndDevelopmentExpenses": 0,
    "generalAndAdministrativeExpenses": 0,
    "sellingAndMarketingExpenses": 0,
    "sellingGeneralAndAdministrativeExpenses": 1210000000,
    "otherExpenses": 0,
    "operatingExpenses": 1210000000,
    "costAndExpenses": 7126000000,
    "interestIncome": 37000000,
    "interestExpense": 98000000,
    "depreciationAndAmortization": 300000000,
    "ebitda": 2379000000,
    "ebitdaratio": 0.2658991841,
    "operatingIncome": 1821000000,
    "operatingIncomeRatio": 0.2035319101,
    "totalOtherIncomeExpensesNet": 160000000,
    "incomeBeforeTax": 1981000000,
    "incomeBeforeTaxRatio": 0.2214149994,
    "incomeTaxExpense": 432000000,
    "netIncome": 1552000000,
    "netIncomeRatio": 0.1734659662,
    "eps": 2.3,
    "epsdiluted": 2.28,
    "weightedAverageShsOut": 674100000,
    "weightedAverageShsOutDil": 679600000,
    "link": "https://www.sec.gov/Archives/edgar/data/773840/000077384022000071/0000773840-22-000071-index.htm",
    "finalLink": "https://www.sec.gov/Archives/edgar/data/773840/000077384022000071/hon-20220930.htm"
  },
  {
    "date": "2022-06-30",
    "symbol": "HON",
    "reportedCurrency": "USD",
    "cik": "0000773840",
    "fillingDate": "2022-07-28",
    "acceptedDate": "2022-07-28 09:16:12",
    "calendarYear": "2022",
    "period": "Q2",
    "revenue": 8951000000,
    "costOfRevenue": 5912000000,
    "grossProfit": 3039000000,
    "grossProfitRatio": 0.339515138,
    "researchAndDevelopmentExpenses": 0,
    "generalAndAdministrativeExpenses": 0,
    "sellingAndMarketingExpenses": 0,
    "sellingGeneralAndAdministrativeExpenses": 1284000000,
    "otherExpenses": 0,
    "operatingExpenses": 1284000000,
    "costAndExpenses": 7196000000,
    "interestIncome": 20000000,
    "interestExpense": 87000000,
    "depreciationAndAmortization": 275000000,
    "ebitda": 2066000000,
    "ebitdaratio": 0.2308121998,
    "operatingIncome": 1755000000,
    "operatingIncomeRatio": 0.1960674785,
    "totalOtherIncomeExpensesNet": -51000000,
    "incomeBeforeTax": 1704000000,
    "incomeBeforeTaxRatio": 0.1903697911,
    "incomeTaxExpense": 441000000,
    "netIncome": 1261000000,
    "netIncomeRatio": 0.1408781142,
    "eps": 1.86,
    "epsdiluted": 1.84,
    "weightedAverageShsOut": 679000000,
    "weightedAverageShsOutDil": 685000000,
    "link": "https://www.sec.gov/Archives/edgar/data/773840/000077384022000054/0000773840-22-000054-index.htm",
    "finalLink": "https://www.sec.gov/Archives/edgar/data/773840/000077384022000054/hon-20220630.htm"
  },
  {
    "date": "2022-03-31",
    "symbol": "HON",
    "reportedCurrency": "USD",
    "cik": "0000773840",
    "fillingDate": "2022-04-29",
    "acceptedDate": "2022-04-29 09:03:57",
    "calendarYear": "2022",
    "period": "Q1",
    "revenue": 8375000000,
    "costOfRevenue": 5476000000,
    "grossProfit": 2899000000,
    "grossProfitRatio": 0.3461492537,
    "researchAndDevelopmentExpenses": 0,
    "generalAndAdministrativeExpenses": 0,
    "sellingAndMarketingExpenses": 0,
    "sellingGeneralAndAdministrativeExpenses": 1242000000,
    "otherExpenses": 0,
    "operatingExpenses": 1242000000,
    "costAndExpenses": 6718000000,
    "interestIncome": 20000000,
    "interestExpense": 85000000,
    "depreciationAndAmortization": 330000000,
    "ebitda": 1920000000,
    "ebitdaratio": 0.2292537313,
    "operatingIncome": 1657000000,
    "operatingIncomeRatio": 0.1978507463,
    "totalOtherIncomeExpensesNet": -152000000,
    "incomeBeforeTax": 1505000000,
    "incomeBeforeTaxRatio": 0.1797014925,
    "incomeTaxExpense": 371000000,
    "netIncome": 1134000000,
    "netIncomeRatio": 0.1354029851,
    "eps": 1.66,
    "epsdiluted": 1.64,
    "weightedAverageShsOut": 684700000,
    "weightedAverageShsOutDil": 691300000,
    "link": "https://www.sec.gov/Archives/edgar/data/773840/000077384022000037/0000773840-22-000037-index.htm",
    "finalLink": "https://www.sec.gov/Archives/edgar/data/773840/000077384022000037/hon-20220331.htm"
  },
  {
    "date": "2021-12-31",
    "symbol": "HON",
    "reportedCurrency": "USD",
    "cik": "0000773840",
    "fillingDate": "2022-02-11",
    "acceptedDate": "2022-02-11 12:37:32",
    "calendarYear": "2021",
    "period": "Q4",
    "revenue": 8656000000,
    "costOfRevenue": 5730000000,
    "grossProfit": 2926000000,
    "grossProfitRatio": 0.3380314233,
    "researchAndDevelopmentExpenses": 0,
    "generalAndAdministrativeExpenses": 0,
    "sellingAndMarketingExpenses": 0,
    "sellingGeneralAndAdministrativeExpenses": 1183000000,
    "otherExpenses": 0,
    "operatingExpenses": 1183000000,
    "costAndExpenses": 6913000000,
    "interestIncome": 32000000,
    "interestExpense": 80000000,
    "depreciationAndAmortization": 290000000,
    "ebitda": 2163000000,
    "ebitdaratio": 0.2498844732,
    "operatingIncome": 1743000000,
    "operatingIncomeRatio": 0.2013632163,
    "totalOtherIncomeExpensesNet": 50000000,
    "incomeBeforeTax": 1793000000,
    "incomeBeforeTaxRatio": 0.2071395564,
    "incomeTaxExpense": 351000000,
    "netIncome": 1428000000,
    "netIncomeRatio": 0.1649722736,
    "eps": 2.07,
    "epsdiluted": 2.05,
    "weightedAverageShsOut": 688300000,
    "weightedAverageShsOutDil": 695800000,
    "link": "https://www.sec.gov/Archives/edgar/data/773840/000077384022000018/0000773840-22-000018-index.htm",
    "finalLink": "https://www.sec.gov/Archives/edgar/data/773840/000077384022000018/hon-20211231.htm"
  },
  {
    "date": "2021-09-30",
    "symbol": "HON",
    "reportedCurrency": "USD",
    "cik": "0000773840",
    "fillingDate": "2021-10-22",
    "acceptedDate": "2021-10-22 08:31:29",
    "calendarYear": "2021",
    "period": "Q3",
    "revenue": 8471000000,
    "costOfRevenue": 5686000000,
    "grossProfit": 2785000000,
    "grossProfitRatio": 0.3287687404,
    "researchAndDevelopmentExpenses": 0,
    "generalAndAdministrativeExpenses": 0,
    "sellingAndMarketingExpenses": 0,
    "sellingGeneralAndAdministrativeExpenses": 1122000000,
    "otherExpenses": 0,
    "operatingExpenses": 1122000000,
    "costAndExpenses": 6808000000,
    "interestIncome": 28000000,
    "interestExpense": 90000000,
    "depreciationAndAmortization": 308000000,
    "ebitda": 2098000000,
    "ebitdaratio": 0.2476685161,
    "operatingIncome": 1663000000,
    "operatingIncomeRatio": 0.1963168457,
    "totalOtherIncomeExpensesNet": 37000000,
    "incomeBeforeTax": 1700000000,
    "incomeBeforeTaxRatio": 0.2006846889,
    "incomeTaxExpense": 427000000,
    "netIncome": 1257000000,
    "netIncomeRatio": 0.14838862,
    "eps": 1.82,
    "epsdiluted": 1.8,
    "weightedAverageShsOut": 690600000,
    "weightedAverageShsOutDil": 698900000,
    "link": "https://www.sec.gov/Archives/edgar/data/773840/000077384021000065/0000773840-21-000065-index.htm",
    "finalLink": "https://www.sec.gov/Archives/edgar/data/773840/000077384021000065/hon-20210930.htm"
  },
  {
    "date": "2021-06-30",
    "symbol": "HON",
    "reportedCurrency": "USD",
    "cik": "0000773840",
    "fillingDate": "2021-07-23",
    "acceptedDate": "2021-07-23 09:09:25",
    "calendarYear": "2021",
    "period": "Q2",
    "revenue": 8807000000,
    "costOfRevenue": 5917000000,
    "grossProfit": 2890000000,
    "grossProfitRatio": 0.328148064,
    "researchAndDevelopmentExpenses": 0,
    "generalAndAdministrativeExpenses": 0,
    "sellingAndMarketingExpenses": 0,
    "sellingGeneralAndAdministrativeExpenses": 1192000000,
    "otherExpenses": 0,
    "operatingExpenses": 1192000000,
    "costAndExpenses": 7109000000,
    "interestIncome": 23000000,
    "interestExpense": 83000000,
    "depreciationAndAmortization": 284000000,
    "ebitda": 2248000000,
    "ebitdaratio": 0.2552515045,
    "operatingIncome": 1698000000,
    "operatingIncomeRatio": 0.1928011809,
    "totalOtherIncomeExpensesNet": 183000000,
    "incomeBeforeTax": 1881000000,
    "incomeBeforeTaxRatio": 0.2135801067,
    "incomeTaxExpense": 434000000,
    "netIncome": 1430000000,
    "netIncomeRatio": 0.1623708414,
    "eps": 2.06,
    "epsdiluted": 2.04,
    "weightedAverageShsOut": 693800000,
    "weightedAverageShsOutDil": 702500000,
    "link": "https://www.sec.gov/Archives/edgar/data/773840/000077384021000057/0000773840-21-000057-index.htm",
    "finalLink": "https://www.sec.gov/Archives/edgar/data/773840/000077384021000057/hon-20210630.htm"
  },
  {
    "date": "2021-03-31",
    "symbol": "HON",
    "reportedCurrency": "USD",
    "cik": "0000773840",
    "fillingDate": "2021-04-23",
    "acceptedDate": "2021-04-23 09:10:16",
    "calendarYear": "2021",
    "period": "Q1",
    "revenue": 8453000000,
    "costOfRevenue": 5612000000,
    "grossProfit": 2841000000,
    "grossProfitRatio": 0.3360936945,
    "researchAndDevelopmentExpenses": 0,
    "generalAndAdministrativeExpenses": 0,
    "sellingAndMarketingExpenses": 0,
    "sellingGeneralAndAdministrativeExpenses": 1191000000,
    "otherExpenses": 0,
    "operatingExpenses": 1191000000,
    "costAndExpenses": 6803000000,
    "interestIncome": 19000000,
    "interestExpense": 90000000,
    "depreciationAndAmortization": 341000000,
    "ebitda": 2292000000,
    "ebitdaratio": 0.2711463386,
    "operatingIncome": 1650000000,
    "operatingIncomeRatio": 0.1951969715,
    "totalOtherIncomeExpensesNet": 211000000,
    "incomeBeforeTax": 1861000000,
    "incomeBeforeTaxRatio": 0.2201585236,
    "incomeTaxExpense": 413000000,
    "netIncome": 1427000000,
    "netIncomeRatio": 0.168815805,
    "eps": 2.05,
    "epsdiluted": 2.03,
    "weightedAverageShsOut": 696200000,
    "weightedAverageShsOutDil": 704500000,
    "link": "https://www.sec.gov/Archives/edgar/data/773840/000077384021000032/0000773840-21-000032-index.htm",
    "finalLink": "https://www.sec.gov/Archives/edgar/data/773840/000077384021000032/hon-20210331.htm"
  },
  {
    "date": "2020-12-31",
    "symbol": "HON",
    "reportedCurrency": "USD",
    "cik": "0000773840",
    "fillingDate": "2021-02-12",
    "acceptedDate": "2021-02-12 14:31:39",
    "calendarYear": "2020",
    "period": "Q4",
    "revenue": 8901000000,
    "costOfRevenue": 5930000000,
    "grossProfit": 2971000000,
    "grossProfitRatio": 0.333782721,
    "researchAndDevelopmentExpenses": 0,
    "generalAndAdministrativeExpenses": 0,
    "sellingAndMarketingExpenses": 0,
    "sellingGeneralAndAdministrativeExpenses": 1202000000,
    "otherExpenses": 0,
    "operatingExpenses": 1202000000,
    "costAndExpenses": 7132000000,
    "interestIncome": 21000000,
    "interestExpense": 95000000,
    "depreciationAndAmortization": 254000000,
    "ebitda": 2059000000,
    "ebitdaratio": 0.2313223233,
    "operatingIncome": 1769000000,
    "operatingIncomeRatio": 0.1987417144,
    "totalOtherIncomeExpensesNet": -59000000,
    "incomeBeforeTax": 1710000000,
    "incomeBeforeTaxRatio": 0.1921132457,
    "incomeTaxExpense": 331000000,
    "netIncome": 1359000000,
    "netIncomeRatio": 0.1526794742,
    "eps": 1.94,
    "epsdiluted": 1.91,
    "weightedAverageShsOut": 701800000,
    "weightedAverageShsOutDil": 710000000,
    "link": "https://www.sec.gov/Archives/edgar/data/773840/000077384021000015/0000773840-21-000015-index.htm",
    "finalLink": "https://www.sec.gov/Archives/edgar/data/773840/000077384021000015/hon-20201231.htm"
  },
  {
    "date": "2020-09-30",
    "symbol": "HON",
    "reportedCurrency": "USD",
    "cik": "0000773840",
    "fillingDate": "2020-10-30",
    "acceptedDate": "2020-10-30 09:00:10",
    "calendarYear": "2020",
    "period": "Q3",
    "revenue": 7798000000,
    "costOfRevenue": 5297000000,
    "grossProfit": 2501000000,
    "grossProfitRatio": 0.3207232624,
    "researchAndDevelopmentExpenses": 0,
    "generalAndAdministrativeExpenses": 0,
    "sellingAndMarketingExpenses": 0,
    "sellingGeneralAndAdministrativeExpenses": 1051000000,
    "otherExpenses": 0,
    "operatingExpenses": 1051000000,
    "costAndExpenses": 6348000000,
    "interestIncome": 20000000,
    "interestExpense": 101000000,
    "depreciationAndAmortization": 255000000,
    "ebitda": 1504000000,
    "ebitdaratio": 0.1928699667,
    "operatingIncome": 1450000000,
    "operatingIncomeRatio": 0.1859451141,
    "totalOtherIncomeExpensesNet": -302000000,
    "incomeBeforeTax": 1148000000,
    "incomeBeforeTaxRatio": 0.1472172352,
    "incomeTaxExpense": 367000000,
    "netIncome": 758000000,
    "netIncomeRatio": 0.0972044114,
    "eps": 1.08,
    "epsdiluted": 1.07,
    "weightedAverageShsOut": 702600000,
    "weightedAverageShsOutDil": 709600000,
    "link": "https://www.sec.gov/Archives/edgar/data/773840/000077384020000048/0000773840-20-000048-index.htm",
    "finalLink": "https://www.sec.gov/Archives/edgar/data/773840/000077384020000048/hon-20200930.htm"
  },
  {
    "date": "2020-06-30",
    "symbol": "HON",
    "reportedCurrency": "USD",
    "cik": "0000773840",
    "fillingDate": "2020-07-24",
    "acceptedDate": "2020-07-24 09:24:22",
    "calendarYear": "2020",
    "period": "Q2",
    "revenue": 7478000000,
    "costOfRevenue": 5102000000,
    "grossProfit": 2376000000,
    "grossProfitRatio": 0.3177320139,
    "researchAndDevelopmentExpenses": 0,
    "generalAndAdministrativeExpenses": 0,
    "sellingAndMarketingExpenses": 0,
    "sellingGeneralAndAdministrativeExpenses": 1081000000,
    "otherExpenses": 0,
    "operatingExpenses": 1081000000,
    "costAndExpenses": 6183000000,
    "interestIncome": 22000000,
    "interestExpense": 90000000,
    "depreciationAndAmortization": 250000000,
    "ebitda": 1559000000,
    "ebitdaratio": 0.2084782027,
    "operatingIncome": 1295000000,
    "operatingIncomeRatio": 0.1731746456,
    "totalOtherIncomeExpensesNet": -76000000,
    "incomeBeforeTax": 1219000000,
    "incomeBeforeTaxRatio": 0.1630115004,
    "incomeTaxExpense": 120000000,
    "netIncome": 1081000000,
    "netIncomeRatio": 0.1445573683,
    "eps": 1.54,
    "epsdiluted": 1.53,
    "weightedAverageShsOut": 702300000,
    "weightedAverageShsOutDil": 708100000,
    "link": "https://www.sec.gov/Archives/edgar/data/773840/000077384020000038/0000773840-20-000038-index.htm",
    "finalLink": "https://www.sec.gov/Archives/edgar/data/773840/000077384020000038/hon-20200630.htm"
  },
  {
    "date": "2020-03-31",
    "symbol": "HON",
    "reportedCurrency": "USD",
    "cik": "0000773840",
    "fillingDate": "2020-05-01",
    "acceptedDate": "2020-05-01 09:34:13",
    "calendarYear": "2020",
    "period": "Q1",
    "revenue": 8463000000,
    "costOfRevenue": 5545000000,
    "grossProfit": 2918000000,
    "grossProfitRatio": 0.34479499,
    "researchAndDevelopmentExpenses": 0,
    "generalAndAdministrativeExpenses": 0,
    "sellingAndMarketingExpenses": 0,
    "sellingGeneralAndAdministrativeExpenses": 1196000000,
    "otherExpenses": 0,
    "operatingExpenses": 1196000000,
    "costAndExpenses": 6741000000,
    "interestIncome": 44000000,
    "interestExpense": 73000000,
    "depreciationAndAmortization": 243000000,
    "ebitda": 2251000000,
    "ebitdaratio": 0.2659813305,
    "operatingIncome": 1722000000,
    "operatingIncomeRatio": 0.2034739454,
    "totalOtherIncomeExpensesNet": 213000000,
    "incomeBeforeTax": 1935000000,
    "incomeBeforeTaxRatio": 0.2286423254,
    "incomeTaxExpense": 329000000,
    "netIncome": 1581000000,
    "netIncomeRatio": 0.1868131868,
    "eps": 2.23,
    "epsdiluted": 2.21,
    "weightedAverageShsOut": 709600000,
    "weightedAverageShsOutDil": 717000000,
    "link": "https://www.sec.gov/Archives/edgar/data/773840/000077384020000025/0000773840-20-000025-index.htm",
    "finalLink": "https://www.sec.gov/Archives/edgar/data/773840/000077384020000025/hon0331202010q.htm"
  },
  {
    "date": "2019-12-31",
    "symbol": "HON",
    "reportedCurrency": "USD",
    "cik": "0000773840",
    "fillingDate": "2020-02-14",
    "acceptedDate": "2020-02-14 13:25:35",
    "calendarYear": "2019",
    "period": "Q4",
    "revenue": 9495000000,
    "costOfRevenue": 6272000000,
    "grossProfit": 3223000000,
    "grossProfitRatio": 0.3394418115,
    "researchAndDevelopmentExpenses": 0,
    "generalAndAdministrativeExpenses": 0,
    "sellingAndMarketingExpenses": 0,
    "sellingGeneralAndAdministrativeExpenses": 1305000000,
    "otherExpenses": 0,
    "operatingExpenses": 1305000000,
    "costAndExpenses": 7577000000,
    "interestIncome": 61000000,
    "interestExpense": 91000000,
    "depreciationAndAmortization": 269000000,
    "ebitda": 2080000000,
    "ebitdaratio": 0.2190626646,
    "operatingIncome": 1918000000,
    "operatingIncomeRatio": 0.2020010532,
    "totalOtherIncomeExpensesNet": -150000000,
    "incomeBeforeTax": 1768000000,
    "incomeBeforeTaxRatio": 0.1862032649,
    "incomeTaxExpense": 178000000,
    "netIncome": 1562000000,
    "netIncomeRatio": 0.1645076356,
    "eps": 2.19,
    "epsdiluted": 2.16,
    "weightedAverageShsOut": 713500000,
    "weightedAverageShsOutDil": 722600000,
    "link": "https://www.sec.gov/Archives/edgar/data/773840/000077384020000009/0000773840-20-000009-index.htm",
    "finalLink": "https://www.sec.gov/Archives/edgar/data/773840/000077384020000009/hon1231201910k.htm"
  },
  {
    "date": "2019-09-30",
    "symbol": "HON",
    "reportedCurrency": "USD",
    "cik": "0000773840",
    "fillingDate": "2019-10-17",
    "acceptedDate": "2019-10-17 09:06:47",
    "calendarYear": "2019",
    "period": "Q3",
    "revenue": 9085000000,
    "costOfRevenue": 5978000000,
    "grossProfit": 3107000000,
    "grossProfitRatio": 0.341992295,
    "researchAndDevelopmentExpenses": 0,
    "generalAndAdministrativeExpenses": 0,
    "sellingAndMarketingExpenses": 0,
    "sellingGeneralAndAdministrativeExpenses": 1275000000,
    "otherExpenses": 0,
    "operatingExpenses": 1275000000,
    "costAndExpenses": 7253000000,
    "interestIncome": 64000000,
    "interestExpense": 96000000,
    "depreciationAndAmortization": 263000000,
    "ebitda": 2381000000,
    "ebitdaratio": 0.2620803522,
    "operatingIncome": 1832000000,
    "operatingIncomeRatio": 0.2016510732,
    "totalOtherIncomeExpensesNet": 135000000,
    "incomeBeforeTax": 1967000000,
    "incomeBeforeTaxRatio": 0.216510732,
    "incomeTaxExpense": 319000000,
    "netIncome": 1624000000,
    "netIncomeRatio": 0.1787561915,
    "eps": 2.26,
    "epsdiluted": 2.23,
    "weightedAverageShsOut": 717600000,
    "weightedAverageShsOutDil": 726700000,
    "link": "https://www.sec.gov/Archives/edgar/data/773840/000077384019000026/0000773840-19-000026-index.htm",
    "finalLink": "https://www.sec.gov/Archives/edgar/data/773840/000077384019000026/hon0930201910q.htm"
  },
  {
    "date": "2019-06-30",
    "symbol": "HON",
    "reportedCurrency": "USD",
    "cik": "0000773840",
    "fillingDate": "2019-07-18",
    "acceptedDate": "2019-07-18 08:29:25",
    "calendarYear": "2019",
    "period": "Q2",
    "revenue": 9242000000,
    "costOfRevenue": 6034000000,
    "grossProfit": 3208000000,
    "grossProfitRatio": 0.3471110149,
    "researchAndDevelopmentExpenses": 0,
    "generalAndAdministrativeExpenses": 0,
    "sellingAndMarketingExpenses": 0,
    "sellingGeneralAndAdministrativeExpenses": 1336000000,
    "otherExpenses": 0,
    "operatingExpenses": 1336000000,
    "costAndExpenses": 7370000000,
    "interestIncome": 63000000,
    "interestExpense": 85000000,
    "depreciationAndAmortization": 295000000,
    "ebitda": 2399000000,
    "ebitdaratio": 0.2595758494,
    "operatingIncome": 1872000000,
    "operatingIncomeRatio": 0.2025535598,
    "totalOtherIncomeExpensesNet": 110000000,
    "incomeBeforeTax": 1982000000,
    "incomeBeforeTaxRatio": 0.2144557455,
    "incomeTaxExpense": 426000000,
    "netIncome": 1541000000,
    "netIncomeRatio": 0.1667388011,
    "eps": 2.13,
    "epsdiluted": 2.1,
    "weightedAverageShsOut": 723200000,
    "weightedAverageShsOutDil": 733000000,
    "link": "https://www.sec.gov/Archives/edgar/data/773840/000077384019000013/0000773840-19-000013-index.htm",
    "finalLink": "https://www.sec.gov/Archives/edgar/data/773840/000077384019000013/hon0630201910q.htm"
  },
  {
    "date": "2019-03-31",
    "symbol": "HON",
    "reportedCurrency": "USD",
    "cik": "0000773840",
    "fillingDate": "2019-04-18",
    "acceptedDate": "2019-04-18 08:30:42",
    "calendarYear": "2019",
    "period": "Q1",
    "revenue": 8884000000,
    "costOfRevenue": 5846000000,
    "grossProfit": 3038000000,
    "grossProfitRatio": 0.3419630797,
    "researchAndDevelopmentExpenses": 0,
    "generalAndAdministrativeExpenses": 0,
    "sellingAndMarketingExpenses": 0,
    "sellingGeneralAndAdministrativeExpenses": 1334000000,
    "otherExpenses": 0,
    "operatingExpenses": 1334000000,
    "costAndExpenses": 7180000000,
    "interestIncome": 67000000,
    "interestExpense": 85000000,
    "depreciationAndAmortization": 261000000,
    "ebitda": 2212000000,
    "ebitdaratio": 0.2489869428,
    "operatingIncome": 1704000000,
    "operatingIncomeRatio": 0.191805493,
    "totalOtherIncomeExpensesNet": 138000000,
    "incomeBeforeTax": 1842000000,
    "incomeBeforeTaxRatio": 0.2073390365,
    "incomeTaxExpense": 406000000,
    "netIncome": 1416000000,
    "netIncomeRatio": 0.1593876632,
    "eps": 1.94,
    "epsdiluted": 1.92,
    "weightedAverageShsOut": 729700000,
    "weightedAverageShsOutDil": 738800000,
    "link": "https://www.sec.gov/Archives/edgar/data/773840/000162828019004415/0001628280-19-004415-index.htm",
    "finalLink": "https://www.sec.gov/Archives/edgar/data/773840/000162828019004415/hon0331201910q.htm"
  },
  {
    "date": "2018-12-31",
    "symbol": "HON",
    "reportedCurrency": "USD",
    "cik": "0000773840",
    "fillingDate": "2019-02-08",
    "acceptedDate": "2019-02-08 14:09:10",
    "calendarYear": "2018",
    "period": "Q4",
    "revenue": 9729000000,
    "costOfRevenue": 6479000000,
    "grossProfit": 3250000000,
    "grossProfitRatio": 0.3340528317,
    "researchAndDevelopmentExpenses": 0,
    "generalAndAdministrativeExpenses": 0,
    "sellingAndMarketingExpenses": 0,
    "sellingGeneralAndAdministrativeExpenses": 1395000000,
    "otherExpenses": 0,
    "operatingExpenses": 1395000000,
    "costAndExpenses": 7874000000,
    "interestIncome": 63000000,
    "interestExpense": 90000000,
    "depreciationAndAmortization": 254000000,
    "ebitda": 2102000000,
    "ebitdaratio": 0.216055093,
    "operatingIncome": 1855000000,
    "operatingIncomeRatio": 0.1906670778,
    "totalOtherIncomeExpensesNet": -135000000,
    "incomeBeforeTax": 1720000000,
    "incomeBeforeTaxRatio": 0.1767910371,
    "incomeTaxExpense": -20000000,
    "netIncome": 1721000000,
    "netIncomeRatio": 0.1768938226,
    "eps": 2.34,
    "epsdiluted": 2.31,
    "weightedAverageShsOut": 734000000,
    "weightedAverageShsOutDil": 743900000,
    "link": "https://www.sec.gov/Archives/edgar/data/773840/000093041319000366/0000930413-19-000366-index.htm",
    "finalLink": "https://www.sec.gov/Archives/edgar/data/773840/000093041319000366/c92779_10k.htm"
  },
  {
    "date": "2018-09-30",
    "symbol": "HON",
    "reportedCurrency": "USD",
    "cik": "0000773840",
    "fillingDate": "2018-10-19",
    "acceptedDate": "2018-10-19 09:08:08",
    "calendarYear": "2018",
    "period": "Q3",
    "revenue": 10762000000,
    "costOfRevenue": 7295000000,
    "grossProfit": 3467000000,
    "grossProfitRatio": 0.3221520164,
    "researchAndDevelopmentExpenses": 0,
    "generalAndAdministrativeExpenses": 0,
    "sellingAndMarketingExpenses": 0,
    "sellingGeneralAndAdministrativeExpenses": 1486000000,
    "otherExpenses": 0,
    "operatingExpenses": 1486000000,
    "costAndExpenses": 8781000000,
    "interestIncome": 55000000,
    "interestExpense": 99000000,
    "depreciationAndAmortization": 286000000,
    "ebitda": 2231000000,
    "ebitdaratio": 0.2073034752,
    "operatingIncome": 1981000000,
    "operatingIncomeRatio": 0.1840735923,
    "totalOtherIncomeExpensesNet": -123000000,
    "incomeBeforeTax": 1858000000,
    "incomeBeforeTaxRatio": 0.1726444899,
    "incomeTaxExpense": -498000000,
    "netIncome": 2338000000,
    "netIncomeRatio": 0.2172458651,
    "eps": 3.15,
    "epsdiluted": 3.11,
    "weightedAverageShsOut": 741800000,
    "weightedAverageShsOutDil": 752000000,
    "link": "https://www.sec.gov/Archives/edgar/data/773840/000093041318003111/0000930413-18-003111-index.htm",
    "finalLink": "https://www.sec.gov/Archives/edgar/data/773840/000093041318003111/c92183_10q.htm"
  },
  {
    "date": "2018-06-30",
    "symbol": "HON",
    "reportedCurrency": "USD",
    "cik": "0000773840",
    "fillingDate": "2018-07-20",
    "acceptedDate": "2018-07-20 11:08:44",
    "calendarYear": "2018",
    "period": "Q2",
    "revenue": 10919000000,
    "costOfRevenue": 7398000000,
    "grossProfit": 3521000000,
    "grossProfitRatio": 0.3224654272,
    "researchAndDevelopmentExpenses": 0,
    "generalAndAdministrativeExpenses": 0,
    "sellingAndMarketingExpenses": 0,
    "sellingGeneralAndAdministrativeExpenses": 1478000000,
    "otherExpenses": 0,
    "operatingExpenses": 1478000000,
    "costAndExpenses": 8876000000,
    "interestIncome": 49000000,
    "interestExpense": 95000000,
    "depreciationAndAmortization": 288000000,
    "ebitda": 2365000000,
    "ebitdaratio": 0.2165949263,
    "operatingIncome": 2043000000,
    "operatingIncomeRatio": 0.1871050462,
    "totalOtherIncomeExpensesNet": -44000000,
    "incomeBeforeTax": 1999000000,
    "incomeBeforeTaxRatio": 0.1830753732,
    "incomeTaxExpense": 719000000,
    "netIncome": 1267000000,
    "netIncomeRatio": 0.1160362671,
    "eps": 1.7,
    "epsdiluted": 1.68,
    "weightedAverageShsOut": 745500000,
    "weightedAverageShsOutDil": 755000000,
    "link": "https://www.sec.gov/Archives/edgar/data/773840/000093041318002303/0000930413-18-002303-index.htm",
    "finalLink": "https://www.sec.gov/Archives/edgar/data/773840/000093041318002303/c91619_10q.htm"
  },
  {
    "date": "2018-03-31",
    "symbol": "HON",
    "reportedCurrency": "USD",
    "cik": "0000773840",
    "fillingDate": "2018-04-20",
    "acceptedDate": "2018-04-20 13:15:24",
    "calendarYear": "2018",
    "period": "Q1",
    "revenue": 10395000000,
    "costOfRevenue": 7041000000,
    "grossProfit": 3354000000,
    "grossProfitRatio": 0.3226551227,
    "researchAndDevelopmentExpenses": 0,
    "generalAndAdministrativeExpenses": 0,
    "sellingAndMarketingExpenses": 0,
    "sellingGeneralAndAdministrativeExpenses": 1455000000,
    "otherExpenses": 0,
    "operatingExpenses": 1455000000,
    "costAndExpenses": 8496000000,
    "interestIncome": 50000000,
    "interestExpense": 83000000,
    "depreciationAndAmortization": 288000000,
    "ebitda": 2236000000,
    "ebitdaratio": 0.2151034151,
    "operatingIncome": 1899000000,
    "operatingIncomeRatio": 0.1826839827,
    "totalOtherIncomeExpensesNet": 12000000,
    "incomeBeforeTax": 1909000000,
    "incomeBeforeTaxRatio": 0.1836459836,
    "incomeTaxExpense": 458000000,
    "netIncome": 1439000000,
    "netIncomeRatio": 0.1384319384,
    "eps": 1.92,
    "epsdiluted": 1.89,
    "weightedAverageShsOut": 750600000,
    "weightedAverageShsOutDil": 761000000,
    "link": "https://www.sec.gov/Archives/edgar/data/773840/000093041318001371/0000930413-18-001371-index.htm",
    "finalLink": "https://www.sec.gov/Archives/edgar/data/773840/000093041318001371/c90468_10q.htm"
  },
  {
    "date": "2017-12-31",
    "symbol": "HON",
    "reportedCurrency": "USD",
    "cik": "0000773840",
    "fillingDate": "2018-02-09",
    "acceptedDate": "2018-02-09 14:29:41",
    "calendarYear": "2017",
    "period": "Q4",
    "revenue": 10843000000,
    "costOfRevenue": 7310000000,
    "grossProfit": 3533000000,
    "grossProfitRatio": 0.3258323342,
    "researchAndDevelopmentExpenses": 0,
    "generalAndAdministrativeExpenses": 0,
    "sellingAndMarketingExpenses": 0,
    "sellingGeneralAndAdministrativeExpenses": 1551000000,
    "otherExpenses": 0,
    "operatingExpenses": 1551000000,
    "costAndExpenses": 8861000000,
    "interestIncome": 151000000,
    "interestExpense": 81000000,
    "depreciationAndAmortization": 283000000,
    "ebitda": 1987000000,
    "ebitdaratio": 0.1832518676,
    "operatingIncome": 1982000000,
    "operatingIncomeRatio": 0.1827907406,
    "totalOtherIncomeExpensesNet": -315000000,
    "incomeBeforeTax": 1617000000,
    "incomeBeforeTaxRatio": 0.14912847,
    "incomeTaxExpense": 4016000000,
    "netIncome": -2411000000,
    "netIncomeRatio": -0.2223554367,
    "eps": -3.18,
    "epsdiluted": -3.18,
    "weightedAverageShsOut": 757805486,
    "weightedAverageShsOutDil": 758800000,
    "link": "https://www.sec.gov/Archives/edgar/data/773840/000093041318000292/0000930413-18-000292-index.htm",
    "finalLink": "https://www.sec.gov/Archives/edgar/data/773840/000093041318000292/c89913_10k.htm"
  },
  {
    "date": "2017-09-30",
    "symbol": "HON",
    "reportedCurrency": "USD",
    "cik": "0000773840",
    "fillingDate": "2017-10-20",
    "acceptedDate": "2017-10-20 12:39:16",
    "calendarYear": "2017",
    "period": "Q3",
    "revenue": 10121000000,
    "costOfRevenue": 6680000000,
    "grossProfit": 3441000000,
    "grossProfitRatio": 0.3399861674,
    "researchAndDevelopmentExpenses": 0,
    "generalAndAdministrativeExpenses": 0,
    "sellingAndMarketingExpenses": 0,
    "sellingGeneralAndAdministrativeExpenses": 1410000000,
    "otherExpenses": 0,
    "operatingExpenses": 1410000000,
    "costAndExpenses": 8090000000,
    "interestIncome": 39000000,
    "interestExpense": 81000000,
    "depreciationAndAmortization": 285000000,
    "ebitda": 2145000000,
    "ebitdaratio": 0.2119355795,
    "operatingIncome": 2031000000,
    "operatingIncomeRatio": 0.2006718704,
    "totalOtherIncomeExpensesNet": -248000000,
    "incomeBeforeTax": 1783000000,
    "incomeBeforeTaxRatio": 0.1761683628,
    "incomeTaxExpense": 418000000,
    "netIncome": 1345000000,
    "netIncomeRatio": 0.1328920067,
    "eps": 1.76,
    "epsdiluted": 1.74,
    "weightedAverageShsOut": 762200000,
    "weightedAverageShsOutDil": 771400000,
    "link": "https://www.sec.gov/Archives/edgar/data/773840/000093041317003588/0000930413-17-003588-index.htm",
    "finalLink": "https://www.sec.gov/Archives/edgar/data/773840/000093041317003588/c89545_10q.htm"
  },
  {
    "date": "2017-06-30",
    "symbol": "HON",
    "reportedCurrency": "USD",
    "cik": "0000773840",
    "fillingDate": "2017-07-21",
    "acceptedDate": "2017-07-21 11:57:57",
    "calendarYear": "2017",
    "period": "Q2",
    "revenue": 10078000000,
    "costOfRevenue": 6850000000,
    "grossProfit": 3228000000,
    "grossProfitRatio": 0.3203016472,
    "researchAndDevelopmentExpenses": 0,
    "generalAndAdministrativeExpenses": 0,
    "sellingAndMarketingExpenses": 0,
    "sellingGeneralAndAdministrativeExpenses": 1432000000,
    "otherExpenses": 0,
    "operatingExpenses": 1432000000,
    "costAndExpenses": 8282000000,
    "interestIncome": 36000000,
    "interestExpense": 79000000,
    "depreciationAndAmortization": 276000000,
    "ebitda": 2124000000,
    "ebitdaratio": 0.2107561024,
    "operatingIncome": 1796000000,
    "operatingIncomeRatio": 0.1782099623,
    "totalOtherIncomeExpensesNet": -18000000,
    "incomeBeforeTax": 1778000000,
    "incomeBeforeTaxRatio": 0.1764238936,
    "incomeTaxExpense": 378000000,
    "netIncome": 1392000000,
    "netIncomeRatio": 0.1381226434,
    "eps": 1.82,
    "epsdiluted": 1.8,
    "weightedAverageShsOut": 764200000,
    "weightedAverageShsOutDil": 774000000,
    "link": "https://www.sec.gov/Archives/edgar/data/773840/000093041317002534/0000930413-17-002534-index.htm",
    "finalLink": "https://www.sec.gov/Archives/edgar/data/773840/000093041317002534/c88930_10q.htm"
  },
  {
    "date": "2017-03-31",
    "symbol": "HON",
    "reportedCurrency": "USD",
    "cik": "0000773840",
    "fillingDate": "2017-04-21",
    "acceptedDate": "2017-04-21 12:59:30",
    "calendarYear": "2017",
    "period": "Q1",
    "revenue": 9492000000,
    "costOfRevenue": 6220000000,
    "grossProfit": 3272000000,
    "grossProfitRatio": 0.3447113359,
    "researchAndDevelopmentExpenses": 0,
    "generalAndAdministrativeExpenses": 0,
    "sellingAndMarketingExpenses": 0,
    "sellingGeneralAndAdministrativeExpenses": 1356000000,
    "otherExpenses": 0,
    "operatingExpenses": 1356000000,
    "costAndExpenses": 7576000000,
    "interestIncome": 31000000,
    "interestExpense": 75000000,
    "depreciationAndAmortization": 271000000,
    "ebitda": 2059000000,
    "ebitdaratio": 0.2169195112,
    "operatingIncome": 1916000000,
    "operatingIncomeRatio": 0.201854193,
    "totalOtherIncomeExpensesNet": -192000000,
    "incomeBeforeTax": 1724000000,
    "incomeBeforeTaxRatio": 0.181626633,
    "incomeTaxExpense": 392000000,
    "netIncome": 1326000000,
    "netIncomeRatio": 0.1396965866,
    "eps": 1.74,
    "epsdiluted": 1.71,
    "weightedAverageShsOut": 763100000,
    "weightedAverageShsOutDil": 773900000,
    "link": "https://www.sec.gov/Archives/edgar/data/773840/000093041317001646/0000930413-17-001646-index.htm",
    "finalLink": "https://www.sec.gov/Archives/edgar/data/773840/000093041317001646/c88130_10q.htm"
  },
  {
    "date": "2016-12-31",
    "symbol": "HON",
    "reportedCurrency": "USD",
    "cik": "0000773840",
    "fillingDate": "2017-02-10",
    "acceptedDate": "2017-02-10 15:53:13",
    "calendarYear": "2016",
    "period": "Q4",
    "revenue": 9985000000,
    "costOfRevenue": 6767000000,
    "grossProfit": 3218000000,
    "grossProfitRatio": 0.3222834251,
    "researchAndDevelopmentExpenses": 0,
    "generalAndAdministrativeExpenses": 0,
    "sellingAndMarketingExpenses": 0,
    "sellingGeneralAndAdministrativeExpenses": 1477000000,
    "otherExpenses": 0,
    "operatingExpenses": 1477000000,
    "costAndExpenses": 8244000000,
    "interestIncome": 0,
    "interestExpense": 86000000,
    "depreciationAndAmortization": 257000000,
    "ebitda": 1727000000,
    "ebitdaratio": 0.1729594392,
    "operatingIncome": 1741000000,
    "operatingIncomeRatio": 0.1743615423,
    "totalOtherIncomeExpensesNet": -309000000,
    "incomeBeforeTax": 1432000000,
    "incomeBeforeTaxRatio": 0.1434151227,
    "incomeTaxExpense": 387000000,
    "netIncome": 1034000000,
    "netIncomeRatio": 0.103555333,
    "eps": 1.36,
    "epsdiluted": 1.34,
    "weightedAverageShsOut": 762400000,
    "weightedAverageShsOutDil": 772300000,
    "link": "https://www.sec.gov/Archives/edgar/data/773840/000093041317000391/0000930413-17-000391-index.htm",
    "finalLink": "https://www.sec.gov/Archives/edgar/data/773840/000093041317000391/c86783_10k.htm"
  },
  {
    "date": "2016-09-30",
    "symbol": "HON",
    "reportedCurrency": "USD",
    "cik": "0000773840",
    "fillingDate": "2016-10-21",
    "acceptedDate": "2016-10-21 11:53:59",
    "calendarYear": "2016",
    "period": "Q3",
    "revenue": 9804000000,
    "costOfRevenue": 6677000000,
    "grossProfit": 3127000000,
    "grossProfitRatio": 0.3189514484,
    "researchAndDevelopmentExpenses": 0,
    "generalAndAdministrativeExpenses": 0,
    "sellingAndMarketingExpenses": 0,
    "sellingGeneralAndAdministrativeExpenses": 1314000000,
    "otherExpenses": 0,
    "operatingExpenses": 1314000000,
    "costAndExpenses": 7991000000,
    "interestIncome": 0,
    "interestExpense": 82000000,
    "depreciationAndAmortization": 260000000,
    "ebitda": 1960000000,
    "ebitdaratio": 0.1999184007,
    "operatingIncome": 1813000000,
    "operatingIncomeRatio": 0.1849245206,
    "totalOtherIncomeExpensesNet": -181000000,
    "incomeBeforeTax": 1632000000,
    "incomeBeforeTaxRatio": 0.1664626683,
    "incomeTaxExpense": 384000000,
    "netIncome": 1240000000,
    "netIncomeRatio": 0.1264789882,
    "eps": 1.62,
    "epsdiluted": 1.6,
    "weightedAverageShsOut": 763700000,
    "weightedAverageShsOutDil": 774400000,
    "link": "https://www.sec.gov/Archives/edgar/data/773840/000093041316008530/0000930413-16-008530-index.htm",
    "finalLink": "https://www.sec.gov/Archives/edgar/data/773840/000093041316008530/c86383_10q.htm"
  },
  {
    "date": "2016-06-30",
    "symbol": "HON",
    "reportedCurrency": "USD",
    "cik": "0000773840",
    "fillingDate": "2016-07-22",
    "acceptedDate": "2016-07-22 14:58:20",
    "calendarYear": "2016",
    "period": "Q2",
    "revenue": 9991000000,
    "costOfRevenue": 6821000000,
    "grossProfit": 3170000000,
    "grossProfitRatio": 0.317285557,
    "researchAndDevelopmentExpenses": 0,
    "generalAndAdministrativeExpenses": 0,
    "sellingAndMarketingExpenses": 0,
    "sellingGeneralAndAdministrativeExpenses": 1329000000,
    "otherExpenses": -1000000,
    "operatingExpenses": 1329000000,
    "costAndExpenses": 8150000000,
    "interestIncome": 0,
    "interestExpense": 85000000,
    "depreciationAndAmortization": 260000000,
    "ebitda": 2101000000,
    "ebitdaratio": 0.2102892603,
    "operatingIncome": 1841000000,
    "operatingIncomeRatio": 0.1842658393,
    "totalOtherIncomeExpensesNet": -86000000,
    "incomeBeforeTax": 1755000000,
    "incomeBeforeTaxRatio": 0.1756580923,
    "incomeTaxExpense": 465000000,
    "netIncome": 1319000000,
    "netIncomeRatio": 0.1320188169,
    "eps": 1.73,
    "epsdiluted": 1.7,
    "weightedAverageShsOut": 763300000,
    "weightedAverageShsOutDil": 774900000,
    "link": "https://www.sec.gov/Archives/edgar/data/773840/000093041316007670/0000930413-16-007670-index.htm",
    "finalLink": "https://www.sec.gov/Archives/edgar/data/773840/000093041316007670/c85530_10q.htm"
  },
  {
    "date": "2016-03-31",
    "symbol": "HON",
    "reportedCurrency": "USD",
    "cik": "0000773840",
    "fillingDate": "2016-04-22",
    "acceptedDate": "2016-04-22 11:16:44",
    "calendarYear": "2016",
    "period": "Q1",
    "revenue": 9522000000,
    "costOfRevenue": 6547000000,
    "grossProfit": 2975000000,
    "grossProfitRatio": 0.3124343625,
    "researchAndDevelopmentExpenses": 0,
    "generalAndAdministrativeExpenses": 0,
    "sellingAndMarketingExpenses": 0,
    "sellingGeneralAndAdministrativeExpenses": 1280000000,
    "otherExpenses": 0,
    "operatingExpenses": 1280000000,
    "costAndExpenses": 7827000000,
    "interestIncome": 0,
    "interestExpense": 85000000,
    "depreciationAndAmortization": 253000000,
    "ebitda": 1948000000,
    "ebitdaratio": 0.20457887,
    "operatingIncome": 1695000000,
    "operatingIncomeRatio": 0.1780088217,
    "totalOtherIncomeExpensesNet": -67000000,
    "incomeBeforeTax": 1628000000,
    "incomeBeforeTaxRatio": 0.1709724848,
    "incomeTaxExpense": 432000000,
    "netIncome": 1216000000,
    "netIncomeRatio": 0.1277042638,
    "eps": 1.58,
    "epsdiluted": 1.56,
    "weightedAverageShsOut": 767900000,
    "weightedAverageShsOutDil": 779600000,
    "link": "https://www.sec.gov/Archives/edgar/data/773840/000093041316006542/0000930413-16-006542-index.htm",
    "finalLink": "https://www.sec.gov/Archives/edgar/data/773840/000093041316006542/c84644_10q.htm"
  },
  {
    "date": "2015-12-31",
    "symbol": "HON",
    "reportedCurrency": "USD",
    "cik": "0000773840",
    "fillingDate": "2016-02-12",
    "acceptedDate": "2016-02-12 13:41:09",
    "calendarYear": "2015",
    "period": "Q4",
    "revenue": 9982000000,
    "costOfRevenue": 6917000000,
    "grossProfit": 3065000000,
    "grossProfitRatio": 0.3070526949,
    "researchAndDevelopmentExpenses": 2854000000,
    "generalAndAdministrativeExpenses": 0,
    "sellingAndMarketingExpenses": 0,
    "sellingGeneralAndAdministrativeExpenses": 1332000000,
    "otherExpenses": 4000000,
    "operatingExpenses": 1332000000,
    "costAndExpenses": 8249000000,
    "interestIncome": 104000000,
    "interestExpense": 84000000,
    "depreciationAndAmortization": 222000000,
    "ebitda": 1955000000,
    "ebitdaratio": 0.1958525346,
    "operatingIncome": 1733000000,
    "operatingIncomeRatio": 0.1736125025,
    "totalOtherIncomeExpensesNet": -80000000,
    "incomeBeforeTax": 1653000000,
    "incomeBeforeTaxRatio": 0.1655980765,
    "incomeTaxExpense": 450000000,
    "netIncome": 1194000000,
    "netIncomeRatio": 0.1196153076,
    "eps": 1.55,
    "epsdiluted": 1.53,
    "weightedAverageShsOut": 771800000,
    "weightedAverageShsOutDil": 780800000,
    "link": "https://www.sec.gov/Archives/edgar/data/773840/000093041316005457/0000930413-16-005457-index.htm",
    "finalLink": "https://www.sec.gov/Archives/edgar/data/773840/000093041316005457/c83288_10k.htm"
  },
  {
    "date": "2015-09-30",
    "symbol": "HON",
    "reportedCurrency": "USD",
    "cik": "0000773840",
    "fillingDate": "2015-10-16",
    "acceptedDate": "2015-10-16 12:21:03",
    "calendarYear": "2015",
    "period": "Q3",
    "revenue": 9611000000,
    "costOfRevenue": 6654000000,
    "grossProfit": 2957000000,
    "grossProfitRatio": 0.3076682967,
    "researchAndDevelopmentExpenses": 0,
    "generalAndAdministrativeExpenses": 0,
    "sellingAndMarketingExpenses": 0,
    "sellingGeneralAndAdministrativeExpenses": 1202000000,
    "otherExpenses": 0,
    "operatingExpenses": 1202000000,
    "costAndExpenses": 7856000000,
    "interestIncome": 0,
    "interestExpense": 72000000,
    "depreciationAndAmortization": 219000000,
    "ebitda": 1974000000,
    "ebitdaratio": 0.2053896577,
    "operatingIncome": 1755000000,
    "operatingIncomeRatio": 0.1826032671,
    "totalOtherIncomeExpensesNet": -48000000,
    "incomeBeforeTax": 1707000000,
    "incomeBeforeTaxRatio": 0.1776089897,
    "incomeTaxExpense": 431000000,
    "netIncome": 1264000000,
    "netIncomeRatio": 0.1315159713,
    "eps": 1.62,
    "epsdiluted": 1.6,
    "weightedAverageShsOut": 780400000,
    "weightedAverageShsOutDil": 789500000,
    "link": "https://www.sec.gov/Archives/edgar/data/773840/000093041315004011/0000930413-15-004011-index.htm",
    "finalLink": "https://www.sec.gov/Archives/edgar/data/773840/000093041315004011/c82747_10q.htm"
  },
  {
    "date": "2015-06-30",
    "symbol": "HON",
    "reportedCurrency": "USD",
    "cik": "0000773840",
    "fillingDate": "2015-07-17",
    "acceptedDate": "2015-07-17 12:05:20",
    "calendarYear": "2015",
    "period": "Q2",
    "revenue": 9775000000,
    "costOfRevenue": 6814000000,
    "grossProfit": 2961000000,
    "grossProfitRatio": 0.302915601,
    "researchAndDevelopmentExpenses": 0,
    "generalAndAdministrativeExpenses": 0,
    "sellingAndMarketingExpenses": 0,
    "sellingGeneralAndAdministrativeExpenses": 1242000000,
    "otherExpenses": 0,
    "operatingExpenses": 1242000000,
    "costAndExpenses": 8056000000,
    "interestIncome": 0,
    "interestExpense": 77000000,
    "depreciationAndAmortization": 226000000,
    "ebitda": 1945000000,
    "ebitdaratio": 0.1989769821,
    "operatingIncome": 1719000000,
    "operatingIncomeRatio": 0.1758567775,
    "totalOtherIncomeExpensesNet": -57000000,
    "incomeBeforeTax": 1662000000,
    "incomeBeforeTaxRatio": 0.1700255754,
    "incomeTaxExpense": 440000000,
    "netIncome": 1194000000,
    "netIncomeRatio": 0.1221483376,
    "eps": 1.52,
    "epsdiluted": 1.51,
    "weightedAverageShsOut": 783300000,
    "weightedAverageShsOutDil": 792900000,
    "link": "https://www.sec.gov/Archives/edgar/data/773840/000093041315003083/0000930413-15-003083-index.htm",
    "finalLink": "https://www.sec.gov/Archives/edgar/data/773840/000093041315003083/c81857_10q.htm"
  },
  {
    "date": "2015-03-31",
    "symbol": "HON",
    "reportedCurrency": "USD",
    "cik": "0000773840",
    "fillingDate": "2015-04-17",
    "acceptedDate": "2015-04-17 12:01:48",
    "calendarYear": "2015",
    "period": "Q1",
    "revenue": 9213000000,
    "costOfRevenue": 6362000000,
    "grossProfit": 2851000000,
    "grossProfitRatio": 0.3094540323,
    "researchAndDevelopmentExpenses": 0,
    "generalAndAdministrativeExpenses": 0,
    "sellingAndMarketingExpenses": 0,
    "sellingGeneralAndAdministrativeExpenses": 1230000000,
    "otherExpenses": 0,
    "operatingExpenses": 1230000000,
    "costAndExpenses": 7592000000,
    "interestIncome": 0,
    "interestExpense": 77000000,
    "depreciationAndAmortization": 216000000,
    "ebitda": 1837000000,
    "ebitdaratio": 0.1993921632,
    "operatingIncome": 1621000000,
    "operatingIncomeRatio": 0.1759470314,
    "totalOtherIncomeExpensesNet": -57000000,
    "incomeBeforeTax": 1564000000,
    "incomeBeforeTaxRatio": 0.1697601216,
    "incomeTaxExpense": 418000000,
    "netIncome": 1116000000,
    "netIncomeRatio": 0.1211331814,
    "eps": 1.42,
    "epsdiluted": 1.41,
    "weightedAverageShsOut": 783800000,
    "weightedAverageShsOutDil": 794000000,
    "link": "https://www.sec.gov/Archives/edgar/data/773840/000093041315001806/0000930413-15-001806-index.htm",
    "finalLink": "https://www.sec.gov/Archives/edgar/data/773840/000093041315001806/c81050_10q.htm"
  },
  {
    "date": "2014-12-31",
    "symbol": "HON",
    "reportedCurrency": "USD",
    "cik": "0000773840",
    "fillingDate": "2015-02-13",
    "acceptedDate": "2015-02-13 13:45:03",
    "calendarYear": "2014",
    "period": "Q4",
    "revenue": 10266000000,
    "costOfRevenue": 7566000000,
    "grossProfit": 2700000000,
    "grossProfitRatio": 0.2630040912,
    "researchAndDevelopmentExpenses": 2926000000,
    "generalAndAdministrativeExpenses": 0,
    "sellingAndMarketingExpenses": 0,
    "sellingGeneralAndAdministrativeExpenses": 1460000000,
    "otherExpenses": 146000000,
    "operatingExpenses": 1460000000,
    "costAndExpenses": 9026000000,
    "interestIncome": 31000000,
    "interestExpense": 82000000,
    "depreciationAndAmortization": 226000000,
    "ebitda": 1466000000,
    "ebitdaratio": 0.1428014806,
    "operatingIncome": 1240000000,
    "operatingIncomeRatio": 0.1207870641,
    "totalOtherIncomeExpensesNet": 64000000,
    "incomeBeforeTax": 1304000000,
    "incomeBeforeTaxRatio": 0.1270212351,
    "incomeTaxExpense": 329000000,
    "netIncome": 956000000,
    "netIncomeRatio": 0.0931229301,
    "eps": 1.22,
    "epsdiluted": 1.2,
    "weightedAverageShsOut": 783800000,
    "weightedAverageShsOutDil": 794100000,
    "link": "https://www.sec.gov/Archives/edgar/data/773840/000093041315000621/0000930413-15-000621-index.htm",
    "finalLink": "https://www.sec.gov/Archives/edgar/data/773840/000093041315000621/c79276_10k.htm"
  },
  {
    "date": "2014-09-30",
    "symbol": "HON",
    "reportedCurrency": "USD",
    "cik": "0000773840",
    "fillingDate": "2014-10-17",
    "acceptedDate": "2014-10-17 12:26:17",
    "calendarYear": "2014",
    "period": "Q3",
    "revenue": 10108000000,
    "costOfRevenue": 7128000000,
    "grossProfit": 2980000000,
    "grossProfitRatio": 0.2948159873,
    "researchAndDevelopmentExpenses": 0,
    "generalAndAdministrativeExpenses": 0,
    "sellingAndMarketingExpenses": 0,
    "sellingGeneralAndAdministrativeExpenses": 1344000000,
    "otherExpenses": -1000000,
    "operatingExpenses": 1344000000,
    "costAndExpenses": 8472000000,
    "interestIncome": 24000000,
    "interestExpense": 77000000,
    "depreciationAndAmortization": 227000000,
    "ebitda": 1863000000,
    "ebitdaratio": 0.1843094579,
    "operatingIncome": 1636000000,
    "operatingIncomeRatio": 0.1618519984,
    "totalOtherIncomeExpensesNet": -56000000,
    "incomeBeforeTax": 1580000000,
    "incomeBeforeTaxRatio": 0.1563118322,
    "incomeTaxExpense": 388000000,
    "netIncome": 1167000000,
    "netIncomeRatio": 0.1154531065,
    "eps": 1.49,
    "epsdiluted": 1.47,
    "weightedAverageShsOut": 784500000,
    "weightedAverageShsOutDil": 795000000,
    "link": "https://www.sec.gov/Archives/edgar/data/773840/000093041314004352/0000930413-14-004352-index.htm",
    "finalLink": "https://www.sec.gov/Archives/edgar/data/773840/000093041314004352/c78978_10q.htm"
  },
  {
    "date": "2014-06-30",
    "symbol": "HON",
    "reportedCurrency": "USD",
    "cik": "0000773840",
    "fillingDate": "2014-07-18",
    "acceptedDate": "2014-07-18 11:16:49",
    "calendarYear": "2014",
    "period": "Q2",
    "revenue": 10253000000,
    "costOfRevenue": 7296000000,
    "grossProfit": 2957000000,
    "grossProfitRatio": 0.2884033941,
    "researchAndDevelopmentExpenses": 0,
    "generalAndAdministrativeExpenses": 0,
    "sellingAndMarketingExpenses": 0,
    "sellingGeneralAndAdministrativeExpenses": 1375000000,
    "otherExpenses": 0,
    "operatingExpenses": 1375000000,
    "costAndExpenses": 8671000000,
    "interestIncome": 25000000,
    "interestExpense": 80000000,
    "depreciationAndAmortization": 233000000,
    "ebitda": 1815000000,
    "ebitdaratio": 0.1770213596,
    "operatingIncome": 1582000000,
    "operatingIncomeRatio": 0.1542963035,
    "totalOtherIncomeExpensesNet": -59000000,
    "incomeBeforeTax": 1523000000,
    "incomeBeforeTaxRatio": 0.1485418902,
    "incomeTaxExpense": 397000000,
    "netIncome": 1099000000,
    "netIncomeRatio": 0.1071881401,
    "eps": 1.4,
    "epsdiluted": 1.38,
    "weightedAverageShsOut": 784500000,
    "weightedAverageShsOutDil": 795400000,
    "link": "https://www.sec.gov/Archives/edgar/data/773840/000093041314003256/0000930413-14-003256-index.htm",
    "finalLink": "https://www.sec.gov/Archives/edgar/data/773840/000093041314003256/c78118_10q.htm"
  },
  {
    "date": "2014-03-31",
    "symbol": "HON",
    "reportedCurrency": "USD",
    "cik": "0000773840",
    "fillingDate": "2014-04-17",
    "acceptedDate": "2014-04-17 10:49:59",
    "calendarYear": "2014",
    "period": "Q1",
    "revenue": 9679000000,
    "costOfRevenue": 6967000000,
    "grossProfit": 2712000000,
    "grossProfitRatio": 0.2801942349,
    "researchAndDevelopmentExpenses": 0,
    "generalAndAdministrativeExpenses": 0,
    "sellingAndMarketingExpenses": 0,
    "sellingGeneralAndAdministrativeExpenses": 1339000000,
    "otherExpenses": -2000000,
    "operatingExpenses": 1339000000,
    "costAndExpenses": 8306000000,
    "interestIncome": 22000000,
    "interestExpense": 79000000,
    "depreciationAndAmortization": 238000000,
    "ebitda": 1611000000,
    "ebitdaratio": 0.1664428143,
    "operatingIncome": 1373000000,
    "operatingIncomeRatio": 0.1418534973,
    "totalOtherIncomeExpensesNet": 38000000,
    "incomeBeforeTax": 1411000000,
    "incomeBeforeTaxRatio": 0.1457795227,
    "incomeTaxExpense": 375000000,
    "netIncome": 1017000000,
    "netIncomeRatio": 0.1050728381,
    "eps": 1.3,
    "epsdiluted": 1.28,
    "weightedAverageShsOut": 784900000,
    "weightedAverageShsOutDil": 796400000,
    "link": "https://www.sec.gov/Archives/edgar/data/773840/000093041314001831/0000930413-14-001831-index.htm",
    "finalLink": "https://www.sec.gov/Archives/edgar/data/773840/000093041314001831/c77214_10q.htm"
  },
  {
    "date": "2013-12-31",
    "symbol": "HON",
    "reportedCurrency": "USD",
    "cik": "0000773840",
    "fillingDate": "2014-02-14",
    "acceptedDate": "2014-02-14 09:15:25",
    "calendarYear": "2013",
    "period": "Q4",
    "revenue": 10387000000,
    "costOfRevenue": 7612000000,
    "grossProfit": 2775000000,
    "grossProfitRatio": 0.2671608742,
    "researchAndDevelopmentExpenses": 2773000000,
    "generalAndAdministrativeExpenses": 0,
    "sellingAndMarketingExpenses": 0,
    "sellingGeneralAndAdministrativeExpenses": 1438000000,
    "otherExpenses": 185000000,
    "operatingExpenses": 1438000000,
    "costAndExpenses": 9050000000,
    "interestIncome": 22000000,
    "interestExpense": 83000000,
    "depreciationAndAmortization": 249000000,
    "ebitda": 1586000000,
    "ebitdaratio": 0.1526908636,
    "operatingIncome": 1337000000,
    "operatingIncomeRatio": 0.1287185905,
    "totalOtherIncomeExpensesNet": 102000000,
    "incomeBeforeTax": 1439000000,
    "incomeBeforeTaxRatio": 0.1385385578,
    "incomeTaxExpense": 475000000,
    "netIncome": 947000000,
    "netIncomeRatio": 0.0911716569,
    "eps": 1.2,
    "epsdiluted": 1.19,
    "weightedAverageShsOut": 785900000,
    "weightedAverageShsOutDil": 797000000,
    "link": "https://www.sec.gov/Archives/edgar/data/773840/000093041314000634/0000930413-14-000634-index.htm",
    "finalLink": "https://www.sec.gov/Archives/edgar/data/773840/000093041314000634/c75936_10k.htm"
  },
  {
    "date": "2013-09-30",
    "symbol": "HON",
    "reportedCurrency": "USD",
    "cik": "0000773840",
    "fillingDate": "2013-10-18",
    "acceptedDate": "2013-10-18 11:04:11",
    "calendarYear": "2013",
    "period": "Q3",
    "revenue": 9647000000,
    "costOfRevenue": 6942000000,
    "grossProfit": 2705000000,
    "grossProfitRatio": 0.2803980512,
    "researchAndDevelopmentExpenses": 0,
    "generalAndAdministrativeExpenses": 0,
    "sellingAndMarketingExpenses": 0,
    "sellingGeneralAndAdministrativeExpenses": 1242000000,
    "otherExpenses": 1000000,
    "operatingExpenses": 1242000000,
    "costAndExpenses": 8184000000,
    "interestIncome": 15000000,
    "interestExpense": 80000000,
    "depreciationAndAmortization": 245000000,
    "ebitda": 1708000000,
    "ebitdaratio": 0.1770498601,
    "operatingIncome": 1463000000,
    "operatingIncomeRatio": 0.1516533637,
    "totalOtherIncomeExpensesNet": -79000000,
    "incomeBeforeTax": 1384000000,
    "incomeBeforeTaxRatio": 0.1434642894,
    "incomeTaxExpense": 377000000,
    "netIncome": 990000000,
    "netIncomeRatio": 0.102622577,
    "eps": 1.26,
    "epsdiluted": 1.24,
    "weightedAverageShsOut": 786300000,
    "weightedAverageShsOutDil": 797100000,
    "link": "https://www.sec.gov/Archives/edgar/data/773840/000093041313004995/0000930413-13-004995-index.htm",
    "finalLink": "https://www.sec.gov/Archives/edgar/data/773840/000093041313004995/c75329_10q.htm"
  },
  {
    "date": "2013-06-30",
    "symbol": "HON",
    "reportedCurrency": "USD",
    "cik": "0000773840",
    "fillingDate": "2013-07-19",
    "acceptedDate": "2013-07-19 11:06:56",
    "calendarYear": "2013",
    "period": "Q2",
    "revenue": 9693000000,
    "costOfRevenue": 7027000000,
    "grossProfit": 2666000000,
    "grossProfitRatio": 0.2750438461,
    "researchAndDevelopmentExpenses": 0,
    "generalAndAdministrativeExpenses": 0,
    "sellingAndMarketingExpenses": 0,
    "sellingGeneralAndAdministrativeExpenses": 1281000000,
    "otherExpenses": -1000000,
    "operatingExpenses": 1281000000,
    "costAndExpenses": 8308000000,
    "interestIncome": 15000000,
    "interestExpense": 80000000,
    "depreciationAndAmortization": 247000000,
    "ebitda": 1656000000,
    "ebitdaratio": 0.1708449396,
    "operatingIncome": 1385000000,
    "operatingIncomeRatio": 0.1428866192,
    "totalOtherIncomeExpensesNet": -56000000,
    "incomeBeforeTax": 1329000000,
    "incomeBeforeTaxRatio": 0.1371092541,
    "incomeTaxExpense": 307000000,
    "netIncome": 1021000000,
    "netIncomeRatio": 0.105333746,
    "eps": 1.3,
    "epsdiluted": 1.28,
    "weightedAverageShsOut": 787600000,
    "weightedAverageShsOutDil": 798100000,
    "link": "https://www.sec.gov/Archives/edgar/data/773840/000093041313003894/0000930413-13-003894-index.htm",
    "finalLink": "https://www.sec.gov/Archives/edgar/data/773840/000093041313003894/c74541_10q.htm"
  },
  {
    "date": "2013-03-31",
    "symbol": "HON",
    "reportedCurrency": "USD",
    "cik": "0000773840",
    "fillingDate": "2013-04-19",
    "acceptedDate": "2013-04-19 11:29:18",
    "calendarYear": "2013",
    "period": "Q1",
    "revenue": 9328000000,
    "costOfRevenue": 6783000000,
    "grossProfit": 2545000000,
    "grossProfitRatio": 0.2728344768,
    "researchAndDevelopmentExpenses": 0,
    "generalAndAdministrativeExpenses": 0,
    "sellingAndMarketingExpenses": 0,
    "sellingGeneralAndAdministrativeExpenses": 1229000000,
    "otherExpenses": 0,
    "operatingExpenses": 1229000000,
    "costAndExpenses": 8012000000,
    "interestIncome": 17000000,
    "interestExpense": 84000000,
    "depreciationAndAmortization": 248000000,
    "ebitda": 1592000000,
    "ebitdaratio": 0.1706689537,
    "operatingIncome": 1316000000,
    "operatingIncomeRatio": 0.1410806175,
    "totalOtherIncomeExpensesNet": -56000000,
    "incomeBeforeTax": 1260000000,
    "incomeBeforeTaxRatio": 0.135077187,
    "incomeTaxExpense": 291000000,
    "netIncome": 966000000,
    "netIncomeRatio": 0.1035591767,
    "eps": 1.23,
    "epsdiluted": 1.21,
    "weightedAverageShsOut": 785800000,
    "weightedAverageShsOutDil": 797100000,
    "link": "https://www.sec.gov/Archives/edgar/data/773840/000093041313002334/0000930413-13-002334-index.htm",
    "finalLink": "https://www.sec.gov/Archives/edgar/data/773840/000093041313002334/c73358_10q.htm"
  },
  {
    "date": "2012-12-31",
    "symbol": "HON",
    "reportedCurrency": "USD",
    "cik": "0000773840",
    "fillingDate": "2013-02-15",
    "acceptedDate": "2013-02-15 09:16:19",
    "calendarYear": "2012",
    "period": "Q4",
    "revenue": 9581000000,
    "costOfRevenue": 7681000000,
    "grossProfit": 1900000000,
    "grossProfitRatio": 0.1983091535,
    "researchAndDevelopmentExpenses": 2682000000,
    "generalAndAdministrativeExpenses": 0,
    "sellingAndMarketingExpenses": 0,
    "sellingGeneralAndAdministrativeExpenses": 1523000000,
    "otherExpenses": 16000000,
    "operatingExpenses": 1523000000,
    "costAndExpenses": 9204000000,
    "interestIncome": 16000000,
    "interestExpense": 87000000,
    "depreciationAndAmortization": 245000000,
    "ebitda": 638000000,
    "ebitdaratio": 0.0665901263,
    "operatingIncome": 377000000,
    "operatingIncomeRatio": 0.039348711,
    "totalOtherIncomeExpensesNet": -71000000,
    "incomeBeforeTax": 306000000,
    "incomeBeforeTaxRatio": 0.031938211,
    "incomeTaxExpense": 51000000,
    "netIncome": 251000000,
    "netIncomeRatio": 0.0261976829,
    "eps": 0.32,
    "epsdiluted": 0.32,
    "weightedAverageShsOut": 787200000,
    "weightedAverageShsOutDil": 796400000,
    "link": "https://www.sec.gov/Archives/edgar/data/773840/000093041313000907/0000930413-13-000907-index.htm",
    "finalLink": "https://www.sec.gov/Archives/edgar/data/773840/000093041313000907/c72130_10-k.htm"
  },
  {
    "date": "2012-09-30",
    "symbol": "HON",
    "reportedCurrency": "USD",
    "cik": "0000773840",
    "fillingDate": "2012-10-19",
    "acceptedDate": "2012-10-19 11:19:16",
    "calendarYear": "2012",
    "period": "Q3",
    "revenue": 9342000000,
    "costOfRevenue": 6808000000,
    "grossProfit": 2534000000,
    "grossProfitRatio": 0.2712481267,
    "researchAndDevelopmentExpenses": 0,
    "generalAndAdministrativeExpenses": 0,
    "sellingAndMarketingExpenses": 0,
    "sellingGeneralAndAdministrativeExpenses": 1238000000,
    "otherExpenses": 1000000,
    "operatingExpenses": 1238000000,
    "costAndExpenses": 8046000000,
    "interestIncome": 14000000,
    "interestExpense": 88000000,
    "depreciationAndAmortization": 226000000,
    "ebitda": 1538000000,
    "ebitdaratio": 0.1646328409,
    "operatingIncome": 1296000000,
    "operatingIncomeRatio": 0.1387283237,
    "totalOtherIncomeExpensesNet": -72000000,
    "incomeBeforeTax": 1224000000,
    "incomeBeforeTaxRatio": 0.1310211946,
    "incomeTaxExpense": 278000000,
    "netIncome": 950000000,
    "netIncomeRatio": 0.1016912867,
    "eps": 1.21,
    "epsdiluted": 1.2,
    "weightedAverageShsOut": 783600000,
    "weightedAverageShsOutDil": 792500000,
    "link": "https://www.sec.gov/Archives/edgar/data/773840/000093041312005805/0000930413-12-005805-index.htm",
    "finalLink": "https://www.sec.gov/Archives/edgar/data/773840/000093041312005805/c71218_10-q.htm"
  },
  {
    "date": "2012-06-30",
    "symbol": "HON",
    "reportedCurrency": "USD",
    "cik": "0000773840",
    "fillingDate": "2012-07-18",
    "acceptedDate": "2012-07-18 10:33:45",
    "calendarYear": "2012",
    "period": "Q2",
    "revenue": 9435000000,
    "costOfRevenue": 6922000000,
    "grossProfit": 2513000000,
    "grossProfitRatio": 0.2663487016,
    "researchAndDevelopmentExpenses": 0,
    "generalAndAdministrativeExpenses": 0,
    "sellingAndMarketingExpenses": 0,
    "sellingGeneralAndAdministrativeExpenses": 1226000000,
    "otherExpenses": -1000000,
    "operatingExpenses": 1226000000,
    "costAndExpenses": 8148000000,
    "interestIncome": 14000000,
    "interestExpense": 87000000,
    "depreciationAndAmortization": 225000000,
    "ebitda": 1535000000,
    "ebitdaratio": 0.1626921039,
    "operatingIncome": 1287000000,
    "operatingIncomeRatio": 0.1364069952,
    "totalOtherIncomeExpensesNet": -64000000,
    "incomeBeforeTax": 1223000000,
    "incomeBeforeTaxRatio": 0.1296237414,
    "incomeTaxExpense": 318000000,
    "netIncome": 902000000,
    "netIncomeRatio": 0.0956014838,
    "eps": 1.15,
    "epsdiluted": 1.14,
    "weightedAverageShsOut": 781400000,
    "weightedAverageShsOutDil": 790500000,
    "link": "https://www.sec.gov/Archives/edgar/data/773840/000093041312003974/0000930413-12-003974-index.htm",
    "finalLink": "https://www.sec.gov/Archives/edgar/data/773840/000093041312003974/c70260_10-q.htm"
  },
  {
    "date": "2012-03-31",
    "symbol": "HON",
    "reportedCurrency": "USD",
    "cik": "0000773840",
    "fillingDate": "2012-04-20",
    "acceptedDate": "2012-04-20 12:05:41",
    "calendarYear": "2012",
    "period": "Q1",
    "revenue": 9307000000,
    "costOfRevenue": 6880000000,
    "grossProfit": 2427000000,
    "grossProfitRatio": 0.2607714623,
    "researchAndDevelopmentExpenses": 0,
    "generalAndAdministrativeExpenses": 0,
    "sellingAndMarketingExpenses": 0,
    "sellingGeneralAndAdministrativeExpenses": 1231000000,
    "otherExpenses": 1000000,
    "operatingExpenses": 1231000000,
    "costAndExpenses": 8111000000,
    "interestIncome": 14000000,
    "interestExpense": 89000000,
    "depreciationAndAmortization": 230000000,
    "ebitda": 1441000000,
    "ebitdaratio": 0.1548296981,
    "operatingIncome": 1196000000,
    "operatingIncomeRatio": 0.128505426,
    "totalOtherIncomeExpensesNet": -74000000,
    "incomeBeforeTax": 1122000000,
    "incomeBeforeTaxRatio": 0.1205544214,
    "incomeTaxExpense": 297000000,
    "netIncome": 823000000,
    "netIncomeRatio": 0.0884280649,
    "eps": 1.06,
    "epsdiluted": 1.04,
    "weightedAverageShsOut": 777300000,
    "weightedAverageShsOutDil": 788100000,
    "link": "https://www.sec.gov/Archives/edgar/data/773840/000093041312002323/0000930413-12-002323-index.htm",
    "finalLink": "https://www.sec.gov/Archives/edgar/data/773840/000093041312002323/c69322_10-q.htm"
  },
  {
    "date": "2011-12-31",
    "symbol": "HON",
    "reportedCurrency": "USD",
    "cik": "0000773840",
    "fillingDate": "2012-02-17",
    "acceptedDate": "2012-02-17 13:58:44",
    "calendarYear": "2011",
    "period": "Q4",
    "revenue": 9473000000,
    "costOfRevenue": 8435000000,
    "grossProfit": 1038000000,
    "grossProfitRatio": 0.1095745804,
    "researchAndDevelopmentExpenses": 0,
    "generalAndAdministrativeExpenses": 0,
    "sellingAndMarketingExpenses": 0,
    "sellingGeneralAndAdministrativeExpenses": 1616000000,
    "otherExpenses": 0,
    "operatingExpenses": 1616000000,
    "costAndExpenses": 10051000000,
    "interestIncome": 16000000,
    "interestExpense": 91000000,
    "depreciationAndAmortization": 253000000,
    "ebitda": -313000000,
    "ebitdaratio": -0.0330412752,
    "operatingIncome": -578000000,
    "operatingIncomeRatio": -0.0610155178,
    "totalOtherIncomeExpensesNet": -79000000,
    "incomeBeforeTax": -657000000,
    "incomeBeforeTaxRatio": -0.069355009,
    "incomeTaxExpense": -350000000,
    "netIncome": -310000000,
    "netIncomeRatio": -0.0327245857,
    "eps": -0.4,
    "epsdiluted": -0.4,
    "weightedAverageShsOut": 774700000,
    "weightedAverageShsOutDil": 784300000,
    "link": "https://www.sec.gov/Archives/edgar/data/773840/000093041312000976/0000930413-12-000976-index.htm",
    "finalLink": "https://www.sec.gov/Archives/edgar/data/773840/000093041312000976/c68029_10k.htm"
  },
  {
    "date": "2011-09-30",
    "symbol": "HON",
    "reportedCurrency": "USD",
    "cik": "0000773840",
    "fillingDate": "2011-10-21",
    "acceptedDate": "2011-10-21 13:54:08",
    "calendarYear": "2011",
    "period": "Q3",
    "revenue": 9298000000,
    "costOfRevenue": 7033000000,
    "grossProfit": 2265000000,
    "grossProfitRatio": 0.2436007744,
    "researchAndDevelopmentExpenses": 0,
    "generalAndAdministrativeExpenses": 0,
    "sellingAndMarketingExpenses": 0,
    "sellingGeneralAndAdministrativeExpenses": 1303000000,
    "otherExpenses": 0,
    "operatingExpenses": 1303000000,
    "costAndExpenses": 8336000000,
    "interestIncome": 15000000,
    "interestExpense": 90000000,
    "depreciationAndAmortization": 226000000,
    "ebitda": 1209000000,
    "ebitdaratio": 0.130027963,
    "operatingIncome": 962000000,
    "operatingIncomeRatio": 0.1034631103,
    "totalOtherIncomeExpensesNet": -69000000,
    "incomeBeforeTax": 893000000,
    "incomeBeforeTaxRatio": 0.0960421596,
    "incomeTaxExpense": 207000000,
    "netIncome": 862000000,
    "netIncomeRatio": 0.0927081093,
    "eps": 1.11,
    "epsdiluted": 1.1,
    "weightedAverageShsOut": 778200000,
    "weightedAverageShsOutDil": 786900000,
    "link": "https://www.sec.gov/Archives/edgar/data/773840/000093041311006765/0000930413-11-006765-index.htm",
    "finalLink": "https://www.sec.gov/Archives/edgar/data/773840/000093041311006765/c67090_10-q.htm"
  },
  {
    "date": "2011-06-30",
    "symbol": "HON",
    "reportedCurrency": "USD",
    "cik": "0000773840",
    "fillingDate": "2011-07-22",
    "acceptedDate": "2011-07-22 11:00:18",
    "calendarYear": "2011",
    "period": "Q2",
    "revenue": 9086000000,
    "costOfRevenue": 6664000000,
    "grossProfit": 2422000000,
    "grossProfitRatio": 0.2665639445,
    "researchAndDevelopmentExpenses": 0,
    "generalAndAdministrativeExpenses": 0,
    "sellingAndMarketingExpenses": 0,
    "sellingGeneralAndAdministrativeExpenses": 1248000000,
    "otherExpenses": 0,
    "operatingExpenses": 1248000000,
    "costAndExpenses": 7912000000,
    "interestIncome": 14000000,
    "interestExpense": 96000000,
    "depreciationAndAmortization": 236000000,
    "ebitda": 1432000000,
    "ebitdaratio": 0.1576051068,
    "operatingIncome": 1174000000,
    "operatingIncomeRatio": 0.1292097733,
    "totalOtherIncomeExpensesNet": -74000000,
    "incomeBeforeTax": 1100000000,
    "incomeBeforeTaxRatio": 0.1210653753,
    "incomeTaxExpense": 304000000,
    "netIncome": 810000000,
    "netIncomeRatio": 0.08914814,
    "eps": 1.03,
    "epsdiluted": 1.02,
    "weightedAverageShsOut": 785000000,
    "weightedAverageShsOutDil": 797300000,
    "link": "https://www.sec.gov/Archives/edgar/data/773840/000093041311004879/0000930413-11-004879-index.htm",
    "finalLink": "https://www.sec.gov/Archives/edgar/data/773840/000093041311004879/c66327_10q.htm"
  },
  {
    "date": "2011-03-31",
    "symbol": "HON",
    "reportedCurrency": "USD",
    "cik": "0000773840",
    "fillingDate": "2011-04-21",
    "acceptedDate": "2011-04-21 16:18:39",
    "calendarYear": "2011",
    "period": "Q1",
    "revenue": 8909000000,
    "costOfRevenue": 6610000000,
    "grossProfit": 2299000000,
    "grossProfitRatio": 0.2580536536,
    "researchAndDevelopmentExpenses": 0,
    "generalAndAdministrativeExpenses": 0,
    "sellingAndMarketingExpenses": 0,
    "sellingGeneralAndAdministrativeExpenses": 1254000000,
    "otherExpenses": 0,
    "operatingExpenses": 1254000000,
    "costAndExpenses": 7864000000,
    "interestIncome": 13000000,
    "interestExpense": 99000000,
    "depreciationAndAmortization": 242000000,
    "ebitda": 1045000000,
    "ebitdaratio": 0.1172971153,
    "operatingIncome": 1045000000,
    "operatingIncomeRatio": 0.1172971153,
    "totalOtherIncomeExpensesNet": -41000000,
    "incomeBeforeTax": 975000000,
    "incomeBeforeTaxRatio": 0.1094398922,
    "incomeTaxExpense": 267000000,
    "netIncome": 705000000,
    "netIncomeRatio": 0.0791334605,
    "eps": 0.9,
    "epsdiluted": 0.88,
    "weightedAverageShsOut": 785500000,
    "weightedAverageShsOutDil": 797700000,
    "link": "https://www.sec.gov/Archives/edgar/data/773840/000093041311002923/0000930413-11-002923-index.htm",
    "finalLink": "https://www.sec.gov/Archives/edgar/data/773840/000093041311002923/c65159_10-q.htm"
  },
  {
    "date": "2010-12-31",
    "symbol": "HON",
    "reportedCurrency": "USD",
    "cik": "0000773840",
    "fillingDate": "2011-02-11",
    "acceptedDate": "2011-02-11 12:04:55",
    "calendarYear": "2010",
    "period": "Q4",
    "revenue": 9041000000,
    "costOfRevenue": 6779000000,
    "grossProfit": 2262000000,
    "grossProfitRatio": 0.2501935627,
    "researchAndDevelopmentExpenses": 0,
    "generalAndAdministrativeExpenses": 0,
    "sellingAndMarketingExpenses": 0,
    "sellingGeneralAndAdministrativeExpenses": 1242000000,
    "otherExpenses": 0,
    "operatingExpenses": 1242000000,
    "costAndExpenses": 8021000000,
    "interestIncome": -29000000,
    "interestExpense": 92000000,
    "depreciationAndAmortization": 271000000,
    "ebitda": 1300000000,
    "ebitdaratio": 0.1437894038,
    "operatingIncome": 1020000000,
    "operatingIncomeRatio": 0.1128193784,
    "totalOtherIncomeExpensesNet": -83000000,
    "incomeBeforeTax": 937000000,
    "incomeBeforeTaxRatio": 0.103638978,
    "incomeTaxExpense": 268000000,
    "netIncome": 669000000,
    "netIncomeRatio": 0.0739962394,
    "eps": 0.86,
    "epsdiluted": 0.86,
    "weightedAverageShsOut": 776500000,
    "weightedAverageShsOutDil": 776500000,
    "link": "https://www.sec.gov/Archives/edgar/data/773840/000093041311000961/0000930413-11-000961-index.htm",
    "finalLink": "https://www.sec.gov/Archives/edgar/data/773840/000093041311000961/c63936_10-k.htm"
  },
  {
    "date": "2010-09-30",
    "symbol": "HON",
    "reportedCurrency": "USD",
    "cik": "0000773840",
    "fillingDate": "2010-10-22",
    "acceptedDate": "2010-10-22 11:39:39",
    "calendarYear": "2010",
    "period": "Q3",
    "revenue": 8392000000,
    "costOfRevenue": 6490000000,
    "grossProfit": 1902000000,
    "grossProfitRatio": 0.2266444233,
    "researchAndDevelopmentExpenses": 0,
    "generalAndAdministrativeExpenses": 0,
    "sellingAndMarketingExpenses": 0,
    "sellingGeneralAndAdministrativeExpenses": 1177000000,
    "otherExpenses": 0,
    "operatingExpenses": 1177000000,
    "costAndExpenses": 7667000000,
    "interestIncome": 13000000,
    "interestExpense": 95000000,
    "depreciationAndAmortization": 242000000,
    "ebitda": 1160000000,
    "ebitdaratio": 0.1382268827,
    "operatingIncome": 725000000,
    "operatingIncomeRatio": 0.0863918017,
    "totalOtherIncomeExpensesNet": -18000000,
    "incomeBeforeTax": 705000000,
    "incomeBeforeTaxRatio": 0.0840085796,
    "incomeTaxExpense": 208000000,
    "netIncome": 598000000,
    "netIncomeRatio": 0.0712583413,
    "eps": 0.77,
    "epsdiluted": 0.76,
    "weightedAverageShsOut": 776500000,
    "weightedAverageShsOutDil": 782800000,
    "link": "https://www.sec.gov/Archives/edgar/data/773840/000093041310005192/0000930413-10-005192-index.htm",
    "finalLink": "https://www.sec.gov/Archives/edgar/data/773840/000093041310005192/c63087_10-q.htm"
  },
  {
    "date": "2010-06-30",
    "symbol": "HON",
    "reportedCurrency": "USD",
    "cik": "0000773840",
    "fillingDate": "2010-07-23",
    "acceptedDate": "2010-07-23 09:37:31",
    "calendarYear": "2010",
    "period": "Q2",
    "revenue": 8161000000,
    "costOfRevenue": 6268000000,
    "grossProfit": 1893000000,
    "grossProfitRatio": 0.231956868,
    "researchAndDevelopmentExpenses": 0,
    "generalAndAdministrativeExpenses": 0,
    "sellingAndMarketingExpenses": 0,
    "sellingGeneralAndAdministrativeExpenses": 1162000000,
    "otherExpenses": 0,
    "operatingExpenses": 1162000000,
    "costAndExpenses": 7430000000,
    "interestIncome": 7000000,
    "interestExpense": 92000000,
    "depreciationAndAmortization": 241000000,
    "ebitda": 1099000000,
    "ebitdaratio": 0.1346648695,
    "operatingIncome": 731000000,
    "operatingIncomeRatio": 0.0895723563,
    "totalOtherIncomeExpensesNet": 36000000,
    "incomeBeforeTax": 648000000,
    "incomeBeforeTaxRatio": 0.0794020341,
    "incomeTaxExpense": 172000000,
    "netIncome": 566000000,
    "netIncomeRatio": 0.0693542458,
    "eps": 0.74,
    "epsdiluted": 0.73,
    "weightedAverageShsOut": 769600000,
    "weightedAverageShsOutDil": 775342466,
    "link": "https://www.sec.gov/Archives/edgar/data/773840/000093041310004045/0000930413-10-004045-index.htm",
    "finalLink": "https://www.sec.gov/Archives/edgar/data/773840/000093041310004045/c62311_10q.htm"
  },
  {
    "date": "2010-03-31",
    "symbol": "HON",
    "reportedCurrency": "USD",
    "cik": "0000773840",
    "fillingDate": "2010-04-23",
    "acceptedDate": "2010-04-23 14:07:51",
    "calendarYear": "2010",
    "period": "Q1",
    "revenue": 7776000000,
    "costOfRevenue": 5982000000,
    "grossProfit": 1794000000,
    "grossProfitRatio": 0.2307098765,
    "researchAndDevelopmentExpenses": 0,
    "generalAndAdministrativeExpenses": 0,
    "sellingAndMarketingExpenses": 0,
    "sellingGeneralAndAdministrativeExpenses": 1136000000,
    "otherExpenses": 0,
    "operatingExpenses": 1136000000,
    "costAndExpenses": 7118000000,
    "interestIncome": 9000000,
    "interestExpense": 107000000,
    "depreciationAndAmortization": 233000000,
    "ebitda": 1042000000,
    "ebitdaratio": 0.1340020576,
    "operatingIncome": 658000000,
    "operatingIncomeRatio": 0.0846193416,
    "totalOtherIncomeExpensesNet": -105000000,
    "incomeBeforeTax": 553000000,
    "incomeBeforeTaxRatio": 0.0711162551,
    "incomeTaxExpense": 160000000,
    "netIncome": 386000000,
    "netIncomeRatio": 0.0496399177,
    "eps": 0.5,
    "epsdiluted": 0.5,
    "weightedAverageShsOut": 765700000,
    "weightedAverageShsOutDil": 771700000,
    "link": "https://www.sec.gov/Archives/edgar/data/773840/000093041310002069/0000930413-10-002069-index.htm",
    "finalLink": "https://www.sec.gov/Archives/edgar/data/773840/000093041310002069/c61121_10q.htm"
  },
  {
    "date": "2009-12-31",
    "symbol": "HON",
    "reportedCurrency": "USD",
    "cik": "0000773840",
    "fillingDate": "2010-02-12",
    "acceptedDate": "2010-02-12 16:36:38",
    "calendarYear": "2009",
    "period": "Q4",
    "revenue": 8072000000,
    "costOfRevenue": 5950000000,
    "grossProfit": 2122000000,
    "grossProfitRatio": 0.2628840436,
    "researchAndDevelopmentExpenses": 0,
    "generalAndAdministrativeExpenses": 0,
    "sellingAndMarketingExpenses": 0,
    "sellingGeneralAndAdministrativeExpenses": 1071000000,
    "otherExpenses": 0,
    "operatingExpenses": 1071000000,
    "costAndExpenses": 7021000000,
    "interestIncome": 8000000,
    "interestExpense": 109000000,
    "depreciationAndAmortization": 246000000,
    "ebitda": 1366000000,
    "ebitdaratio": 0.1692269574,
    "operatingIncome": 1051000000,
    "operatingIncomeRatio": 0.1302031715,
    "totalOtherIncomeExpensesNet": -40000000,
    "incomeBeforeTax": 1011000000,
    "incomeBeforeTaxRatio": 0.1252477701,
    "incomeTaxExpense": 300000000,
    "netIncome": 698000000,
    "netIncomeRatio": 0.0864717542,
    "eps": 0.92,
    "epsdiluted": 0.92,
    "weightedAverageShsOut": 761000000,
    "weightedAverageShsOutDil": 761000000,
    "link": "https://www.sec.gov/Archives/edgar/data/773840/000093041310000784/0000930413-10-000784-index.htm",
    "finalLink": "https://www.sec.gov/Archives/edgar/data/773840/000093041310000784/c60039_10k.htm"
  },
  {
    "date": "2009-09-30",
    "symbol": "HON",
    "reportedCurrency": "USD",
    "cik": "0000773840",
    "fillingDate": "2009-10-23",
    "acceptedDate": "2009-10-23 11:26:34",
    "calendarYear": "2009",
    "period": "Q3",
    "revenue": 7700000000,
    "costOfRevenue": 5797000000,
    "grossProfit": 1903000000,
    "grossProfitRatio": 0.2471428571,
    "researchAndDevelopmentExpenses": 0,
    "generalAndAdministrativeExpenses": 0,
    "sellingAndMarketingExpenses": 0,
    "sellingGeneralAndAdministrativeExpenses": 1034000000,
    "otherExpenses": 0,
    "operatingExpenses": 995000000,
    "costAndExpenses": 6792000000,
    "interestIncome": 7000000,
    "interestExpense": 110000000,
    "depreciationAndAmortization": 242000000,
    "ebitda": 1150000000,
    "ebitdaratio": 0.1493506494,
    "operatingIncome": 869000000,
    "operatingIncomeRatio": 0.1128571429,
    "totalOtherIncomeExpensesNet": -71000000,
    "incomeBeforeTax": 798000000,
    "incomeBeforeTaxRatio": 0.1036363636,
    "incomeTaxExpense": 179000000,
    "netIncome": 608000000,
    "netIncomeRatio": 0.078961039,
    "eps": 0.8,
    "epsdiluted": 0.8,
    "weightedAverageShsOut": 760800000,
    "weightedAverageShsOutDil": 764000000,
    "link": "https://www.sec.gov/Archives/edgar/data/773840/000093041309005315/0000930413-09-005315-index.htm",
    "finalLink": "https://www.sec.gov/Archives/edgar/data/773840/000093041309005315/c59058_10q.htm"
  },
  {
    "date": "2009-06-30",
    "symbol": "HON",
    "reportedCurrency": "USD",
    "cik": "0000773840",
    "fillingDate": "2009-07-27",
    "acceptedDate": "2009-07-27 12:17:31",
    "calendarYear": "2009",
    "period": "Q2",
    "revenue": 7566000000,
    "costOfRevenue": 5682000000,
    "grossProfit": 1884000000,
    "grossProfitRatio": 0.2490087232,
    "researchAndDevelopmentExpenses": 0,
    "generalAndAdministrativeExpenses": 0,
    "sellingAndMarketingExpenses": 0,
    "sellingGeneralAndAdministrativeExpenses": 1084000000,
    "otherExpenses": 0,
    "operatingExpenses": 1135000000,
    "costAndExpenses": 6817000000,
    "interestIncome": 6000000,
    "interestExpense": 123000000,
    "depreciationAndAmortization": 235000000,
    "ebitda": 984000000,
    "ebitdaratio": 0.1300555115,
    "operatingIncome": 800000000,
    "operatingIncomeRatio": 0.1057361882,
    "totalOtherIncomeExpensesNet": -174000000,
    "incomeBeforeTax": 626000000,
    "incomeBeforeTaxRatio": 0.0827385673,
    "incomeTaxExpense": 166000000,
    "netIncome": 450000000,
    "netIncomeRatio": 0.0594766059,
    "eps": 0.6,
    "epsdiluted": 0.6,
    "weightedAverageShsOut": 747700000,
    "weightedAverageShsOutDil": 750100000,
    "link": "https://www.sec.gov/Archives/edgar/data/773840/000093041309003835/0000930413-09-003835-index.htm",
    "finalLink": "https://www.sec.gov/Archives/edgar/data/773840/000093041309003835/c58317_10-q.htm"
  },
  {
    "date": "2009-03-31",
    "symbol": "HON",
    "reportedCurrency": "USD",
    "cik": "0000773840",
    "fillingDate": "2009-04-24",
    "acceptedDate": "2009-04-24 10:32:46",
    "calendarYear": "2009",
    "period": "Q1",
    "revenue": 7570000000,
    "costOfRevenue": 5756000000,
    "grossProfit": 1814000000,
    "grossProfitRatio": 0.2396301189,
    "researchAndDevelopmentExpenses": 0,
    "generalAndAdministrativeExpenses": 0,
    "sellingAndMarketingExpenses": 0,
    "sellingGeneralAndAdministrativeExpenses": 1152000000,
    "otherExpenses": 0,
    "operatingExpenses": 1152000000,
    "costAndExpenses": 6908000000,
    "interestIncome": 12000000,
    "interestExpense": 117000000,
    "depreciationAndAmortization": 234000000,
    "ebitda": 894000000,
    "ebitdaratio": 0.1180977543,
    "operatingIncome": 662000000,
    "operatingIncomeRatio": 0.0874504624,
    "totalOtherIncomeExpensesNet": -119000000,
    "incomeBeforeTax": 543000000,
    "incomeBeforeTaxRatio": 0.0717305152,
    "incomeTaxExpense": 144000000,
    "netIncome": 397000000,
    "netIncomeRatio": 0.0524438573,
    "eps": 0.54,
    "epsdiluted": 0.54,
    "weightedAverageShsOut": 737700000,
    "weightedAverageShsOutDil": 739300000,
    "link": "https://www.sec.gov/Archives/edgar/data/773840/000093041309002177/0000930413-09-002177-index.htm",
    "finalLink": "https://www.sec.gov/Archives/edgar/data/773840/000093041309002177/c57151_10-q.htm"
  },
  {
    "date": "2008-12-31",
    "symbol": "HON",
    "reportedCurrency": "USD",
    "cik": "0000773840",
    "fillingDate": "2009-02-13",
    "acceptedDate": "2009-02-13 11:24:23",
    "calendarYear": "2008",
    "period": "Q4",
    "revenue": 8712000000,
    "costOfRevenue": 6523000000,
    "grossProfit": 2189000000,
    "grossProfitRatio": 0.2512626263,
    "researchAndDevelopmentExpenses": 0,
    "generalAndAdministrativeExpenses": 0,
    "sellingAndMarketingExpenses": 0,
    "sellingGeneralAndAdministrativeExpenses": 1179000000,
    "otherExpenses": 0,
    "operatingExpenses": 1179000000,
    "costAndExpenses": 7702000000,
    "interestIncome": 0,
    "interestExpense": 0,
    "depreciationAndAmortization": 210000000,
    "ebitda": 1220000000,
    "ebitdaratio": 0.1400367309,
    "operatingIncome": 1010000000,
    "operatingIncomeRatio": 0.1159320478,
    "totalOtherIncomeExpensesNet": -102000000,
    "incomeBeforeTax": 908000000,
    "incomeBeforeTaxRatio": 0.1042240588,
    "incomeTaxExpense": 201000000,
    "netIncome": 707000000,
    "netIncomeRatio": 0.0811524334,
    "eps": 0.97,
    "epsdiluted": 0.97,
    "weightedAverageShsOut": 728852696,
    "weightedAverageShsOutDil": 730900000,
    "link": "https://www.sec.gov/Archives/edgar/data/773840/000093041309000801/0000930413-09-000801-index.htm",
    "finalLink": "https://www.sec.gov/Archives/edgar/data/773840/000093041309000801/c56028_10k.htm"
  },
  {
    "date": "2008-09-30",
    "symbol": "HON",
    "reportedCurrency": "USD",
    "cik": "0000773840",
    "fillingDate": "2008-10-17",
    "acceptedDate": "2008-10-17 10:05:12",
    "calendarYear": "2008",
    "period": "Q3",
    "revenue": 9275000000,
    "costOfRevenue": 7476000000,
    "grossProfit": 1799000000,
    "grossProfitRatio": 0.1939622642,
    "researchAndDevelopmentExpenses": 0,
    "generalAndAdministrativeExpenses": 0,
    "sellingAndMarketingExpenses": 0,
    "sellingGeneralAndAdministrativeExpenses": 1309000000,
    "otherExpenses": 0,
    "operatingExpenses": 1309000000,
    "costAndExpenses": 8785000000,
    "interestIncome": 21000000,
    "interestExpense": 112000000,
    "depreciationAndAmortization": 247000000,
    "ebitda": 129000000,
    "ebitdaratio": 0.0139083558,
    "operatingIncome": 490000000,
    "operatingIncomeRatio": 0.0528301887,
    "totalOtherIncomeExpensesNet": 548000000,
    "incomeBeforeTax": 1034000000,
    "incomeBeforeTaxRatio": 0.1114824798,
    "incomeTaxExpense": 315000000,
    "netIncome": 719000000,
    "netIncomeRatio": 0.0775202156,
    "eps": 0.98,
    "epsdiluted": 0.97,
    "weightedAverageShsOut": 730900000,
    "weightedAverageShsOutDil": 737600000,
    "link": "https://www.sec.gov/Archives/edgar/data/773840/000093041308006051/0000930413-08-006051-index.htm",
    "finalLink": "https://www.sec.gov/Archives/edgar/data/773840/000093041308006051/c55291_10q.htm"
  },
  {
    "date": "2008-06-30",
    "symbol": "HON",
    "reportedCurrency": "USD",
    "cik": "0000773840",
    "fillingDate": "2008-07-18",
    "acceptedDate": "2008-07-18 10:11:39",
    "calendarYear": "2008",
    "period": "Q2",
    "revenue": 9674000000,
    "costOfRevenue": 7323000000,
    "grossProfit": 2351000000,
    "grossProfitRatio": 0.2430225346,
    "researchAndDevelopmentExpenses": 0,
    "generalAndAdministrativeExpenses": 0,
    "sellingAndMarketingExpenses": 0,
    "sellingGeneralAndAdministrativeExpenses": 1290000000,
    "otherExpenses": 0,
    "operatingExpenses": 1290000000,
    "costAndExpenses": 8613000000,
    "interestIncome": 29000000,
    "interestExpense": 115000000,
    "depreciationAndAmortization": 229000000,
    "ebitda": 1333000000,
    "ebitdaratio": 0.1377920198,
    "operatingIncome": 1061000000,
    "operatingIncomeRatio": 0.1096754186,
    "totalOtherIncomeExpensesNet": -72000000,
    "incomeBeforeTax": 984000000,
    "incomeBeforeTaxRatio": 0.1017159396,
    "incomeTaxExpense": 261000000,
    "netIncome": 723000000,
    "netIncomeRatio": 0.0747364069,
    "eps": 0.97,
    "epsdiluted": 0.96,
    "weightedAverageShsOut": 750100000,
    "weightedAverageShsOutDil": 750100000,
    "link": "https://www.sec.gov/Archives/edgar/data/773840/000093041308004331/0000930413-08-004331-index.htm",
    "finalLink": "https://www.sec.gov/Archives/edgar/data/773840/000093041308004331/c54311_10-q.htm"
  },
  {
    "date": "2008-03-31",
    "symbol": "HON",
    "reportedCurrency": "USD",
    "cik": "0000773840",
    "fillingDate": "2008-04-18",
    "acceptedDate": "2008-04-18 10:46:50",
    "calendarYear": "2008",
    "period": "Q1",
    "revenue": 8895000000,
    "costOfRevenue": 6672000000,
    "grossProfit": 2223000000,
    "grossProfitRatio": 0.249915683,
    "researchAndDevelopmentExpenses": 0,
    "generalAndAdministrativeExpenses": 0,
    "sellingAndMarketingExpenses": 0,
    "sellingGeneralAndAdministrativeExpenses": 1255000000,
    "otherExpenses": 0,
    "operatingExpenses": 1255000000,
    "costAndExpenses": 7927000000,
    "interestIncome": 25000000,
    "interestExpense": 115000000,
    "depreciationAndAmortization": 217000000,
    "ebitda": 1211000000,
    "ebitdaratio": 0.1361439011,
    "operatingIncome": 968000000,
    "operatingIncomeRatio": 0.1088251827,
    "totalOtherIncomeExpensesNet": -89000000,
    "incomeBeforeTax": 875000000,
    "incomeBeforeTaxRatio": 0.0983698707,
    "incomeTaxExpense": 232000000,
    "netIncome": 643000000,
    "netIncomeRatio": 0.0722878021,
    "eps": 0.87,
    "epsdiluted": 0.85,
    "weightedAverageShsOut": 743400000,
    "weightedAverageShsOutDil": 752900000,
    "link": "https://www.sec.gov/Archives/edgar/data/773840/000093041308002454/0000930413-08-002454-index.htm",
    "finalLink": "https://www.sec.gov/Archives/edgar/data/773840/000093041308002454/c53158_10-q.htm"
  },
  {
    "date": "2007-12-31",
    "symbol": "HON",
    "reportedCurrency": "USD",
    "cik": "0000773840",
    "fillingDate": "2008-02-15",
    "acceptedDate": "2008-02-15 12:01:53",
    "calendarYear": "2007",
    "period": "Q4",
    "revenue": 9275000000,
    "costOfRevenue": 7013000000,
    "grossProfit": 2262000000,
    "grossProfitRatio": 0.2438814016,
    "researchAndDevelopmentExpenses": 0,
    "generalAndAdministrativeExpenses": 0,
    "sellingAndMarketingExpenses": 0,
    "sellingGeneralAndAdministrativeExpenses": 1205000000,
    "otherExpenses": 0,
    "operatingExpenses": 1205000000,
    "costAndExpenses": 8218000000,
    "interestIncome": 0,
    "interestExpense": 0,
    "depreciationAndAmortization": 217000000,
    "ebitda": 1274000000,
    "ebitdaratio": 0.1373584906,
    "operatingIncome": 1057000000,
    "operatingIncomeRatio": 0.1139622642,
    "totalOtherIncomeExpensesNet": -119000000,
    "incomeBeforeTax": 938000000,
    "incomeBeforeTaxRatio": 0.1011320755,
    "incomeTaxExpense": 249000000,
    "netIncome": 689000000,
    "netIncomeRatio": 0.0742857143,
    "eps": 0.93,
    "epsdiluted": 0.93,
    "weightedAverageShsOut": 744578313,
    "weightedAverageShsOutDil": 744578313,
    "link": "https://www.sec.gov/Archives/edgar/data/773840/000093041308001037/0000930413-08-001037-index.htm",
    "finalLink": "https://www.sec.gov/Archives/edgar/data/773840/000093041308001037/c51271_10k.htm"
  },
  {
    "date": "2007-09-30",
    "symbol": "HON",
    "reportedCurrency": "USD",
    "cik": "0000773840",
    "fillingDate": "2007-10-19",
    "acceptedDate": "2007-10-19 09:02:36",
    "calendarYear": "2007",
    "period": "Q3",
    "revenue": 8735000000,
    "costOfRevenue": 6646000000,
    "grossProfit": 2089000000,
    "grossProfitRatio": 0.2391528334,
    "researchAndDevelopmentExpenses": 0,
    "generalAndAdministrativeExpenses": 0,
    "sellingAndMarketingExpenses": 0,
    "sellingGeneralAndAdministrativeExpenses": 1144000000,
    "otherExpenses": 0,
    "operatingExpenses": 1144000000,
    "costAndExpenses": 7790000000,
    "interestIncome": 0,
    "interestExpense": 124000000,
    "depreciationAndAmortization": 207000000,
    "ebitda": 1152000000,
    "ebitdaratio": 0.1318832284,
    "operatingIncome": 945000000,
    "operatingIncomeRatio": 0.1081854608,
    "totalOtherIncomeExpensesNet": -108000000,
    "incomeBeforeTax": 837000000,
    "incomeBeforeTaxRatio": 0.0958214081,
    "incomeTaxExpense": 219000000,
    "netIncome": 618000000,
    "netIncomeRatio": 0.0707498569,
    "eps": 0.83,
    "epsdiluted": 0.81,
    "weightedAverageShsOut": 744578313,
    "weightedAverageShsOutDil": 762962963,
    "link": "https://www.sec.gov/Archives/edgar/data/773840/000093041307008062/0000930413-07-008062-index.htm",
    "finalLink": "https://www.sec.gov/Archives/edgar/data/773840/000093041307008062/c50643_10-q.htm"
  },
  {
    "date": "2007-06-30",
    "symbol": "HON",
    "reportedCurrency": "USD",
    "cik": "0000773840",
    "fillingDate": "2007-07-19",
    "acceptedDate": "2007-07-19 11:16:49",
    "calendarYear": "2007",
    "period": "Q2",
    "revenue": 8538000000,
    "costOfRevenue": 6491000000,
    "grossProfit": 2047000000,
    "grossProfitRatio": 0.2397516983,
    "researchAndDevelopmentExpenses": 0,
    "generalAndAdministrativeExpenses": 0,
    "sellingAndMarketingExpenses": 0,
    "sellingGeneralAndAdministrativeExpenses": 1127000000,
    "otherExpenses": 0,
    "operatingExpenses": 1127000000,
    "costAndExpenses": 7618000000,
    "interestIncome": 0,
    "interestExpense": 0,
    "depreciationAndAmortization": 213000000,
    "ebitda": 1133000000,
    "ebitdaratio": 0.1327008667,
    "operatingIncome": 920000000,
    "operatingIncomeRatio": 0.1077535723,
    "totalOtherIncomeExpensesNet": -90000000,
    "incomeBeforeTax": 830000000,
    "incomeBeforeTaxRatio": 0.0972124619,
    "incomeTaxExpense": 219000000,
    "netIncome": 611000000,
    "netIncomeRatio": 0.0715624268,
    "eps": 0.79,
    "epsdiluted": 0.78,
    "weightedAverageShsOut": 773417722,
    "weightedAverageShsOutDil": 783333333,
    "link": "https://www.sec.gov/Archives/edgar/data/773840/000093041307006093/0000930413-07-006093-index.htm",
    "finalLink": "https://www.sec.gov/Archives/edgar/data/773840/000093041307006093/c49460_10-q.htm"
  },
  {
    "date": "2007-03-31",
    "symbol": "HON",
    "reportedCurrency": "USD",
    "cik": "0000773840",
    "fillingDate": "2007-04-20",
    "acceptedDate": "2007-04-20 09:05:09",
    "calendarYear": "2007",
    "period": "Q1",
    "revenue": 8041000000,
    "costOfRevenue": 6150000000,
    "grossProfit": 1891000000,
    "grossProfitRatio": 0.235169755,
    "researchAndDevelopmentExpenses": 0,
    "generalAndAdministrativeExpenses": 0,
    "sellingAndMarketingExpenses": 0,
    "sellingGeneralAndAdministrativeExpenses": 1089000000,
    "otherExpenses": 0,
    "operatingExpenses": 1089000000,
    "costAndExpenses": 7239000000,
    "interestIncome": 0,
    "interestExpense": 0,
    "depreciationAndAmortization": 200000000,
    "ebitda": 1002000000,
    "ebitdaratio": 0.1246113667,
    "operatingIncome": 802000000,
    "operatingIncomeRatio": 0.0997388385,
    "totalOtherIncomeExpensesNet": -86000000,
    "incomeBeforeTax": 716000000,
    "incomeBeforeTaxRatio": 0.0890436513,
    "incomeTaxExpense": 190000000,
    "netIncome": 526000000,
    "netIncomeRatio": 0.0654147494,
    "eps": 0.66,
    "epsdiluted": 0.66,
    "weightedAverageShsOut": 796969697,
    "weightedAverageShsOutDil": 796969697,
    "link": "https://www.sec.gov/Archives/edgar/data/773840/000093041307003650/0000930413-07-003650-index.htm",
    "finalLink": "https://www.sec.gov/Archives/edgar/data/773840/000093041307003650/c48047_10-q.htm"
  },
  {
    "date": "2006-12-31",
    "symbol": "HON",
    "reportedCurrency": "USD",
    "cik": "0000773840",
    "fillingDate": "2007-02-16",
    "acceptedDate": "2007-02-16 17:12:38",
    "calendarYear": "2006",
    "period": "Q4",
    "revenue": 8276000000,
    "costOfRevenue": 6358000000,
    "grossProfit": 1918000000,
    "grossProfitRatio": 0.2317544708,
    "researchAndDevelopmentExpenses": 0,
    "generalAndAdministrativeExpenses": 0,
    "sellingAndMarketingExpenses": 0,
    "sellingGeneralAndAdministrativeExpenses": 1085000000,
    "otherExpenses": 0,
    "operatingExpenses": 1085000000,
    "costAndExpenses": 7443000000,
    "interestIncome": 0,
    "interestExpense": 0,
    "depreciationAndAmortization": 198000000,
    "ebitda": 1031000000,
    "ebitdaratio": 0.1245770904,
    "operatingIncome": 833000000,
    "operatingIncomeRatio": 0.1006524891,
    "totalOtherIncomeExpensesNet": -52000000,
    "incomeBeforeTax": 781000000,
    "incomeBeforeTaxRatio": 0.0943692605,
    "incomeTaxExpense": 196000000,
    "netIncome": 585000000,
    "netIncomeRatio": 0.0706863219,
    "eps": 0.71,
    "epsdiluted": 0.71,
    "weightedAverageShsOut": 811084191,
    "weightedAverageShsOutDil": 819696970,
    "link": "https://www.sec.gov/Archives/edgar/data/773840/000093041307001369/0000930413-07-001369-index.htm",
    "finalLink": "https://www.sec.gov/Archives/edgar/data/773840/000093041307001369/c44492_10k.htm"
  },
  {
    "date": "2006-09-30",
    "symbol": "HON",
    "reportedCurrency": "USD",
    "cik": "0000773840",
    "fillingDate": "2006-10-19",
    "acceptedDate": "2006-10-19 09:34:41",
    "calendarYear": "2006",
    "period": "Q3",
    "revenue": 7952000000,
    "costOfRevenue": 6111000000,
    "grossProfit": 1841000000,
    "grossProfitRatio": 0.2315140845,
    "researchAndDevelopmentExpenses": 0,
    "generalAndAdministrativeExpenses": 0,
    "sellingAndMarketingExpenses": 0,
    "sellingGeneralAndAdministrativeExpenses": 1037000000,
    "otherExpenses": 0,
    "operatingExpenses": 1037000000,
    "costAndExpenses": 7148000000,
    "interestIncome": 0,
    "interestExpense": 97000000,
    "depreciationAndAmortization": 190000000,
    "ebitda": 994000000,
    "ebitdaratio": 0.125,
    "operatingIncome": 804000000,
    "operatingIncomeRatio": 0.1011066398,
    "totalOtherIncomeExpensesNet": -70000000,
    "incomeBeforeTax": 734000000,
    "incomeBeforeTaxRatio": 0.0923038229,
    "incomeTaxExpense": 193000000,
    "netIncome": 541000000,
    "netIncomeRatio": 0.0680331992,
    "eps": 0.66,
    "epsdiluted": 0.66,
    "weightedAverageShsOut": 819696970,
    "weightedAverageShsOutDil": 819696970,
    "link": "https://www.sec.gov/Archives/edgar/data/773840/000095011706004273/0000950117-06-004273-index.htm",
    "finalLink": "https://www.sec.gov/Archives/edgar/data/773840/000095011706004273/a44754.htm"
  },
  {
    "date": "2006-06-30",
    "symbol": "HON",
    "reportedCurrency": "USD",
    "cik": "0000773840",
    "fillingDate": "2006-07-21",
    "acceptedDate": "2006-07-21 09:52:16",
    "calendarYear": "2006",
    "period": "Q2",
    "revenue": 7898000000,
    "costOfRevenue": 6027000000,
    "grossProfit": 1871000000,
    "grossProfitRatio": 0.2368954166,
    "researchAndDevelopmentExpenses": 0,
    "generalAndAdministrativeExpenses": 0,
    "sellingAndMarketingExpenses": 0,
    "sellingGeneralAndAdministrativeExpenses": 1086000000,
    "otherExpenses": 0,
    "operatingExpenses": 1086000000,
    "costAndExpenses": 7113000000,
    "interestIncome": 0,
    "interestExpense": 0,
    "depreciationAndAmortization": 218000000,
    "ebitda": 1003000000,
    "ebitdaratio": 0.1269941757,
    "operatingIncome": 785000000,
    "operatingIncomeRatio": 0.0993922512,
    "totalOtherIncomeExpensesNet": -77000000,
    "incomeBeforeTax": 708000000,
    "incomeBeforeTaxRatio": 0.0896429476,
    "incomeTaxExpense": 187000000,
    "netIncome": 521000000,
    "netIncomeRatio": 0.0659660674,
    "eps": 0.63,
    "epsdiluted": 0.63,
    "weightedAverageShsOut": 826984127,
    "weightedAverageShsOutDil": 826984127,
    "link": "https://www.sec.gov/Archives/edgar/data/773840/000095011706003073/0000950117-06-003073-index.htm",
    "finalLink": "https://www.sec.gov/Archives/edgar/data/773840/000095011706003073/a42337.htm"
  },
  {
    "date": "2006-03-31",
    "symbol": "HON",
    "reportedCurrency": "USD",
    "cik": "0000773840",
    "fillingDate": "2006-04-24",
    "acceptedDate": "2006-04-24 17:03:37",
    "calendarYear": "2006",
    "period": "Q1",
    "revenue": 7241000000,
    "costOfRevenue": 5600000000,
    "grossProfit": 1641000000,
    "grossProfitRatio": 0.2266261566,
    "researchAndDevelopmentExpenses": 0,
    "generalAndAdministrativeExpenses": 0,
    "sellingAndMarketingExpenses": 0,
    "sellingGeneralAndAdministrativeExpenses": 1002000000,
    "otherExpenses": 0,
    "operatingExpenses": 1002000000,
    "costAndExpenses": 6602000000,
    "interestIncome": 0,
    "interestExpense": 0,
    "depreciationAndAmortization": 188000000,
    "ebitda": 827000000,
    "ebitdaratio": 0.1142107444,
    "operatingIncome": 639000000,
    "operatingIncomeRatio": 0.0882474796,
    "totalOtherIncomeExpensesNet": -64000000,
    "incomeBeforeTax": 575000000,
    "incomeBeforeTaxRatio": 0.0794089214,
    "incomeTaxExpense": 144000000,
    "netIncome": 436000000,
    "netIncomeRatio": 0.0602126778,
    "eps": 0.52,
    "epsdiluted": 0.52,
    "weightedAverageShsOut": 838461538,
    "weightedAverageShsOutDil": 838461538,
    "link": "https://www.sec.gov/Archives/edgar/data/773840/000095011706001845/0000950117-06-001845-index.htm",
    "finalLink": "https://www.sec.gov/Archives/edgar/data/773840/000095011706001845/a41849.htm"
  },
  {
    "date": "2005-12-31",
    "symbol": "HON",
    "reportedCurrency": "USD",
    "cik": "0000773840",
    "fillingDate": "2006-03-01",
    "acceptedDate": "2006-03-01 16:37:10",
    "calendarYear": "2005",
    "period": "Q4",
    "revenue": 7275000000,
    "costOfRevenue": 5595000000,
    "grossProfit": 1680000000,
    "grossProfitRatio": 0.2309278351,
    "researchAndDevelopmentExpenses": 0,
    "generalAndAdministrativeExpenses": 0,
    "sellingAndMarketingExpenses": 0,
    "sellingGeneralAndAdministrativeExpenses": 936000000,
    "otherExpenses": 0,
    "operatingExpenses": 936000000,
    "costAndExpenses": 6531000000,
    "interestIncome": 0,
    "interestExpense": 356000000,
    "depreciationAndAmortization": 181000000,
    "ebitda": 925000000,
    "ebitdaratio": 0.1271477663,
    "operatingIncome": 744000000,
    "operatingIncomeRatio": 0.1022680412,
    "totalOtherIncomeExpensesNet": -18000000,
    "incomeBeforeTax": 726000000,
    "incomeBeforeTaxRatio": 0.0997938144,
    "incomeTaxExpense": 215000000,
    "netIncome": 520000000,
    "netIncomeRatio": 0.0714776632,
    "eps": 0.61,
    "epsdiluted": 0.61,
    "weightedAverageShsOut": 840273198,
    "weightedAverageShsOutDil": 854545455,
    "link": "https://www.sec.gov/Archives/edgar/data/773840/000095011706000980/0000950117-06-000980-index.htm",
    "finalLink": "https://www.sec.gov/Archives/edgar/data/773840/000095011706000980/a41243.htm"
  },
  {
    "date": "2005-09-30",
    "symbol": "HON",
    "reportedCurrency": "USD",
    "cik": "0000773840",
    "fillingDate": "2005-10-28",
    "acceptedDate": "2005-10-28 16:56:30",
    "calendarYear": "2005",
    "period": "Q3",
    "revenue": 6899000000,
    "costOfRevenue": 5291000000,
    "grossProfit": 1608000000,
    "grossProfitRatio": 0.2330772576,
    "researchAndDevelopmentExpenses": 0,
    "generalAndAdministrativeExpenses": 0,
    "sellingAndMarketingExpenses": 0,
    "sellingGeneralAndAdministrativeExpenses": 982000000,
    "otherExpenses": 0,
    "operatingExpenses": 982000000,
    "costAndExpenses": 6273000000,
    "interestIncome": 0,
    "interestExpense": 83000000,
    "depreciationAndAmortization": 173000000,
    "ebitda": 780000000,
    "ebitdaratio": 0.1130598637,
    "operatingIncome": 626000000,
    "operatingIncomeRatio": 0.0907377881,
    "totalOtherIncomeExpensesNet": -40000000,
    "incomeBeforeTax": 586000000,
    "incomeBeforeTaxRatio": 0.0849398464,
    "incomeTaxExpense": 153000000,
    "netIncome": 464000000,
    "netIncomeRatio": 0.0672561241,
    "eps": 0.54,
    "epsdiluted": 0.54,
    "weightedAverageShsOut": 859259259,
    "weightedAverageShsOutDil": 859259259,
    "link": "https://www.sec.gov/Archives/edgar/data/773840/000095011705004116/0000950117-05-004116-index.htm",
    "finalLink": "https://www.sec.gov/Archives/edgar/data/773840/000095011705004116/a40651.htm"
  },
  {
    "date": "2005-06-30",
    "symbol": "HON",
    "reportedCurrency": "USD",
    "cik": "0000773840",
    "fillingDate": "2005-08-03",
    "acceptedDate": "2005-08-02 19:16:44",
    "calendarYear": "2005",
    "period": "Q2",
    "revenue": 7026000000,
    "costOfRevenue": 5494000000,
    "grossProfit": 1532000000,
    "grossProfitRatio": 0.2180472531,
    "researchAndDevelopmentExpenses": 0,
    "generalAndAdministrativeExpenses": 0,
    "sellingAndMarketingExpenses": 0,
    "sellingGeneralAndAdministrativeExpenses": 935000000,
    "otherExpenses": 0,
    "operatingExpenses": 935000000,
    "costAndExpenses": 6429000000,
    "interestIncome": 0,
    "interestExpense": 86000000,
    "depreciationAndAmortization": 176000000,
    "ebitda": 749000000,
    "ebitdaratio": 0.1066040421,
    "operatingIncome": 597000000,
    "operatingIncomeRatio": 0.084970111,
    "totalOtherIncomeExpensesNet": -72000000,
    "incomeBeforeTax": 525000000,
    "incomeBeforeTaxRatio": 0.0747224594,
    "incomeTaxExpense": 247000000,
    "netIncome": 302000000,
    "netIncomeRatio": 0.0429832052,
    "eps": 0.36,
    "epsdiluted": 0.36,
    "weightedAverageShsOut": 838888889,
    "weightedAverageShsOutDil": 838888889,
    "link": "https://www.sec.gov/Archives/edgar/data/773840/000095011705003059/0000950117-05-003059-index.htm",
    "finalLink": "https://www.sec.gov/Archives/edgar/data/773840/000095011705003059/a40269.htm"
  },
  {
    "date": "2005-03-31",
    "symbol": "HON",
    "reportedCurrency": "USD",
    "cik": "0000773840",
    "fillingDate": "2005-05-05",
    "acceptedDate": "2005-05-05 15:31:03",
    "calendarYear": "2005",
    "period": "Q1",
    "revenue": 6453000000,
    "costOfRevenue": 5085000000,
    "grossProfit": 1368000000,
    "grossProfitRatio": 0.2119944212,
    "researchAndDevelopmentExpenses": 0,
    "generalAndAdministrativeExpenses": 0,
    "sellingAndMarketingExpenses": 0,
    "sellingGeneralAndAdministrativeExpenses": 854000000,
    "otherExpenses": 0,
    "operatingExpenses": 854000000,
    "costAndExpenses": 5939000000,
    "interestIncome": 0,
    "interestExpense": 91000000,
    "depreciationAndAmortization": 167000000,
    "ebitda": 680000000,
    "ebitdaratio": 0.1053773439,
    "operatingIncome": 514000000,
    "operatingIncomeRatio": 0.0796528746,
    "totalOtherIncomeExpensesNet": -27000000,
    "incomeBeforeTax": 486000000,
    "incomeBeforeTaxRatio": 0.0753138075,
    "incomeTaxExpense": 127000000,
    "netIncome": 358000000,
    "netIncomeRatio": 0.0554780722,
    "eps": 0.42,
    "epsdiluted": 0.42,
    "weightedAverageShsOut": 852380952,
    "weightedAverageShsOutDil": 852380952,
    "link": "https://www.sec.gov/Archives/edgar/data/773840/000095011705001771/0000950117-05-001771-index.htm",
    "finalLink": "https://www.sec.gov/Archives/edgar/data/773840/000095011705001771/a39730.htm"
  },
  {
    "date": "2004-12-31",
    "symbol": "HON",
    "reportedCurrency": "USD",
    "cik": "0000773840",
    "fillingDate": "2005-02-25",
    "acceptedDate": "2005-02-25 17:04:43",
    "calendarYear": "2004",
    "period": "Q4",
    "revenue": 6640000000,
    "costOfRevenue": 5340000000,
    "grossProfit": 1300000000,
    "grossProfitRatio": 0.1957831325,
    "researchAndDevelopmentExpenses": 0,
    "generalAndAdministrativeExpenses": 0,
    "sellingAndMarketingExpenses": 0,
    "sellingGeneralAndAdministrativeExpenses": 865000000,
    "otherExpenses": 0,
    "operatingExpenses": 865000000,
    "costAndExpenses": 6205000000,
    "interestIncome": 0,
    "interestExpense": 0,
    "depreciationAndAmortization": 222000000,
    "ebitda": 657000000,
    "ebitdaratio": 0.0989457831,
    "operatingIncome": 435000000,
    "operatingIncomeRatio": 0.0655120482,
    "totalOtherIncomeExpensesNet": -169000000,
    "incomeBeforeTax": 266000000,
    "incomeBeforeTaxRatio": 0.040060241,
    "incomeTaxExpense": 13000000,
    "netIncome": 253000000,
    "netIncomeRatio": 0.0381024096,
    "eps": 0.29,
    "epsdiluted": 0.29,
    "weightedAverageShsOut": 845644741,
    "weightedAverageShsOutDil": 865116279,
    "link": "https://www.sec.gov/Archives/edgar/data/773840/000095011705000756/0000950117-05-000756-index.htm",
    "finalLink": "https://www.sec.gov/Archives/edgar/data/773840/000095011705000756/a38747.htm"
  },
  {
    "date": "2004-09-30",
    "symbol": "HON",
    "reportedCurrency": "USD",
    "cik": "0000773840",
    "fillingDate": "2004-11-05",
    "acceptedDate": "2004-11-05 16:30:34",
    "calendarYear": "2004",
    "period": "Q3",
    "revenue": 6395000000,
    "costOfRevenue": 5087000000,
    "grossProfit": 1308000000,
    "grossProfitRatio": 0.2045347928,
    "researchAndDevelopmentExpenses": 0,
    "generalAndAdministrativeExpenses": 0,
    "sellingAndMarketingExpenses": 0,
    "sellingGeneralAndAdministrativeExpenses": 820000000,
    "otherExpenses": 0,
    "operatingExpenses": 820000000,
    "costAndExpenses": 5907000000,
    "interestIncome": 0,
    "interestExpense": 0,
    "depreciationAndAmortization": 140000000,
    "ebitda": 694000000,
    "ebitdaratio": 0.108522283,
    "operatingIncome": 488000000,
    "operatingIncomeRatio": 0.0763096169,
    "totalOtherIncomeExpensesNet": -2000000,
    "incomeBeforeTax": 486000000,
    "incomeBeforeTaxRatio": 0.0759968726,
    "incomeTaxExpense": 114000000,
    "netIncome": 372000000,
    "netIncomeRatio": 0.0581704457,
    "eps": 0.43,
    "epsdiluted": 0.43,
    "weightedAverageShsOut": 865116279,
    "weightedAverageShsOutDil": 865116279,
    "link": "https://www.sec.gov/Archives/edgar/data/773840/000095011704003812/0000950117-04-003812-index.htm",
    "finalLink": "https://www.sec.gov/Archives/edgar/data/773840/000095011704003812/a38660.txt"
  },
  {
    "date": "2004-06-30",
    "symbol": "HON",
    "reportedCurrency": "USD",
    "cik": "0000773840",
    "fillingDate": "2004-08-02",
    "acceptedDate": "2004-08-02 16:48:35",
    "calendarYear": "2004",
    "period": "Q2",
    "revenue": 6388000000,
    "costOfRevenue": 5228000000,
    "grossProfit": 1160000000,
    "grossProfitRatio": 0.1815904822,
    "researchAndDevelopmentExpenses": 0,
    "generalAndAdministrativeExpenses": 0,
    "sellingAndMarketingExpenses": 0,
    "sellingGeneralAndAdministrativeExpenses": 823000000,
    "otherExpenses": 0,
    "operatingExpenses": 823000000,
    "costAndExpenses": 6051000000,
    "interestIncome": 0,
    "interestExpense": 0,
    "depreciationAndAmortization": 142000000,
    "ebitda": 479000000,
    "ebitdaratio": 0.0749843456,
    "operatingIncome": 337000000,
    "operatingIncomeRatio": 0.0527551659,
    "totalOtherIncomeExpensesNet": 186000000,
    "incomeBeforeTax": 523000000,
    "incomeBeforeTaxRatio": 0.0818722605,
    "incomeTaxExpense": 162000000,
    "netIncome": 361000000,
    "netIncomeRatio": 0.0565122104,
    "eps": 0.42,
    "epsdiluted": 0.42,
    "weightedAverageShsOut": 859523810,
    "weightedAverageShsOutDil": 859523810,
    "link": "https://www.sec.gov/Archives/edgar/data/773840/000095011704002768/0000950117-04-002768-index.htm",
    "finalLink": "https://www.sec.gov/Archives/edgar/data/773840/000095011704002768/a38063.txt"
  },
  {
    "date": "2004-03-31",
    "symbol": "HON",
    "reportedCurrency": "USD",
    "cik": "0000773840",
    "fillingDate": "2004-05-03",
    "acceptedDate": "2004-05-03 11:28:37",
    "calendarYear": "2004",
    "period": "Q1",
    "revenue": 6178000000,
    "costOfRevenue": 4930000000,
    "grossProfit": 1248000000,
    "grossProfitRatio": 0.202007122,
    "researchAndDevelopmentExpenses": 0,
    "generalAndAdministrativeExpenses": 0,
    "sellingAndMarketingExpenses": 0,
    "sellingGeneralAndAdministrativeExpenses": 808000000,
    "otherExpenses": 0,
    "operatingExpenses": 808000000,
    "costAndExpenses": 5738000000,
    "interestIncome": 0,
    "interestExpense": 0,
    "depreciationAndAmortization": 146000000,
    "ebitda": 586000000,
    "ebitdaratio": 0.0948527031,
    "operatingIncome": 440000000,
    "operatingIncomeRatio": 0.0712204597,
    "totalOtherIncomeExpensesNet": -35000000,
    "incomeBeforeTax": 405000000,
    "incomeBeforeTaxRatio": 0.0655551959,
    "incomeTaxExpense": 110000000,
    "netIncome": 295000000,
    "netIncomeRatio": 0.0477500809,
    "eps": 0.34,
    "epsdiluted": 0.34,
    "weightedAverageShsOut": 867647059,
    "weightedAverageShsOutDil": 867647059,
    "link": "https://www.sec.gov/Archives/edgar/data/773840/000095011704001676/0000950117-04-001676-index.htm",
    "finalLink": "https://www.sec.gov/Archives/edgar/data/773840/000095011704001676/a37596.txt"
  },
  {
    "date": "2003-12-31",
    "symbol": "HON",
    "reportedCurrency": "USD",
    "cik": "0000773840",
    "fillingDate": "2004-03-04",
    "acceptedDate": "2004-03-04 12:37:53",
    "calendarYear": "2003",
    "period": "Q4",
    "revenue": 6187000000,
    "costOfRevenue": 4972000000,
    "grossProfit": 1215000000,
    "grossProfitRatio": 0.1963795054,
    "researchAndDevelopmentExpenses": 0,
    "generalAndAdministrativeExpenses": 0,
    "sellingAndMarketingExpenses": 0,
    "sellingGeneralAndAdministrativeExpenses": 756000000,
    "otherExpenses": 0,
    "operatingExpenses": 756000000,
    "costAndExpenses": 5728000000,
    "interestIncome": 0,
    "interestExpense": 0,
    "depreciationAndAmortization": 158000000,
    "ebitda": 617000000,
    "ebitdaratio": 0.0997252303,
    "operatingIncome": 459000000,
    "operatingIncomeRatio": 0.0741878132,
    "totalOtherIncomeExpensesNet": -92000000,
    "incomeBeforeTax": 367000000,
    "incomeBeforeTaxRatio": 0.0593179247,
    "incomeTaxExpense": -40000000,
    "netIncome": 407000000,
    "netIncomeRatio": 0.0657830936,
    "eps": 0.47,
    "epsdiluted": 0.47,
    "weightedAverageShsOut": 860000000,
    "weightedAverageShsOutDil": 860000000,
    "link": "https://www.sec.gov/Archives/edgar/data/773840/000095011704000868/0000950117-04-000868-index.htm",
    "finalLink": "https://www.sec.gov/Archives/edgar/data/773840/000095011704000868/a36887.txt"
  },
  {
    "date": "2003-09-30",
    "symbol": "HON",
    "reportedCurrency": "USD",
    "cik": "0000773840",
    "fillingDate": "2003-11-07",
    "acceptedDate": "2003-11-07 15:31:42",
    "calendarYear": "2003",
    "period": "Q3",
    "revenue": 5768000000,
    "costOfRevenue": 4509000000,
    "grossProfit": 1259000000,
    "grossProfitRatio": 0.2182732316,
    "researchAndDevelopmentExpenses": 0,
    "generalAndAdministrativeExpenses": 0,
    "sellingAndMarketingExpenses": 0,
    "sellingGeneralAndAdministrativeExpenses": 729000000,
    "otherExpenses": 0,
    "operatingExpenses": 729000000,
    "costAndExpenses": 5238000000,
    "interestIncome": 0,
    "interestExpense": 0,
    "depreciationAndAmortization": 147000000,
    "ebitda": 677000000,
    "ebitdaratio": 0.117371706,
    "operatingIncome": 530000000,
    "operatingIncomeRatio": 0.0918862691,
    "totalOtherIncomeExpensesNet": -77000000,
    "incomeBeforeTax": 453000000,
    "incomeBeforeTaxRatio": 0.0785367545,
    "incomeTaxExpense": 109000000,
    "netIncome": 344000000,
    "netIncomeRatio": 0.0596393897,
    "eps": 0.4,
    "epsdiluted": 0.4,
    "weightedAverageShsOut": 860000000,
    "weightedAverageShsOutDil": 860000000,
    "link": "https://www.sec.gov/Archives/edgar/data/773840/000095011703004744/0000950117-03-004744-index.htm",
    "finalLink": "https://www.sec.gov/Archives/edgar/data/773840/000095011703004744/a36412.txt"
  },
  {
    "date": "2003-06-30",
    "symbol": "HON",
    "reportedCurrency": "USD",
    "cik": "0000773840",
    "fillingDate": "2003-08-08",
    "acceptedDate": "2003-08-08 12:09:42",
    "calendarYear": "2003",
    "period": "Q2",
    "revenue": 5749000000,
    "costOfRevenue": 4514000000,
    "grossProfit": 1235000000,
    "grossProfitRatio": 0.2148199687,
    "researchAndDevelopmentExpenses": 0,
    "generalAndAdministrativeExpenses": 0,
    "sellingAndMarketingExpenses": 0,
    "sellingGeneralAndAdministrativeExpenses": 762000000,
    "otherExpenses": 0,
    "operatingExpenses": 762000000,
    "costAndExpenses": 5276000000,
    "interestIncome": 0,
    "interestExpense": 0,
    "depreciationAndAmortization": 148000000,
    "ebitda": 621000000,
    "ebitdaratio": 0.1080187859,
    "operatingIncome": 473000000,
    "operatingIncomeRatio": 0.0822751783,
    "totalOtherIncomeExpensesNet": -26000000,
    "incomeBeforeTax": 447000000,
    "incomeBeforeTaxRatio": 0.0777526526,
    "incomeTaxExpense": 128000000,
    "netIncome": 319000000,
    "netIncomeRatio": 0.0554879109,
    "eps": 0.37,
    "epsdiluted": 0.37,
    "weightedAverageShsOut": 862162162,
    "weightedAverageShsOutDil": 862162162,
    "link": "https://www.sec.gov/Archives/edgar/data/773840/000095011703003488/0000950117-03-003488-index.htm",
    "finalLink": "https://www.sec.gov/Archives/edgar/data/773840/000095011703003488/a35884.txt"
  },
  {
    "date": "2003-03-31",
    "symbol": "HON",
    "reportedCurrency": "USD",
    "cik": "0000773840",
    "fillingDate": "2003-05-09",
    "acceptedDate": "2003-05-09 16:25:32",
    "calendarYear": "2003",
    "period": "Q1",
    "revenue": 5399000000,
    "costOfRevenue": 4240000000,
    "grossProfit": 1159000000,
    "grossProfitRatio": 0.2146693832,
    "researchAndDevelopmentExpenses": 0,
    "generalAndAdministrativeExpenses": 0,
    "sellingAndMarketingExpenses": 0,
    "sellingGeneralAndAdministrativeExpenses": 703000000,
    "otherExpenses": 0,
    "operatingExpenses": 703000000,
    "costAndExpenses": 4943000000,
    "interestIncome": 0,
    "interestExpense": 0,
    "depreciationAndAmortization": 142000000,
    "ebitda": 598000000,
    "ebitdaratio": 0.1107612521,
    "operatingIncome": 456000000,
    "operatingIncomeRatio": 0.0844600852,
    "totalOtherIncomeExpensesNet": -83000000,
    "incomeBeforeTax": 373000000,
    "incomeBeforeTaxRatio": 0.0690868679,
    "incomeTaxExpense": 99000000,
    "netIncome": 254000000,
    "netIncomeRatio": 0.0470457492,
    "eps": 0.3,
    "epsdiluted": 0.3,
    "weightedAverageShsOut": 846666667,
    "weightedAverageShsOutDil": 846666667,
    "link": "https://www.sec.gov/Archives/edgar/data/773840/000095011703002001/0000950117-03-002001-index.htm",
    "finalLink": "https://www.sec.gov/Archives/edgar/data/773840/000095011703002001/a35240.txt"
  },
  {
    "date": "2002-12-31",
    "symbol": "HON",
    "reportedCurrency": "USD",
    "cik": "0000773840",
    "fillingDate": "2003-03-06",
    "acceptedDate": "2003-03-06 14:03:01",
    "calendarYear": "2002",
    "period": "Q4",
    "revenue": 5855000000,
    "costOfRevenue": 4832000000,
    "grossProfit": 1023000000,
    "grossProfitRatio": 0.1747224594,
    "researchAndDevelopmentExpenses": 0,
    "generalAndAdministrativeExpenses": 0,
    "sellingAndMarketingExpenses": 0,
    "sellingGeneralAndAdministrativeExpenses": 782000000,
    "otherExpenses": 0,
    "operatingExpenses": 782000000,
    "costAndExpenses": 5614000000,
    "interestIncome": 0,
    "interestExpense": 0,
    "depreciationAndAmortization": 161000000,
    "ebitda": 402000000,
    "ebitdaratio": 0.0686592656,
    "operatingIncome": 241000000,
    "operatingIncomeRatio": 0.0411614005,
    "totalOtherIncomeExpensesNet": -2588000000,
    "incomeBeforeTax": -2347000000,
    "incomeBeforeTaxRatio": -0.400853971,
    "incomeTaxExpense": -880000000,
    "netIncome": -1467000000,
    "netIncomeRatio": -0.2505550811,
    "eps": -1.79,
    "epsdiluted": -1.78,
    "weightedAverageShsOut": 820394737,
    "weightedAverageShsOutDil": 824000000,
    "link": "https://www.sec.gov/Archives/edgar/data/773840/000095011703000910/0000950117-03-000910-index.htm",
    "finalLink": "https://www.sec.gov/Archives/edgar/data/773840/000095011703000910/a34239.txt"
  },
  {
    "date": "2002-09-30",
    "symbol": "HON",
    "reportedCurrency": "USD",
    "cik": "0000773840",
    "fillingDate": "2002-11-13",
    "acceptedDate": "2002-11-13 16:49:54",
    "calendarYear": "2002",
    "period": "Q3",
    "revenue": 5569000000,
    "costOfRevenue": 4236000000,
    "grossProfit": 1333000000,
    "grossProfitRatio": 0.239360747,
    "researchAndDevelopmentExpenses": 0,
    "generalAndAdministrativeExpenses": 0,
    "sellingAndMarketingExpenses": 0,
    "sellingGeneralAndAdministrativeExpenses": 698000000,
    "otherExpenses": 0,
    "operatingExpenses": 698000000,
    "costAndExpenses": 4934000000,
    "interestIncome": 0,
    "interestExpense": 0,
    "depreciationAndAmortization": 170000000,
    "ebitda": 805000000,
    "ebitdaratio": 0.1445501885,
    "operatingIncome": 635000000,
    "operatingIncomeRatio": 0.1140240618,
    "totalOtherIncomeExpensesNet": -75000000,
    "incomeBeforeTax": 560000000,
    "incomeBeforeTaxRatio": 0.1005566529,
    "incomeTaxExpense": 148000000,
    "netIncome": 412000000,
    "netIncomeRatio": 0.0739809661,
    "eps": 0.5,
    "epsdiluted": 0.5,
    "weightedAverageShsOut": 824000000,
    "weightedAverageShsOutDil": 824000000,
    "link": "https://www.sec.gov/Archives/edgar/data/773840/000095011702002685/0000950117-02-002685-index.htm",
    "finalLink": "https://www.sec.gov/Archives/edgar/data/773840/000095011702002685/a33716.txt"
  },
  {
    "date": "2002-06-30",
    "symbol": "HON",
    "reportedCurrency": "USD",
    "cik": "0000773840",
    "fillingDate": "2002-08-07",
    "acceptedDate": "2002-08-07 17:21:22",
    "calendarYear": "2002",
    "period": "Q2",
    "revenue": 5651000000,
    "costOfRevenue": 4431000000,
    "grossProfit": 1220000000,
    "grossProfitRatio": 0.2158909927,
    "researchAndDevelopmentExpenses": 0,
    "generalAndAdministrativeExpenses": 0,
    "sellingAndMarketingExpenses": 0,
    "sellingGeneralAndAdministrativeExpenses": 660000000,
    "otherExpenses": 0,
    "operatingExpenses": 660000000,
    "costAndExpenses": 5091000000,
    "interestIncome": 0,
    "interestExpense": 0,
    "depreciationAndAmortization": 164000000,
    "ebitda": 724000000,
    "ebitdaratio": 0.128118917,
    "operatingIncome": 560000000,
    "operatingIncomeRatio": 0.0990975049,
    "totalOtherIncomeExpensesNet": -245000000,
    "incomeBeforeTax": 315000000,
    "incomeBeforeTaxRatio": 0.0557423465,
    "incomeTaxExpense": -144000000,
    "netIncome": 459000000,
    "netIncomeRatio": 0.081224562,
    "eps": 0.56,
    "epsdiluted": 0.56,
    "weightedAverageShsOut": 819642857,
    "weightedAverageShsOutDil": 819642857,
    "link": "https://www.sec.gov/Archives/edgar/data/773840/000095011702001776/0000950117-02-001776-index.htm",
    "finalLink": "https://www.sec.gov/Archives/edgar/data/773840/000095011702001776/a33128.txt"
  },
  {
    "date": "2002-03-31",
    "symbol": "HON",
    "reportedCurrency": "USD",
    "cik": "0000773840",
    "fillingDate": "2002-05-08",
    "acceptedDate": "2002-05-08 17:11:57",
    "calendarYear": "2002",
    "period": "Q1",
    "revenue": 5199000000,
    "costOfRevenue": 4116000000,
    "grossProfit": 1083000000,
    "grossProfitRatio": 0.2083092902,
    "researchAndDevelopmentExpenses": 0,
    "generalAndAdministrativeExpenses": 0,
    "sellingAndMarketingExpenses": 0,
    "sellingGeneralAndAdministrativeExpenses": 617000000,
    "otherExpenses": 0,
    "operatingExpenses": 617000000,
    "costAndExpenses": 4733000000,
    "interestIncome": 0,
    "interestExpense": 0,
    "depreciationAndAmortization": 176000000,
    "ebitda": 642000000,
    "ebitdaratio": 0.1234852856,
    "operatingIncome": 466000000,
    "operatingIncomeRatio": 0.0896326217,
    "totalOtherIncomeExpensesNet": 61000000,
    "incomeBeforeTax": 527000000,
    "incomeBeforeTaxRatio": 0.1013656472,
    "incomeTaxExpense": 151000000,
    "netIncome": 376000000,
    "netIncomeRatio": 0.0723216003,
    "eps": 0.46,
    "epsdiluted": 0.46,
    "weightedAverageShsOut": 817391304,
    "weightedAverageShsOutDil": 817391304,
    "link": "https://www.sec.gov/Archives/edgar/data/773840/000095011702001128/0000950117-02-001128-index.htm",
    "finalLink": "https://www.sec.gov/Archives/edgar/data/773840/000095011702001128/a32625.txt"
  },
  {
    "date": "2001-12-31",
    "symbol": "HON",
    "reportedCurrency": "USD",
    "cik": "0000773840",
    "fillingDate": "2002-03-20",
    "acceptedDate": "2002-03-20 00:00:00",
    "calendarYear": "2001",
    "period": "Q4",
    "revenue": 5853000000,
    "costOfRevenue": 5021000000,
    "grossProfit": 832000000,
    "grossProfitRatio": 0.1421493251,
    "researchAndDevelopmentExpenses": 0,
    "generalAndAdministrativeExpenses": 0,
    "sellingAndMarketingExpenses": 0,
    "sellingGeneralAndAdministrativeExpenses": 656000000,
    "otherExpenses": 0,
    "operatingExpenses": 656000000,
    "costAndExpenses": 5677000000,
    "interestIncome": 0,
    "interestExpense": 0,
    "depreciationAndAmortization": 227000000,
    "ebitda": 403000000,
    "ebitdaratio": 0.0688535794,
    "operatingIncome": 176000000,
    "operatingIncomeRatio": 0.0300700495,
    "totalOtherIncomeExpensesNet": -81000000,
    "incomeBeforeTax": 95000000,
    "incomeBeforeTaxRatio": 0.0162309927,
    "incomeTaxExpense": -23000000,
    "netIncome": 118000000,
    "netIncomeRatio": 0.0201606014,
    "eps": 0.15,
    "epsdiluted": 0.15,
    "weightedAverageShsOut": 810526316,
    "weightedAverageShsOutDil": 810526316,
    "link": "https://www.sec.gov/Archives/edgar/data/773840/000095011702000539/0000950117-02-000539-index.htm",
    "finalLink": "https://www.sec.gov/Archives/edgar/data/773840/000095011702000539/a31661.txt"
  },
  {
    "date": "2001-09-30",
    "symbol": "HON",
    "reportedCurrency": "USD",
    "cik": "0000773840",
    "fillingDate": "2001-11-14",
    "acceptedDate": "2001-11-14 00:00:00",
    "calendarYear": "2001",
    "period": "Q3",
    "revenue": 5789000000,
    "costOfRevenue": 5368000000,
    "grossProfit": 421000000,
    "grossProfitRatio": 0.072724132,
    "researchAndDevelopmentExpenses": 0,
    "generalAndAdministrativeExpenses": 0,
    "sellingAndMarketingExpenses": 0,
    "sellingGeneralAndAdministrativeExpenses": 803000000,
    "otherExpenses": 0,
    "operatingExpenses": 803000000,
    "costAndExpenses": 6171000000,
    "interestIncome": 0,
    "interestExpense": 0,
    "depreciationAndAmortization": 222000000,
    "ebitda": -160000000,
    "ebitdaratio": -0.027638625,
    "operatingIncome": -382000000,
    "operatingIncomeRatio": -0.0659872171,
    "totalOtherIncomeExpensesNet": -116000000,
    "incomeBeforeTax": -498000000,
    "incomeBeforeTaxRatio": -0.0860252202,
    "incomeTaxExpense": -190000000,
    "netIncome": -308000000,
    "netIncomeRatio": -0.0532043531,
    "eps": -0.38,
    "epsdiluted": -0.38,
    "weightedAverageShsOut": 810526316,
    "weightedAverageShsOutDil": 810526316,
    "link": "https://www.sec.gov/Archives/edgar/data/773840/000095011701501617/0000950117-01-501617-index.htm",
    "finalLink": "https://www.sec.gov/Archives/edgar/data/773840/000095011701501617/a31613.txt"
  },
  {
    "date": "2001-06-30",
    "symbol": "HON",
    "reportedCurrency": "USD",
    "cik": "0000773840",
    "fillingDate": "2001-08-13",
    "acceptedDate": "2001-08-13 00:00:00",
    "calendarYear": "2001",
    "period": "Q2",
    "revenue": 6066000000,
    "costOfRevenue": 5067000000,
    "grossProfit": 999000000,
    "grossProfitRatio": 0.1646884273,
    "researchAndDevelopmentExpenses": 0,
    "generalAndAdministrativeExpenses": 0,
    "sellingAndMarketingExpenses": 0,
    "sellingGeneralAndAdministrativeExpenses": 837000000,
    "otherExpenses": 0,
    "operatingExpenses": 837000000,
    "costAndExpenses": 5904000000,
    "interestIncome": 0,
    "interestExpense": 0,
    "depreciationAndAmortization": 238000000,
    "ebitda": 400000000,
    "ebitdaratio": 0.0659413122,
    "operatingIncome": 162000000,
    "operatingIncomeRatio": 0.0267062315,
    "totalOtherIncomeExpensesNet": -174000000,
    "incomeBeforeTax": -12000000,
    "incomeBeforeTaxRatio": -0.0019782394,
    "incomeTaxExpense": -62000000,
    "netIncome": 50000000,
    "netIncomeRatio": 0.008242664,
    "eps": 0.06,
    "epsdiluted": 0.06,
    "weightedAverageShsOut": 833333333,
    "weightedAverageShsOutDil": 833333333,
    "link": "https://www.sec.gov/Archives/edgar/data/773840/000095011701500913/0000950117-01-500913-index.htm",
    "finalLink": "https://www.sec.gov/Archives/edgar/data/773840/000095011701500913/a31160.txt"
  },
  {
    "date": "2001-03-31",
    "symbol": "HON",
    "reportedCurrency": "USD",
    "cik": "0000773840",
    "fillingDate": "2001-05-11",
    "acceptedDate": "2001-05-11 00:00:00",
    "calendarYear": "2001",
    "period": "Q1",
    "revenue": 5944000000,
    "costOfRevenue": 4973000000,
    "grossProfit": 971000000,
    "grossProfitRatio": 0.1633580081,
    "researchAndDevelopmentExpenses": 0,
    "generalAndAdministrativeExpenses": 0,
    "sellingAndMarketingExpenses": 0,
    "sellingGeneralAndAdministrativeExpenses": 768000000,
    "otherExpenses": 0,
    "operatingExpenses": 768000000,
    "costAndExpenses": 5741000000,
    "interestIncome": 0,
    "interestExpense": 0,
    "depreciationAndAmortization": 239000000,
    "ebitda": 442000000,
    "ebitdaratio": 0.0743606999,
    "operatingIncome": 203000000,
    "operatingIncomeRatio": 0.0341520861,
    "totalOtherIncomeExpensesNet": -210000000,
    "incomeBeforeTax": -7000000,
    "incomeBeforeTaxRatio": -0.0011776581,
    "incomeTaxExpense": -48000000,
    "netIncome": 41000000,
    "netIncomeRatio": 0.006897712,
    "eps": 0.05,
    "epsdiluted": 0.05,
    "weightedAverageShsOut": 820000000,
    "weightedAverageShsOutDil": 820000000,
    "link": "https://www.sec.gov/Archives/edgar/data/773840/000095011701500301/0000950117-01-500301-index.htm",
    "finalLink": "https://www.sec.gov/Archives/edgar/data/773840/000095011701500301/a29699.txt"
  },
  {
    "date": "2000-12-31",
    "symbol": "HON",
    "reportedCurrency": "USD",
    "cik": "0000773840",
    "fillingDate": "2001-03-30",
    "acceptedDate": "2001-03-30 00:00:00",
    "calendarYear": "2000",
    "period": "Q4",
    "revenue": 6454000000,
    "costOfRevenue": 5124000000,
    "grossProfit": 1330000000,
    "grossProfitRatio": 0.2060737527,
    "researchAndDevelopmentExpenses": 0,
    "generalAndAdministrativeExpenses": 0,
    "sellingAndMarketingExpenses": 0,
    "sellingGeneralAndAdministrativeExpenses": 822000000,
    "otherExpenses": 0,
    "operatingExpenses": 822000000,
    "costAndExpenses": 5946000000,
    "interestIncome": 0,
    "interestExpense": 0,
    "depreciationAndAmortization": 228000000,
    "ebitda": 736000000,
    "ebitdaratio": 0.114037806,
    "operatingIncome": 508000000,
    "operatingIncomeRatio": 0.078710877,
    "totalOtherIncomeExpensesNet": -146000000,
    "incomeBeforeTax": 362000000,
    "incomeBeforeTaxRatio": 0.056089247,
    "incomeTaxExpense": 108000000,
    "netIncome": 254000000,
    "netIncomeRatio": 0.0393554385,
    "eps": 0.32,
    "epsdiluted": 0.32,
    "weightedAverageShsOut": 805714286,
    "weightedAverageShsOutDil": 805714286,
    "link": "https://www.sec.gov/Archives/edgar/data/773840/000095011701000640/0000950117-01-000640-index.htm",
    "finalLink": "https://www.sec.gov/Archives/edgar/data/773840/000095011701000640/0000950117-01-000640-0001.txt"
  },
  {
    "date": "2000-09-30",
    "symbol": "HON",
    "reportedCurrency": "USD",
    "cik": "0000773840",
    "fillingDate": "2000-11-13",
    "acceptedDate": "2000-11-13 00:00:00",
    "calendarYear": "2000",
    "period": "Q3",
    "revenue": 6216000000,
    "costOfRevenue": 4845000000,
    "grossProfit": 1371000000,
    "grossProfitRatio": 0.2205598456,
    "researchAndDevelopmentExpenses": 0,
    "generalAndAdministrativeExpenses": 0,
    "sellingAndMarketingExpenses": 0,
    "sellingGeneralAndAdministrativeExpenses": 791000000,
    "otherExpenses": 0,
    "operatingExpenses": 791000000,
    "costAndExpenses": 5636000000,
    "interestIncome": 0,
    "interestExpense": 0,
    "depreciationAndAmortization": 238000000,
    "ebitda": 818000000,
    "ebitdaratio": 0.1315958816,
    "operatingIncome": 580000000,
    "operatingIncomeRatio": 0.0933075933,
    "totalOtherIncomeExpensesNet": -158000000,
    "incomeBeforeTax": 422000000,
    "incomeBeforeTaxRatio": 0.0678893179,
    "incomeTaxExpense": 140000000,
    "netIncome": 282000000,
    "netIncomeRatio": 0.0453667954,
    "eps": 0.35,
    "epsdiluted": 0.35,
    "weightedAverageShsOut": 805714286,
    "weightedAverageShsOutDil": 805714286,
    "link": "https://www.sec.gov/Archives/edgar/data/773840/000077384000000027/0000773840-00-000027-index.htm",
    "finalLink": "https://www.sec.gov/Archives/edgar/data/773840/000077384000000027/0000773840-00-000027-0001.txt"
  },
  {
    "date": "2000-06-30",
    "symbol": "HON",
    "reportedCurrency": "USD",
    "cik": "0000773840",
    "fillingDate": "2000-08-11",
    "acceptedDate": "2000-08-11 00:00:00",
    "calendarYear": "2000",
    "period": "Q2",
    "revenue": 6309000000,
    "costOfRevenue": 4671000000,
    "grossProfit": 1638000000,
    "grossProfitRatio": 0.2596291013,
    "researchAndDevelopmentExpenses": 0,
    "generalAndAdministrativeExpenses": 0,
    "sellingAndMarketingExpenses": 0,
    "sellingGeneralAndAdministrativeExpenses": 763000000,
    "otherExpenses": 0,
    "operatingExpenses": 763000000,
    "costAndExpenses": 5434000000,
    "interestIncome": 0,
    "interestExpense": 0,
    "depreciationAndAmortization": 267000000,
    "ebitda": 1142000000,
    "ebitdaratio": 0.1810112538,
    "operatingIncome": 875000000,
    "operatingIncomeRatio": 0.1386907592,
    "totalOtherIncomeExpensesNet": 0,
    "incomeBeforeTax": 875000000,
    "incomeBeforeTaxRatio": 0.1386907592,
    "incomeTaxExpense": 258000000,
    "netIncome": 617000000,
    "netIncomeRatio": 0.0977967982,
    "eps": 0.77,
    "epsdiluted": 0.76,
    "weightedAverageShsOut": 801298701,
    "weightedAverageShsOutDil": 811842105,
    "link": "https://www.sec.gov/Archives/edgar/data/773840/000077384000000020/0000773840-00-000020-index.htm",
    "finalLink": "https://www.sec.gov/Archives/edgar/data/773840/000077384000000020/0000773840-00-000020-0001.txt"
  },
  {
    "date": "2000-03-31",
    "symbol": "HON",
    "reportedCurrency": "USD",
    "cik": "0000773840",
    "fillingDate": "2000-05-12",
    "acceptedDate": "2000-05-12 00:00:00",
    "calendarYear": "2000",
    "period": "Q1",
    "revenue": 6044000000,
    "costOfRevenue": 4450000000,
    "grossProfit": 1594000000,
    "grossProfitRatio": 0.2637326274,
    "researchAndDevelopmentExpenses": 0,
    "generalAndAdministrativeExpenses": 0,
    "sellingAndMarketingExpenses": 0,
    "sellingGeneralAndAdministrativeExpenses": 758000000,
    "otherExpenses": 0,
    "operatingExpenses": 758000000,
    "costAndExpenses": 5208000000,
    "interestIncome": 0,
    "interestExpense": 0,
    "depreciationAndAmortization": 262000000,
    "ebitda": 1098000000,
    "ebitdaratio": 0.1816677697,
    "operatingIncome": 836000000,
    "operatingIncomeRatio": 0.138318994,
    "totalOtherIncomeExpensesNet": -97000000,
    "incomeBeforeTax": 739000000,
    "incomeBeforeTaxRatio": 0.1222700199,
    "incomeTaxExpense": 233000000,
    "netIncome": 506000000,
    "netIncomeRatio": 0.0837193911,
    "eps": 0.64,
    "epsdiluted": 0.63,
    "weightedAverageShsOut": 790625000,
    "weightedAverageShsOutDil": 803174603,
    "link": "https://www.sec.gov/Archives/edgar/data/773840/000077384000000012/0000773840-00-000012-index.htm",
    "finalLink": "https://www.sec.gov/Archives/edgar/data/773840/000077384000000012/0000773840-00-000012.txt"
  },
  {
    "date": "1999-12-31",
    "symbol": "HON",
    "reportedCurrency": "USD",
    "cik": "0000773840",
    "fillingDate": "2000-02-23",
    "acceptedDate": "2000-02-23 00:00:00",
    "calendarYear": "1999",
    "period": "Q4",
    "revenue": 12483000000,
    "costOfRevenue": 9765000000,
    "grossProfit": 2718000000,
    "grossProfitRatio": 0.2177361211,
    "researchAndDevelopmentExpenses": 0,
    "generalAndAdministrativeExpenses": 0,
    "sellingAndMarketingExpenses": 0,
    "sellingGeneralAndAdministrativeExpenses": 2045000000,
    "otherExpenses": 106000000,
    "operatingExpenses": 2151000000,
    "costAndExpenses": 11916000000,
    "interestIncome": 0,
    "interestExpense": 0,
    "depreciationAndAmortization": 438000000,
    "ebitda": 1005000000,
    "ebitdaratio": 0.0805094929,
    "operatingIncome": 567000000,
    "operatingIncomeRatio": 0.0454217736,
    "totalOtherIncomeExpensesNet": 32000000,
    "incomeBeforeTax": 599000000,
    "incomeBeforeTaxRatio": 0.04798526,
    "incomeTaxExpense": 179000000,
    "netIncome": 420000000,
    "netIncomeRatio": 0.0336457582,
    "eps": 0.76,
    "epsdiluted": 0.76,
    "weightedAverageShsOut": 551800000,
    "weightedAverageShsOutDil": 551800000,
    "link": "https://www.sec.gov/Archives/edgar/data/773840/000095011700000401/0000950117-00-000401-index.htm",
    "finalLink": "https://www.sec.gov/Archives/edgar/data/773840/000095011700000401/"
  },
  {
    "date": "1999-09-30",
    "symbol": "HON",
    "reportedCurrency": "USD",
    "cik": "0000773840",
    "fillingDate": "1999-11-12",
    "acceptedDate": "1999-11-12 00:00:00",
    "calendarYear": "1999",
    "period": "Q3",
    "revenue": 3838000000,
    "costOfRevenue": 2976000000,
    "grossProfit": 862000000,
    "grossProfitRatio": 0.2245961438,
    "researchAndDevelopmentExpenses": 0,
    "generalAndAdministrativeExpenses": 0,
    "sellingAndMarketingExpenses": 0,
    "sellingGeneralAndAdministrativeExpenses": 372000000,
    "otherExpenses": -106000000,
    "operatingExpenses": 266000000,
    "costAndExpenses": 3242000000,
    "interestIncome": 0,
    "interestExpense": 0,
    "depreciationAndAmortization": 148000000,
    "ebitda": 987000000,
    "ebitdaratio": 0.2571651902,
    "operatingIncome": 596000000,
    "operatingIncomeRatio": 0.1552892131,
    "totalOtherIncomeExpensesNet": 227000000,
    "incomeBeforeTax": 574000000,
    "incomeBeforeTaxRatio": 0.149557061,
    "incomeTaxExpense": 188000000,
    "netIncome": 386000000,
    "netIncomeRatio": 0.1005732152,
    "eps": 0.7,
    "epsdiluted": 0.68,
    "weightedAverageShsOut": 554200000,
    "weightedAverageShsOutDil": 566600000,
    "link": "https://www.sec.gov/Archives/edgar/data/773840/000077384099000035/0000773840-99-000035-index.htm",
    "finalLink": "https://www.sec.gov/Archives/edgar/data/773840/000077384099000035/0000773840-99-000035.txt"
  },
  {
    "date": "1999-06-30",
    "symbol": "HON",
    "reportedCurrency": "USD",
    "cik": "0000773840",
    "fillingDate": "1999-08-13",
    "acceptedDate": "1999-08-13 00:00:00",
    "calendarYear": "1999",
    "period": "Q2",
    "revenue": 3818000000,
    "costOfRevenue": 3045000000,
    "grossProfit": 773000000,
    "grossProfitRatio": 0.202462022,
    "researchAndDevelopmentExpenses": 0,
    "generalAndAdministrativeExpenses": 0,
    "sellingAndMarketingExpenses": 0,
    "sellingGeneralAndAdministrativeExpenses": 418000000,
    "otherExpenses": 0,
    "operatingExpenses": 418000000,
    "costAndExpenses": 3463000000,
    "interestIncome": 0,
    "interestExpense": 0,
    "depreciationAndAmortization": 151000000,
    "ebitda": 808000000,
    "ebitdaratio": 0.2116291252,
    "operatingIncome": 355000000,
    "operatingIncomeRatio": 0.0929806181,
    "totalOtherIncomeExpensesNet": 441000000,
    "incomeBeforeTax": 586000000,
    "incomeBeforeTaxRatio": 0.1534834992,
    "incomeTaxExpense": 186000000,
    "netIncome": 400000000,
    "netIncomeRatio": 0.1047668937,
    "eps": 0.72,
    "epsdiluted": 0.7,
    "weightedAverageShsOut": 556600000,
    "weightedAverageShsOutDil": 567500000,
    "link": "https://www.sec.gov/Archives/edgar/data/773840/000077384099000025/0000773840-99-000025-index.htm",
    "finalLink": "https://www.sec.gov/Archives/edgar/data/773840/000077384099000025/0000773840-99-000025.txt"
  },
  {
    "date": "1999-03-31",
    "symbol": "HON",
    "reportedCurrency": "USD",
    "cik": "0000773840",
    "fillingDate": "1999-05-14",
    "acceptedDate": "1999-05-14 00:00:00",
    "calendarYear": "1999",
    "period": "Q1",
    "revenue": 3596000000,
    "costOfRevenue": 2709000000,
    "grossProfit": 887000000,
    "grossProfitRatio": 0.2466629588,
    "researchAndDevelopmentExpenses": 0,
    "generalAndAdministrativeExpenses": 0,
    "sellingAndMarketingExpenses": 0,
    "sellingGeneralAndAdministrativeExpenses": 381000000,
    "otherExpenses": 0,
    "operatingExpenses": 381000000,
    "costAndExpenses": 3090000000,
    "interestIncome": 0,
    "interestExpense": 0,
    "depreciationAndAmortization": 144000000,
    "ebitda": 912000000,
    "ebitdaratio": 0.2536151279,
    "operatingIncome": 506000000,
    "operatingIncomeRatio": 0.1407119021,
    "totalOtherIncomeExpensesNet": 140000000,
    "incomeBeforeTax": 489000000,
    "incomeBeforeTaxRatio": 0.1359844271,
    "incomeTaxExpense": 154000000,
    "netIncome": 335000000,
    "netIncomeRatio": 0.0931590656,
    "eps": 0.42,
    "epsdiluted": 0.42,
    "weightedAverageShsOut": 793100000,
    "weightedAverageShsOutDil": 806600000,
    "link": "https://www.sec.gov/Archives/edgar/data/773840/000077384099000006/0000773840-99-000006-index.htm",
    "finalLink": "https://www.sec.gov/Archives/edgar/data/773840/0000773840-99-000006.txt"
  },
  {
    "date": "1998-12-31",
    "symbol": "HON",
    "reportedCurrency": "USD",
    "cik": "0000773840",
    "fillingDate": "1999-03-04",
    "acceptedDate": "1999-03-04 00:00:00",
    "calendarYear": "1998",
    "period": "Q4",
    "revenue": 3872000000,
    "costOfRevenue": 2880000000,
    "grossProfit": 992000000,
    "grossProfitRatio": 0.2561983471,
    "researchAndDevelopmentExpenses": 0,
    "generalAndAdministrativeExpenses": 0,
    "sellingAndMarketingExpenses": 0,
    "sellingGeneralAndAdministrativeExpenses": 490000000,
    "otherExpenses": 0,
    "operatingExpenses": 490000000,
    "costAndExpenses": 3370000000,
    "interestIncome": 0,
    "interestExpense": 0,
    "depreciationAndAmortization": 156000000,
    "ebitda": 658000000,
    "ebitdaratio": 0.1699380165,
    "operatingIncome": 502000000,
    "operatingIncomeRatio": 0.1296487603,
    "totalOtherIncomeExpensesNet": 12000000,
    "incomeBeforeTax": 514000000,
    "incomeBeforeTaxRatio": 0.1327479339,
    "incomeTaxExpense": 162000000,
    "netIncome": 352000000,
    "netIncomeRatio": 0.0909090909,
    "eps": 0.63,
    "epsdiluted": 0.63,
    "weightedAverageShsOut": 560000000,
    "weightedAverageShsOutDil": 560000000,
    "link": "https://www.sec.gov/Archives/edgar/data/773840/000095011799000452/0000950117-99-000452-index.htm",
    "finalLink": "https://www.sec.gov/Archives/edgar/data/773840/000095011799000452/"
  },
  {
    "date": "1998-09-30",
    "symbol": "HON",
    "reportedCurrency": "USD",
    "cik": "0000773840",
    "fillingDate": "1998-11-10",
    "acceptedDate": "1998-11-10 00:00:00",
    "calendarYear": "1998",
    "period": "Q3",
    "revenue": 3741000000,
    "costOfRevenue": 2838000000,
    "grossProfit": 903000000,
    "grossProfitRatio": 0.2413793103,
    "researchAndDevelopmentExpenses": 0,
    "generalAndAdministrativeExpenses": 0,
    "sellingAndMarketingExpenses": 0,
    "sellingGeneralAndAdministrativeExpenses": 396000000,
    "otherExpenses": 0,
    "operatingExpenses": 396000000,
    "costAndExpenses": 3234000000,
    "interestIncome": 0,
    "interestExpense": 0,
    "depreciationAndAmortization": 151000000,
    "ebitda": 658000000,
    "ebitdaratio": 0.1758887998,
    "operatingIncome": 507000000,
    "operatingIncomeRatio": 0.1355252606,
    "totalOtherIncomeExpensesNet": -27000000,
    "incomeBeforeTax": 480000000,
    "incomeBeforeTaxRatio": 0.1283079391,
    "incomeTaxExpense": 151000000,
    "netIncome": 329000000,
    "netIncomeRatio": 0.0879443999,
    "eps": 0.59,
    "epsdiluted": 0.58,
    "weightedAverageShsOut": 560000000,
    "weightedAverageShsOutDil": 571500000,
    "link": "https://www.sec.gov/Archives/edgar/data/773840/000077384098000046/0000773840-98-000046-index.htm",
    "finalLink": "https://www.sec.gov/Archives/edgar/data/773840/0000773840-98-000046.txt"
  },
  {
    "date": "1998-06-30",
    "symbol": "HON",
    "reportedCurrency": "USD",
    "cik": "0000773840",
    "fillingDate": "1998-08-07",
    "acceptedDate": "1998-08-07 00:00:00",
    "calendarYear": "1998",
    "period": "Q2",
    "revenue": 3869000000,
    "costOfRevenue": 2949000000,
    "grossProfit": 920000000,
    "grossProfitRatio": 0.237787542,
    "researchAndDevelopmentExpenses": 0,
    "generalAndAdministrativeExpenses": 0,
    "sellingAndMarketingExpenses": 0,
    "sellingGeneralAndAdministrativeExpenses": 406000000,
    "otherExpenses": 0,
    "operatingExpenses": 406000000,
    "costAndExpenses": 3355000000,
    "interestIncome": 0,
    "interestExpense": 0,
    "depreciationAndAmortization": 149000000,
    "ebitda": 663000000,
    "ebitdaratio": 0.1713621091,
    "operatingIncome": 514000000,
    "operatingIncomeRatio": 0.1328508659,
    "totalOtherIncomeExpensesNet": -3000000,
    "incomeBeforeTax": 511000000,
    "incomeBeforeTaxRatio": 0.1320754717,
    "incomeTaxExpense": 161000000,
    "netIncome": 350000000,
    "netIncomeRatio": 0.0904626518,
    "eps": 0.62,
    "epsdiluted": 0.61,
    "weightedAverageShsOut": 563200000,
    "weightedAverageShsOutDil": 577100000,
    "link": "https://www.sec.gov/Archives/edgar/data/773840/000077384098000036/0000773840-98-000036-index.htm",
    "finalLink": "https://www.sec.gov/Archives/edgar/data/773840/0000773840-98-000036.txt"
  },
  {
    "date": "1998-03-31",
    "symbol": "HON",
    "reportedCurrency": "USD",
    "cik": "0000773840",
    "fillingDate": "1998-05-12",
    "acceptedDate": "1998-05-12 00:00:00",
    "calendarYear": "1998",
    "period": "Q1",
    "revenue": 3646000000,
    "costOfRevenue": 2809000000,
    "grossProfit": 837000000,
    "grossProfitRatio": 0.2295666484,
    "researchAndDevelopmentExpenses": 0,
    "generalAndAdministrativeExpenses": 0,
    "sellingAndMarketingExpenses": 0,
    "sellingGeneralAndAdministrativeExpenses": 398000000,
    "otherExpenses": 0,
    "operatingExpenses": 398000000,
    "costAndExpenses": 3207000000,
    "interestIncome": 0,
    "interestExpense": 0,
    "depreciationAndAmortization": 153000000,
    "ebitda": 592000000,
    "ebitdaratio": 0.1623697202,
    "operatingIncome": 439000000,
    "operatingIncomeRatio": 0.1204059243,
    "totalOtherIncomeExpensesNet": -1000000,
    "incomeBeforeTax": 438000000,
    "incomeBeforeTaxRatio": 0.1201316511,
    "incomeTaxExpense": 138000000,
    "netIncome": 300000000,
    "netIncomeRatio": 0.0822819528,
    "eps": 0.53,
    "epsdiluted": 0.52,
    "weightedAverageShsOut": 564300000,
    "weightedAverageShsOutDil": 578400000,
    "link": "https://www.sec.gov/Archives/edgar/data/773840/000077384098000022/0000773840-98-000022-index.htm",
    "finalLink": "https://www.sec.gov/Archives/edgar/data/773840/0000773840-98-000022.txt"
  },
  {
    "date": "1997-12-31",
    "symbol": "HON",
    "reportedCurrency": "USD",
    "cik": "0000773840",
    "fillingDate": "1998-02-26",
    "acceptedDate": "1998-02-26 00:00:00",
    "calendarYear": "1997",
    "period": "Q4",
    "revenue": 3910000000,
    "costOfRevenue": 3272000000,
    "grossProfit": 638000000,
    "grossProfitRatio": 0.1631713555,
    "researchAndDevelopmentExpenses": 0,
    "generalAndAdministrativeExpenses": 0,
    "sellingAndMarketingExpenses": 0,
    "sellingGeneralAndAdministrativeExpenses": 436000000,
    "otherExpenses": -226000000,
    "operatingExpenses": 210000000,
    "costAndExpenses": 3482000000,
    "interestIncome": 0,
    "interestExpense": 0,
    "depreciationAndAmortization": 153000000,
    "ebitda": 581000000,
    "ebitdaratio": 0.1485933504,
    "operatingIncome": 428000000,
    "operatingIncomeRatio": 0.1094629156,
    "totalOtherIncomeExpensesNet": 9000000,
    "incomeBeforeTax": 437000000,
    "incomeBeforeTaxRatio": 0.1117647059,
    "incomeTaxExpense": 123000000,
    "netIncome": 314000000,
    "netIncomeRatio": 0.0803069054,
    "eps": 0.56,
    "epsdiluted": 0.56,
    "weightedAverageShsOut": 564500000,
    "weightedAverageShsOutDil": 564500000,
    "link": "https://www.sec.gov/Archives/edgar/data/773840/000095011798000419/0000950117-98-000419-index.htm",
    "finalLink": "https://www.sec.gov/Archives/edgar/data/773840/0000950117-98-000419.txt"
  },
  {
    "date": "1997-09-30",
    "symbol": "HON",
    "reportedCurrency": "USD",
    "cik": "0000773840",
    "fillingDate": "1997-11-07",
    "acceptedDate": "1997-11-07 00:00:00",
    "calendarYear": "1997",
    "period": "Q3",
    "revenue": 3657000000,
    "costOfRevenue": 2840000000,
    "grossProfit": 817000000,
    "grossProfitRatio": 0.2234071643,
    "researchAndDevelopmentExpenses": 0,
    "generalAndAdministrativeExpenses": 0,
    "sellingAndMarketingExpenses": 0,
    "sellingGeneralAndAdministrativeExpenses": 394000000,
    "otherExpenses": 0,
    "operatingExpenses": 394000000,
    "costAndExpenses": 3234000000,
    "interestIncome": 0,
    "interestExpense": 0,
    "depreciationAndAmortization": 151000000,
    "ebitda": 574000000,
    "ebitdaratio": 0.1569592562,
    "operatingIncome": 423000000,
    "operatingIncomeRatio": 0.1156685808,
    "totalOtherIncomeExpensesNet": 8000000,
    "incomeBeforeTax": 431000000,
    "incomeBeforeTaxRatio": 0.1178561663,
    "incomeTaxExpense": 139000000,
    "netIncome": 292000000,
    "netIncomeRatio": 0.079846869,
    "eps": 0.52,
    "epsdiluted": 0.5,
    "weightedAverageShsOut": 564500000,
    "weightedAverageShsOutDil": 581100000,
    "link": "https://www.sec.gov/Archives/edgar/data/773840/000077384097000017/0000773840-97-000017-index.htm",
    "finalLink": "https://www.sec.gov/Archives/edgar/data/773840/0000773840-97-000017.txt"
  },
  {
    "date": "1997-06-30",
    "symbol": "HON",
    "reportedCurrency": "USD",
    "cik": "0000773840",
    "fillingDate": "1997-08-14",
    "acceptedDate": "1997-08-14 00:00:00",
    "calendarYear": "1997",
    "period": "Q2",
    "revenue": 3578000000,
    "costOfRevenue": 2764000000,
    "grossProfit": 814000000,
    "grossProfitRatio": 0.2275013974,
    "researchAndDevelopmentExpenses": 0,
    "generalAndAdministrativeExpenses": 0,
    "sellingAndMarketingExpenses": 0,
    "sellingGeneralAndAdministrativeExpenses": 386000000,
    "otherExpenses": 0,
    "operatingExpenses": 386000000,
    "costAndExpenses": 3150000000,
    "interestIncome": 0,
    "interestExpense": 0,
    "depreciationAndAmortization": 155000000,
    "ebitda": 583000000,
    "ebitdaratio": 0.1629401901,
    "operatingIncome": 428000000,
    "operatingIncomeRatio": 0.1196198994,
    "totalOtherIncomeExpensesNet": 30000000,
    "incomeBeforeTax": 458000000,
    "incomeBeforeTaxRatio": 0.1280044718,
    "incomeTaxExpense": 153000000,
    "netIncome": 305000000,
    "netIncomeRatio": 0.0852431526,
    "eps": 0.54,
    "epsdiluted": 0.52,
    "weightedAverageShsOut": 565400000,
    "weightedAverageShsOutDil": 580300000,
    "link": "https://www.sec.gov/Archives/edgar/data/773840/000077384097000012/0000773840-97-000012-index.htm",
    "finalLink": "https://www.sec.gov/Archives/edgar/data/773840/0000773840-97-000012.txt"
  },
  {
    "date": "1997-03-31",
    "symbol": "HON",
    "reportedCurrency": "USD",
    "cik": "0000773840",
    "fillingDate": "1997-05-13",
    "acceptedDate": "1997-05-13 00:00:00",
    "calendarYear": "1997",
    "period": "Q1",
    "revenue": 3327000000,
    "costOfRevenue": 2605000000,
    "grossProfit": 722000000,
    "grossProfitRatio": 0.2170123234,
    "researchAndDevelopmentExpenses": 0,
    "generalAndAdministrativeExpenses": 0,
    "sellingAndMarketingExpenses": 0,
    "sellingGeneralAndAdministrativeExpenses": 365000000,
    "otherExpenses": 0,
    "operatingExpenses": 365000000,
    "costAndExpenses": 2970000000,
    "interestIncome": 0,
    "interestExpense": 0,
    "depreciationAndAmortization": 150000000,
    "ebitda": 507000000,
    "ebitdaratio": 0.1523895401,
    "operatingIncome": 357000000,
    "operatingIncomeRatio": 0.1073038774,
    "totalOtherIncomeExpensesNet": 33000000,
    "incomeBeforeTax": 390000000,
    "incomeBeforeTaxRatio": 0.1172227232,
    "incomeTaxExpense": 131000000,
    "netIncome": 259000000,
    "netIncomeRatio": 0.077847911,
    "eps": 0.46,
    "epsdiluted": 0.45,
    "weightedAverageShsOut": 567000000,
    "weightedAverageShsOutDil": 582400000,
    "link": "https://www.sec.gov/Archives/edgar/data/773840/000077384097000007/0000773840-97-000007-index.htm",
    "finalLink": "https://www.sec.gov/Archives/edgar/data/773840/0000773840-97-000007.txt"
  },
  {
    "date": "1996-12-31",
    "symbol": "HON",
    "reportedCurrency": "USD",
    "cik": "0000773840",
    "fillingDate": "1997-02-28",
    "acceptedDate": "1997-02-28 00:00:00",
    "calendarYear": "1996",
    "period": "Q4",
    "revenue": 3498000000,
    "costOfRevenue": 2761000000,
    "grossProfit": 737000000,
    "grossProfitRatio": 0.2106918239,
    "researchAndDevelopmentExpenses": 0,
    "generalAndAdministrativeExpenses": 0,
    "sellingAndMarketingExpenses": 0,
    "sellingGeneralAndAdministrativeExpenses": 365000000,
    "otherExpenses": 0,
    "operatingExpenses": 365000000,
    "costAndExpenses": 3126000000,
    "interestIncome": 0,
    "interestExpense": 0,
    "depreciationAndAmortization": 129000000,
    "ebitda": 501000000,
    "ebitdaratio": 0.1432246998,
    "operatingIncome": 372000000,
    "operatingIncomeRatio": 0.1063464837,
    "totalOtherIncomeExpensesNet": 25000000,
    "incomeBeforeTax": 397000000,
    "incomeBeforeTaxRatio": 0.1134934248,
    "incomeTaxExpense": 127000000,
    "netIncome": 270000000,
    "netIncomeRatio": 0.077186964,
    "eps": 0.48,
    "epsdiluted": 0.48,
    "weightedAverageShsOut": 565702000,
    "weightedAverageShsOutDil": 565702000,
    "link": "https://www.sec.gov/Archives/edgar/data/773840/000095011797000341/0000950117-97-000341-index.htm",
    "finalLink": "https://www.sec.gov/Archives/edgar/data/773840/000095011797000341/"
  },
  {
    "date": "1996-09-30",
    "symbol": "HON",
    "reportedCurrency": "USD",
    "cik": "0000773840",
    "fillingDate": "1996-11-07",
    "acceptedDate": "1996-11-07 00:00:00",
    "calendarYear": "1996",
    "period": "Q3",
    "revenue": 3348000000,
    "costOfRevenue": 2598000000,
    "grossProfit": 750000000,
    "grossProfitRatio": 0.2240143369,
    "researchAndDevelopmentExpenses": 0,
    "generalAndAdministrativeExpenses": 0,
    "sellingAndMarketingExpenses": 0,
    "sellingGeneralAndAdministrativeExpenses": 379000000,
    "otherExpenses": 0,
    "operatingExpenses": 379000000,
    "costAndExpenses": 2977000000,
    "interestIncome": 0,
    "interestExpense": 0,
    "depreciationAndAmortization": 150000000,
    "ebitda": 521000000,
    "ebitdaratio": 0.1556152927,
    "operatingIncome": 371000000,
    "operatingIncomeRatio": 0.1108124253,
    "totalOtherIncomeExpensesNet": 10000000,
    "incomeBeforeTax": 381000000,
    "incomeBeforeTaxRatio": 0.1137992832,
    "incomeTaxExpense": 128000000,
    "netIncome": 253000000,
    "netIncomeRatio": 0.075567503,
    "eps": 0.45,
    "epsdiluted": 0.45,
    "weightedAverageShsOut": 565702000,
    "weightedAverageShsOutDil": 565702000,
    "link": "https://www.sec.gov/Archives/edgar/data/773840/000077384096000016/0000773840-96-000016-index.htm",
    "finalLink": "https://www.sec.gov/Archives/edgar/data/773840/0000773840-96-000016.txt"
  },
  {
    "date": "1996-06-30",
    "symbol": "HON",
    "reportedCurrency": "USD",
    "cik": "0000773840",
    "fillingDate": "1996-08-14",
    "acceptedDate": "1996-08-14 00:00:00",
    "calendarYear": "1996",
    "period": "Q2",
    "revenue": 3347000000,
    "costOfRevenue": 3235000000,
    "grossProfit": 112000000,
    "grossProfitRatio": 0.0334628025,
    "researchAndDevelopmentExpenses": 0,
    "generalAndAdministrativeExpenses": 0,
    "sellingAndMarketingExpenses": 0,
    "sellingGeneralAndAdministrativeExpenses": 366000000,
    "otherExpenses": -655000000,
    "operatingExpenses": -289000000,
    "costAndExpenses": 2946000000,
    "interestIncome": 0,
    "interestExpense": 0,
    "depreciationAndAmortization": 155000000,
    "ebitda": 556000000,
    "ebitdaratio": 0.1661189125,
    "operatingIncome": 401000000,
    "operatingIncomeRatio": 0.119808784,
    "totalOtherIncomeExpensesNet": 32000000,
    "incomeBeforeTax": 433000000,
    "incomeBeforeTaxRatio": 0.1293695847,
    "incomeTaxExpense": 161000000,
    "netIncome": 272000000,
    "netIncomeRatio": 0.0812668061,
    "eps": 0.48,
    "epsdiluted": 0.48,
    "weightedAverageShsOut": 565540000,
    "weightedAverageShsOutDil": 565540000,
    "link": "https://www.sec.gov/Archives/edgar/data/773840/000077384096000011/0000773840-96-000011-index.htm",
    "finalLink": "https://www.sec.gov/Archives/edgar/data/773840/0000773840-96-000011.txt"
  },
  {
    "date": "1996-03-31",
    "symbol": "HON",
    "reportedCurrency": "USD",
    "cik": "0000773840",
    "fillingDate": "1996-05-08",
    "acceptedDate": "1996-05-08 00:00:00",
    "calendarYear": "1996",
    "period": "Q1",
    "revenue": 3778000000,
    "costOfRevenue": 3012000000,
    "grossProfit": 766000000,
    "grossProfitRatio": 0.2027527792,
    "researchAndDevelopmentExpenses": 0,
    "generalAndAdministrativeExpenses": 0,
    "sellingAndMarketingExpenses": 0,
    "sellingGeneralAndAdministrativeExpenses": 401000000,
    "otherExpenses": 0,
    "operatingExpenses": 401000000,
    "costAndExpenses": 3413000000,
    "interestIncome": 0,
    "interestExpense": 0,
    "depreciationAndAmortization": 168000000,
    "ebitda": 533000000,
    "ebitdaratio": 0.1410799365,
    "operatingIncome": 365000000,
    "operatingIncomeRatio": 0.096611964,
    "totalOtherIncomeExpensesNet": -23000000,
    "incomeBeforeTax": 342000000,
    "incomeBeforeTaxRatio": 0.0905240868,
    "incomeTaxExpense": 117000000,
    "netIncome": 225000000,
    "netIncomeRatio": 0.0595553203,
    "eps": 0.4,
    "epsdiluted": 0.4,
    "weightedAverageShsOut": 565700000,
    "weightedAverageShsOutDil": 565700000,
    "link": "https://www.sec.gov/Archives/edgar/data/773840/000077384096000009/0000773840-96-000009-index.htm",
    "finalLink": "https://www.sec.gov/Archives/edgar/data/773840/0000773840-96-000009.txt"
  },
  {
    "date": "1995-12-31",
    "symbol": "HON",
    "reportedCurrency": "USD",
    "cik": "0000773840",
    "fillingDate": "1996-02-27",
    "acceptedDate": "1996-02-27 00:00:00",
    "calendarYear": "1995",
    "period": "Q4",
    "revenue": 3798000000,
    "costOfRevenue": 3090000000,
    "grossProfit": 708000000,
    "grossProfitRatio": 0.1864139021,
    "researchAndDevelopmentExpenses": 0,
    "generalAndAdministrativeExpenses": 0,
    "sellingAndMarketingExpenses": 0,
    "sellingGeneralAndAdministrativeExpenses": 402000000,
    "otherExpenses": 44000000,
    "operatingExpenses": 446000000,
    "costAndExpenses": 3536000000,
    "interestIncome": 0,
    "interestExpense": 0,
    "depreciationAndAmortization": 152000000,
    "ebitda": 414000000,
    "ebitdaratio": 0.1090047393,
    "operatingIncome": 262000000,
    "operatingIncomeRatio": 0.0689836756,
    "totalOtherIncomeExpensesNet": 29000000,
    "incomeBeforeTax": 291000000,
    "incomeBeforeTaxRatio": 0.0766192733,
    "incomeTaxExpense": 58000000,
    "netIncome": 233000000,
    "netIncomeRatio": 0.0613480779,
    "eps": 0.41,
    "epsdiluted": 0.41,
    "weightedAverageShsOut": 563754168,
    "weightedAverageShsOutDil": 566210000,
    "link": "https://www.sec.gov/Archives/edgar/data/773840/000095011796000146/0000950117-96-000146-index.htm",
    "finalLink": "https://www.sec.gov/Archives/edgar/data/773840/0000950117-96-000146.txt"
  },
  {
    "date": "1995-09-30",
    "symbol": "HON",
    "reportedCurrency": "USD",
    "cik": "0000773840",
    "fillingDate": "1995-11-09",
    "acceptedDate": "1995-11-09 00:00:00",
    "calendarYear": "1995",
    "period": "Q3",
    "revenue": 3499000000,
    "costOfRevenue": 2800000000,
    "grossProfit": 699000000,
    "grossProfitRatio": 0.1997713632,
    "researchAndDevelopmentExpenses": 0,
    "generalAndAdministrativeExpenses": 0,
    "sellingAndMarketingExpenses": 0,
    "sellingGeneralAndAdministrativeExpenses": 369000000,
    "otherExpenses": 0,
    "operatingExpenses": 369000000,
    "costAndExpenses": 3169000000,
    "interestIncome": 0,
    "interestExpense": 0,
    "depreciationAndAmortization": 153000000,
    "ebitda": 483000000,
    "ebitdaratio": 0.1380394398,
    "operatingIncome": 330000000,
    "operatingIncomeRatio": 0.0943126608,
    "totalOtherIncomeExpensesNet": -8000000,
    "incomeBeforeTax": 322000000,
    "incomeBeforeTaxRatio": 0.0920262932,
    "incomeTaxExpense": 105000000,
    "netIncome": 217000000,
    "netIncomeRatio": 0.0620177193,
    "eps": 0.39,
    "epsdiluted": 0.39,
    "weightedAverageShsOut": 566210000,
    "weightedAverageShsOutDil": 566210000,
    "link": "https://www.sec.gov/Archives/edgar/data/773840/000077384095000019/0000773840-95-000019-index.htm",
    "finalLink": "https://www.sec.gov/Archives/edgar/data/773840/0000773840-95-000019.txt"
  }
]