[
  {
    "date": "2024-12-31",
    "symbol": "HON",
    "reportedCurrency": "USD",
    "cik": "0000773840",
    "fillingDate": "2025-02-14",
    "acceptedDate": "2025-02-14 14:50:25",
    "calendarYear": "2024",
    "period": "FY",
    "revenue": 38496000000,
    "costOfRevenue": 23738000000,
    "grossProfit": 14758000000,
    "grossProfitRatio": 0.3833645054,
    "researchAndDevelopmentExpenses": 1536000000,
    "generalAndAdministrativeExpenses": 0,
    "sellingAndMarketingExpenses": 0,
    "sellingGeneralAndAdministrativeExpenses": 5352000000,
    "otherExpenses": 0,
    "operatingExpenses": 6888000000,
    "costAndExpenses": 30626000000,
    "interestIncome": 426000000,
    "interestExpense": 1058000000,
    "depreciationAndAmortization": 1334000000,
    "ebitda": 9605000000,
    "ebitdaratio": 0.2495064422,
    "operatingIncome": 7870000000,
    "operatingIncomeRatio": 0.2044368246,
    "totalOtherIncomeExpensesNet": -657000000,
    "incomeBeforeTax": 7213000000,
    "incomeBeforeTaxRatio": 0.1873701164,
    "incomeTaxExpense": 1473000000,
    "netIncome": 5705000000,
    "netIncomeRatio": 0.1481972153,
    "eps": 8.76,
    "epsdiluted": 8.71,
    "weightedAverageShsOut": 650900000,
    "weightedAverageShsOutDil": 655300000,
    "link": "https://www.sec.gov/Archives/edgar/data/773840/000077384025000010/0000773840-25-000010-index.htm",
    "finalLink": "https://www.sec.gov/Archives/edgar/data/773840/000077384025000010/hon-20241231.htm"
  },
  {
    "date": "2023-12-31",
    "symbol": "HON",
    "reportedCurrency": "USD",
    "cik": "0000773840",
    "fillingDate": "2024-02-16",
    "acceptedDate": "2024-02-16 13:40:36",
    "calendarYear": "2023",
    "period": "FY",
    "revenue": 36647000000,
    "costOfRevenue": 22353000000,
    "grossProfit": 14294000000,
    "grossProfitRatio": 0.3900455699,
    "researchAndDevelopmentExpenses": 1456000000,
    "generalAndAdministrativeExpenses": 0,
    "sellingAndMarketingExpenses": 0,
    "sellingGeneralAndAdministrativeExpenses": 4965000000,
    "otherExpenses": 0,
    "operatingExpenses": 6421000000,
    "costAndExpenses": 28774000000,
    "interestIncome": 321000000,
    "interestExpense": 765000000,
    "depreciationAndAmortization": 1176000000,
    "ebitda": 9100000000,
    "ebitdaratio": 0.2483150053,
    "operatingIncome": 7873000000,
    "operatingIncomeRatio": 0.2148334106,
    "totalOtherIncomeExpensesNet": -714000000,
    "incomeBeforeTax": 7159000000,
    "incomeBeforeTaxRatio": 0.1953502333,
    "incomeTaxExpense": 1487000000,
    "netIncome": 5658000000,
    "netIncomeRatio": 0.1543919011,
    "eps": 8.53,
    "epsdiluted": 8.47,
    "weightedAverageShsOut": 663000000,
    "weightedAverageShsOutDil": 668200000,
    "link": "https://www.sec.gov/Archives/edgar/data/773840/000077384024000014/0000773840-24-000014-index.htm",
    "finalLink": "https://www.sec.gov/Archives/edgar/data/773840/000077384024000014/hon-20231231.htm"
  },
  {
    "date": "2022-12-31",
    "symbol": "HON",
    "reportedCurrency": "USD",
    "cik": "0000773840",
    "fillingDate": "2023-02-10",
    "acceptedDate": "2023-02-10 14:09:31",
    "calendarYear": "2022",
    "period": "FY",
    "revenue": 35453000000,
    "costOfRevenue": 21839000000,
    "grossProfit": 13614000000,
    "grossProfitRatio": 0.3840013539,
    "researchAndDevelopmentExpenses": 1478000000,
    "generalAndAdministrativeExpenses": 0,
    "sellingAndMarketingExpenses": 0,
    "sellingGeneralAndAdministrativeExpenses": 4902000000,
    "otherExpenses": 0,
    "operatingExpenses": 6380000000,
    "costAndExpenses": 28219000000,
    "interestIncome": 138000000,
    "interestExpense": 414000000,
    "depreciationAndAmortization": 1204000000,
    "ebitda": 7997000000,
    "ebitdaratio": 0.2255662426,
    "operatingIncome": 7234000000,
    "operatingIncomeRatio": 0.2040447917,
    "totalOtherIncomeExpensesNet": -855000000,
    "incomeBeforeTax": 6379000000,
    "incomeBeforeTaxRatio": 0.1799283559,
    "incomeTaxExpense": 1412000000,
    "netIncome": 4966000000,
    "netIncomeRatio": 0.1400727724,
    "eps": 7.33,
    "epsdiluted": 7.27,
    "weightedAverageShsOut": 677100000,
    "weightedAverageShsOutDil": 683100000,
    "link": "https://www.sec.gov/Archives/edgar/data/773840/000077384023000013/0000773840-23-000013-index.htm",
    "finalLink": "https://www.sec.gov/Archives/edgar/data/773840/000077384023000013/hon-20221231.htm"
  },
  {
    "date": "2021-12-31",
    "symbol": "HON",
    "reportedCurrency": "USD",
    "cik": "0000773840",
    "fillingDate": "2022-02-11",
    "acceptedDate": "2022-02-11 12:37:32",
    "calendarYear": "2021",
    "period": "FY",
    "revenue": 34387000000,
    "costOfRevenue": 21614000000,
    "grossProfit": 12773000000,
    "grossProfitRatio": 0.3714485125,
    "researchAndDevelopmentExpenses": 1333000000,
    "generalAndAdministrativeExpenses": 0,
    "sellingAndMarketingExpenses": 0,
    "sellingGeneralAndAdministrativeExpenses": 4695000000,
    "otherExpenses": 0,
    "operatingExpenses": 6028000000,
    "costAndExpenses": 27642000000,
    "interestIncome": 102000000,
    "interestExpense": 343000000,
    "depreciationAndAmortization": 1223000000,
    "ebitda": 8801000000,
    "ebitdaratio": 0.2559397447,
    "operatingIncome": 6745000000,
    "operatingIncomeRatio": 0.1961497077,
    "totalOtherIncomeExpensesNet": 490000000,
    "incomeBeforeTax": 7235000000,
    "incomeBeforeTaxRatio": 0.2103992788,
    "incomeTaxExpense": 1625000000,
    "netIncome": 5542000000,
    "netIncomeRatio": 0.1611655568,
    "eps": 8.01,
    "epsdiluted": 7.91,
    "weightedAverageShsOut": 692300000,
    "weightedAverageShsOutDil": 700400000,
    "link": "https://www.sec.gov/Archives/edgar/data/773840/000077384022000018/0000773840-22-000018-index.htm",
    "finalLink": "https://www.sec.gov/Archives/edgar/data/773840/000077384022000018/hon-20211231.htm"
  },
  {
    "date": "2020-12-31",
    "symbol": "HON",
    "reportedCurrency": "USD",
    "cik": "0000773840",
    "fillingDate": "2021-02-12",
    "acceptedDate": "2021-02-12 14:31:39",
    "calendarYear": "2020",
    "period": "FY",
    "revenue": 32640000000,
    "costOfRevenue": 20486000000,
    "grossProfit": 12154000000,
    "grossProfitRatio": 0.3723651961,
    "researchAndDevelopmentExpenses": 1334000000,
    "generalAndAdministrativeExpenses": 0,
    "sellingAndMarketingExpenses": 0,
    "sellingGeneralAndAdministrativeExpenses": 4530000000,
    "otherExpenses": 0,
    "operatingExpenses": 5864000000,
    "costAndExpenses": 26350000000,
    "interestIncome": 107000000,
    "interestExpense": 359000000,
    "depreciationAndAmortization": 1002000000,
    "ebitda": 7373000000,
    "ebitdaratio": 0.2258884804,
    "operatingIncome": 6290000000,
    "operatingIncomeRatio": 0.1927083333,
    "totalOtherIncomeExpensesNet": -278000000,
    "incomeBeforeTax": 6012000000,
    "incomeBeforeTaxRatio": 0.1841911765,
    "incomeTaxExpense": 1147000000,
    "netIncome": 4779000000,
    "netIncomeRatio": 0.1464154412,
    "eps": 6.79,
    "epsdiluted": 6.72,
    "weightedAverageShsOut": 704100000,
    "weightedAverageShsOutDil": 711200000,
    "link": "https://www.sec.gov/Archives/edgar/data/773840/000077384021000015/0000773840-21-000015-index.htm",
    "finalLink": "https://www.sec.gov/Archives/edgar/data/773840/000077384021000015/hon-20201231.htm"
  },
  {
    "date": "2019-12-31",
    "symbol": "HON",
    "reportedCurrency": "USD",
    "cik": "0000773840",
    "fillingDate": "2020-02-14",
    "acceptedDate": "2020-02-14 13:25:35",
    "calendarYear": "2019",
    "period": "FY",
    "revenue": 36706000000,
    "costOfRevenue": 22573000000,
    "grossProfit": 14133000000,
    "grossProfitRatio": 0.3850324198,
    "researchAndDevelopmentExpenses": 1556000000,
    "generalAndAdministrativeExpenses": 0,
    "sellingAndMarketingExpenses": 0,
    "sellingGeneralAndAdministrativeExpenses": 5250000000,
    "otherExpenses": 0,
    "operatingExpenses": 6806000000,
    "costAndExpenses": 29379000000,
    "interestIncome": 255000000,
    "interestExpense": 357000000,
    "depreciationAndAmortization": 1088000000,
    "ebitda": 9074000000,
    "ebitdaratio": 0.247207541,
    "operatingIncome": 7327000000,
    "operatingIncomeRatio": 0.1996131423,
    "totalOtherIncomeExpensesNet": 232000000,
    "incomeBeforeTax": 7559000000,
    "incomeBeforeTaxRatio": 0.2059336348,
    "incomeTaxExpense": 1329000000,
    "netIncome": 6143000000,
    "netIncomeRatio": 0.1673568354,
    "eps": 8.52,
    "epsdiluted": 8.41,
    "weightedAverageShsOut": 721000000,
    "weightedAverageShsOutDil": 730300000,
    "link": "https://www.sec.gov/Archives/edgar/data/773840/000077384020000009/0000773840-20-000009-index.htm",
    "finalLink": "https://www.sec.gov/Archives/edgar/data/773840/000077384020000009/hon1231201910k.htm"
  },
  {
    "date": "2018-12-31",
    "symbol": "HON",
    "reportedCurrency": "USD",
    "cik": "0000773840",
    "fillingDate": "2019-02-08",
    "acceptedDate": "2019-02-08 14:09:10",
    "calendarYear": "2018",
    "period": "FY",
    "revenue": 41811000000,
    "costOfRevenue": 26397000000,
    "grossProfit": 15414000000,
    "grossProfitRatio": 0.3686589653,
    "researchAndDevelopmentExpenses": 1809000000,
    "generalAndAdministrativeExpenses": 0,
    "sellingAndMarketingExpenses": 0,
    "sellingGeneralAndAdministrativeExpenses": 5810000000,
    "otherExpenses": 0,
    "operatingExpenses": 7619000000,
    "costAndExpenses": 34016000000,
    "interestIncome": 217000000,
    "interestExpense": 367000000,
    "depreciationAndAmortization": 1116000000,
    "ebitda": 8933000000,
    "ebitdaratio": 0.2136519098,
    "operatingIncome": 7795000000,
    "operatingIncomeRatio": 0.186434192,
    "totalOtherIncomeExpensesNet": -308000000,
    "incomeBeforeTax": 7487000000,
    "incomeBeforeTaxRatio": 0.1790677095,
    "incomeTaxExpense": 659000000,
    "netIncome": 6765000000,
    "netIncomeRatio": 0.1617995264,
    "eps": 9.1,
    "epsdiluted": 8.98,
    "weightedAverageShsOut": 743000000,
    "weightedAverageShsOutDil": 753000000,
    "link": "https://www.sec.gov/Archives/edgar/data/773840/000093041319000366/0000930413-19-000366-index.htm",
    "finalLink": "https://www.sec.gov/Archives/edgar/data/773840/000093041319000366/c92779_10k.htm"
  },
  {
    "date": "2017-12-31",
    "symbol": "HON",
    "reportedCurrency": "USD",
    "cik": "0000773840",
    "fillingDate": "2018-02-09",
    "acceptedDate": "2018-02-09 14:29:41",
    "calendarYear": "2017",
    "period": "FY",
    "revenue": 40519000000,
    "costOfRevenue": 25604000000,
    "grossProfit": 14915000000,
    "grossProfitRatio": 0.3680989166,
    "researchAndDevelopmentExpenses": 1835000000,
    "generalAndAdministrativeExpenses": 0,
    "sellingAndMarketingExpenses": 0,
    "sellingGeneralAndAdministrativeExpenses": 5928000000,
    "otherExpenses": 0,
    "operatingExpenses": 7763000000,
    "costAndExpenses": 33367000000,
    "interestIncome": 151000000,
    "interestExpense": 316000000,
    "depreciationAndAmortization": 1115000000,
    "ebitda": 8352000000,
    "ebitdaratio": 0.2061255214,
    "operatingIncome": 7152000000,
    "operatingIncomeRatio": 0.1765097855,
    "totalOtherIncomeExpensesNet": -202000000,
    "incomeBeforeTax": 6902000000,
    "incomeBeforeTaxRatio": 0.1703398406,
    "incomeTaxExpense": 5204000000,
    "netIncome": 1655000000,
    "netIncomeRatio": 0.0408450357,
    "eps": 2.03,
    "epsdiluted": 2,
    "weightedAverageShsOut": 762100000,
    "weightedAverageShsOutDil": 772100000,
    "link": "https://www.sec.gov/Archives/edgar/data/773840/000093041318000292/0000930413-18-000292-index.htm",
    "finalLink": "https://www.sec.gov/Archives/edgar/data/773840/000093041318000292/c89913_10k.htm"
  },
  {
    "date": "2016-12-31",
    "symbol": "HON",
    "reportedCurrency": "USD",
    "cik": "0000773840",
    "fillingDate": "2017-02-10",
    "acceptedDate": "2017-02-10 15:53:13",
    "calendarYear": "2016",
    "period": "FY",
    "revenue": 39305000000,
    "costOfRevenue": 24466000000,
    "grossProfit": 14839000000,
    "grossProfitRatio": 0.3775346648,
    "researchAndDevelopmentExpenses": 2143000000,
    "generalAndAdministrativeExpenses": 0,
    "sellingAndMarketingExpenses": 0,
    "sellingGeneralAndAdministrativeExpenses": 5348000000,
    "otherExpenses": 0,
    "operatingExpenses": 7491000000,
    "costAndExpenses": 31957000000,
    "interestIncome": 106000000,
    "interestExpense": 338000000,
    "depreciationAndAmortization": 1030000000,
    "ebitda": 7744000000,
    "ebitdaratio": 0.1970232795,
    "operatingIncome": 7348000000,
    "operatingIncomeRatio": 0.1869482254,
    "totalOtherIncomeExpensesNet": -901000000,
    "incomeBeforeTax": 6447000000,
    "incomeBeforeTaxRatio": 0.1640249332,
    "incomeTaxExpense": 1601000000,
    "netIncome": 4809000000,
    "netIncomeRatio": 0.1223508459,
    "eps": 6.3,
    "epsdiluted": 6.21,
    "weightedAverageShsOut": 764300000,
    "weightedAverageShsOutDil": 775300000,
    "link": "https://www.sec.gov/Archives/edgar/data/773840/000093041317000391/0000930413-17-000391-index.htm",
    "finalLink": "https://www.sec.gov/Archives/edgar/data/773840/000093041317000391/c86783_10k.htm"
  },
  {
    "date": "2015-12-31",
    "symbol": "HON",
    "reportedCurrency": "USD",
    "cik": "0000773840",
    "fillingDate": "2016-02-12",
    "acceptedDate": "2016-02-12 13:41:09",
    "calendarYear": "2015",
    "period": "FY",
    "revenue": 38564000000,
    "costOfRevenue": 24498000000,
    "grossProfit": 14066000000,
    "grossProfitRatio": 0.3647443211,
    "researchAndDevelopmentExpenses": 1856000000,
    "generalAndAdministrativeExpenses": 0,
    "sellingAndMarketingExpenses": 0,
    "sellingGeneralAndAdministrativeExpenses": 4945000000,
    "otherExpenses": 0,
    "operatingExpenses": 6801000000,
    "costAndExpenses": 31299000000,
    "interestIncome": 104000000,
    "interestExpense": 310000000,
    "depreciationAndAmortization": 883000000,
    "ebitda": 7781000000,
    "ebitdaratio": 0.2017684887,
    "operatingIncome": 7265000000,
    "operatingIncomeRatio": 0.188388134,
    "totalOtherIncomeExpensesNet": -679000000,
    "incomeBeforeTax": 6586000000,
    "incomeBeforeTaxRatio": 0.1707810393,
    "incomeTaxExpense": 1739000000,
    "netIncome": 4768000000,
    "netIncomeRatio": 0.1236386267,
    "eps": 6.11,
    "epsdiluted": 6.04,
    "weightedAverageShsOut": 779800000,
    "weightedAverageShsOutDil": 789300000,
    "link": "https://www.sec.gov/Archives/edgar/data/773840/000093041316005457/0000930413-16-005457-index.htm",
    "finalLink": "https://www.sec.gov/Archives/edgar/data/773840/000093041316005457/c83288_10k.htm"
  },
  {
    "date": "2014-12-31",
    "symbol": "HON",
    "reportedCurrency": "USD",
    "cik": "0000773840",
    "fillingDate": "2015-02-13",
    "acceptedDate": "2015-02-13 13:45:03",
    "calendarYear": "2014",
    "period": "FY",
    "revenue": 40301000000,
    "costOfRevenue": 26540000000,
    "grossProfit": 13761000000,
    "grossProfitRatio": 0.341455547,
    "researchAndDevelopmentExpenses": 1892000000,
    "generalAndAdministrativeExpenses": 0,
    "sellingAndMarketingExpenses": 0,
    "sellingGeneralAndAdministrativeExpenses": 5440000000,
    "otherExpenses": 0,
    "operatingExpenses": 7332000000,
    "costAndExpenses": 33872000000,
    "interestIncome": 102000000,
    "interestExpense": 318000000,
    "depreciationAndAmortization": 924000000,
    "ebitda": 7098000000,
    "ebitdaratio": 0.1761246619,
    "operatingIncome": 6429000000,
    "operatingIncomeRatio": 0.1595245776,
    "totalOtherIncomeExpensesNet": -611000000,
    "incomeBeforeTax": 5818000000,
    "incomeBeforeTaxRatio": 0.1443636634,
    "incomeTaxExpense": 1489000000,
    "netIncome": 4239000000,
    "netIncomeRatio": 0.1051834942,
    "eps": 5.4,
    "epsdiluted": 5.33,
    "weightedAverageShsOut": 784400000,
    "weightedAverageShsOutDil": 795200000,
    "link": "https://www.sec.gov/Archives/edgar/data/773840/000093041315000621/0000930413-15-000621-index.htm",
    "finalLink": "https://www.sec.gov/Archives/edgar/data/773840/000093041315000621/c79276_10k.htm"
  },
  {
    "date": "2013-12-31",
    "symbol": "HON",
    "reportedCurrency": "USD",
    "cik": "0000773840",
    "fillingDate": "2014-02-14",
    "acceptedDate": "2014-02-14 09:15:25",
    "calendarYear": "2013",
    "period": "FY",
    "revenue": 39062000000,
    "costOfRevenue": 25989000000,
    "grossProfit": 13073000000,
    "grossProfitRatio": 0.3346730838,
    "researchAndDevelopmentExpenses": 1804000000,
    "generalAndAdministrativeExpenses": 0,
    "sellingAndMarketingExpenses": 0,
    "sellingGeneralAndAdministrativeExpenses": 5082000000,
    "otherExpenses": 0,
    "operatingExpenses": 6886000000,
    "costAndExpenses": 32875000000,
    "interestIncome": 69000000,
    "interestExpense": 327000000,
    "depreciationAndAmortization": 989000000,
    "ebitda": 6637000000,
    "ebitdaratio": 0.1699093748,
    "operatingIncome": 6187000000,
    "operatingIncomeRatio": 0.1583892274,
    "totalOtherIncomeExpensesNet": -775000000,
    "incomeBeforeTax": 5412000000,
    "incomeBeforeTaxRatio": 0.1385489734,
    "incomeTaxExpense": 1450000000,
    "netIncome": 3924000000,
    "netIncomeRatio": 0.1004556858,
    "eps": 4.99,
    "epsdiluted": 4.92,
    "weightedAverageShsOut": 786400000,
    "weightedAverageShsOutDil": 797300000,
    "link": "https://www.sec.gov/Archives/edgar/data/773840/000093041314000634/0000930413-14-000634-index.htm",
    "finalLink": "https://www.sec.gov/Archives/edgar/data/773840/000093041314000634/c75936_10k.htm"
  },
  {
    "date": "2012-12-31",
    "symbol": "HON",
    "reportedCurrency": "USD",
    "cik": "0000773840",
    "fillingDate": "2013-02-15",
    "acceptedDate": "2013-02-15 09:16:19",
    "calendarYear": "2012",
    "period": "FY",
    "revenue": 37672000000,
    "costOfRevenue": 26022000000,
    "grossProfit": 11650000000,
    "grossProfitRatio": 0.309248248,
    "researchAndDevelopmentExpenses": 1847000000,
    "generalAndAdministrativeExpenses": 0,
    "sellingAndMarketingExpenses": 0,
    "sellingGeneralAndAdministrativeExpenses": 5191000000,
    "otherExpenses": 0,
    "operatingExpenses": 7038000000,
    "costAndExpenses": 33060000000,
    "interestIncome": 58000000,
    "interestExpense": 351000000,
    "depreciationAndAmortization": 926000000,
    "ebitda": 5164000000,
    "ebitdaratio": 0.1370779359,
    "operatingIncome": 4612000000,
    "operatingIncomeRatio": 0.1224251433,
    "totalOtherIncomeExpensesNet": -737000000,
    "incomeBeforeTax": 3875000000,
    "incomeBeforeTaxRatio": 0.1028615417,
    "incomeTaxExpense": 944000000,
    "netIncome": 2926000000,
    "netIncomeRatio": 0.0776704183,
    "eps": 3.74,
    "epsdiluted": 3.69,
    "weightedAverageShsOut": 782400000,
    "weightedAverageShsOutDil": 791900000,
    "link": "https://www.sec.gov/Archives/edgar/data/773840/000093041313000907/0000930413-13-000907-index.htm",
    "finalLink": "https://www.sec.gov/Archives/edgar/data/773840/000093041313000907/c72130_10-k.htm"
  },
  {
    "date": "2011-12-31",
    "symbol": "HON",
    "reportedCurrency": "USD",
    "cik": "0000773840",
    "fillingDate": "2012-02-17",
    "acceptedDate": "2012-02-17 13:58:44",
    "calendarYear": "2011",
    "period": "FY",
    "revenue": 36500000000,
    "costOfRevenue": 26075000000,
    "grossProfit": 10425000000,
    "grossProfitRatio": 0.2856164384,
    "researchAndDevelopmentExpenses": 1799000000,
    "generalAndAdministrativeExpenses": 0,
    "sellingAndMarketingExpenses": 0,
    "sellingGeneralAndAdministrativeExpenses": 5294000000,
    "otherExpenses": 0,
    "operatingExpenses": 7093000000,
    "costAndExpenses": 33168000000,
    "interestIncome": 58000000,
    "interestExpense": 376000000,
    "depreciationAndAmortization": 957000000,
    "ebitda": 3727000000,
    "ebitdaratio": 0.102109589,
    "operatingIncome": 3332000000,
    "operatingIncomeRatio": 0.0912876712,
    "totalOtherIncomeExpensesNet": -1050000000,
    "incomeBeforeTax": 2282000000,
    "incomeBeforeTaxRatio": 0.0625205479,
    "incomeTaxExpense": 417000000,
    "netIncome": 2067000000,
    "netIncomeRatio": 0.056630137,
    "eps": 2.65,
    "epsdiluted": 2.61,
    "weightedAverageShsOut": 780800000,
    "weightedAverageShsOutDil": 791600000,
    "link": "https://www.sec.gov/Archives/edgar/data/773840/000093041312000976/0000930413-12-000976-index.htm",
    "finalLink": "https://www.sec.gov/Archives/edgar/data/773840/000093041312000976/c68029_10k.htm"
  },
  {
    "date": "2010-12-31",
    "symbol": "HON",
    "reportedCurrency": "USD",
    "cik": "0000773840",
    "fillingDate": "2011-02-11",
    "acceptedDate": "2011-02-11 12:04:55",
    "calendarYear": "2010",
    "period": "FY",
    "revenue": 32369000000,
    "costOfRevenue": 22735000000,
    "grossProfit": 9634000000,
    "grossProfitRatio": 0.2976304489,
    "researchAndDevelopmentExpenses": 1450000000,
    "generalAndAdministrativeExpenses": 0,
    "sellingAndMarketingExpenses": 0,
    "sellingGeneralAndAdministrativeExpenses": 4575000000,
    "otherExpenses": 0,
    "operatingExpenses": 6025000000,
    "costAndExpenses": 28760000000,
    "interestIncome": 39000000,
    "interestExpense": 386000000,
    "depreciationAndAmortization": 987000000,
    "ebitda": 4119000000,
    "ebitdaratio": 0.1272513825,
    "operatingIncome": 3609000000,
    "operatingIncomeRatio": 0.1114955667,
    "totalOtherIncomeExpensesNet": -887000000,
    "incomeBeforeTax": 2843000000,
    "incomeBeforeTaxRatio": 0.0878309494,
    "incomeTaxExpense": 808000000,
    "netIncome": 2022000000,
    "netIncomeRatio": 0.0624671754,
    "eps": 2.61,
    "epsdiluted": 2.59,
    "weightedAverageShsOut": 773500000,
    "weightedAverageShsOutDil": 780900000,
    "link": "https://www.sec.gov/Archives/edgar/data/773840/000093041311000961/0000930413-11-000961-index.htm",
    "finalLink": "https://www.sec.gov/Archives/edgar/data/773840/000093041311000961/c63936_10-k.htm"
  },
  {
    "date": "2009-12-31",
    "symbol": "HON",
    "reportedCurrency": "USD",
    "cik": "0000773840",
    "fillingDate": "2010-02-12",
    "acceptedDate": "2010-02-12 16:36:38",
    "calendarYear": "2009",
    "period": "FY",
    "revenue": 30854000000,
    "costOfRevenue": 22220000000,
    "grossProfit": 8634000000,
    "grossProfitRatio": 0.2798340572,
    "researchAndDevelopmentExpenses": 1330000000,
    "generalAndAdministrativeExpenses": 0,
    "sellingAndMarketingExpenses": 0,
    "sellingGeneralAndAdministrativeExpenses": 4375000000,
    "otherExpenses": 0,
    "operatingExpenses": 5705000000,
    "costAndExpenses": 27925000000,
    "interestIncome": 33000000,
    "interestExpense": 459000000,
    "depreciationAndAmortization": 957000000,
    "ebitda": 3463000000,
    "ebitdaratio": 0.1122382835,
    "operatingIncome": 2929000000,
    "operatingIncomeRatio": 0.0949309652,
    "totalOtherIncomeExpensesNet": -880000000,
    "incomeBeforeTax": 2978000000,
    "incomeBeforeTaxRatio": 0.0965190899,
    "incomeTaxExpense": 789000000,
    "netIncome": 2153000000,
    "netIncomeRatio": 0.0697802554,
    "eps": 2.06,
    "epsdiluted": 2.05,
    "weightedAverageShsOut": 752600000,
    "weightedAverageShsOutDil": 755121951,
    "link": "https://www.sec.gov/Archives/edgar/data/773840/000093041310000784/0000930413-10-000784-index.htm",
    "finalLink": "https://www.sec.gov/Archives/edgar/data/773840/000093041310000784/c60039_10k.htm"
  },
  {
    "date": "2008-12-31",
    "symbol": "HON",
    "reportedCurrency": "USD",
    "cik": "0000773840",
    "fillingDate": "2009-02-13",
    "acceptedDate": "2009-02-13 11:24:23",
    "calendarYear": "2008",
    "period": "FY",
    "revenue": 36556000000,
    "costOfRevenue": 25543000000,
    "grossProfit": 11013000000,
    "grossProfitRatio": 0.3012638144,
    "researchAndDevelopmentExpenses": 1543000000,
    "generalAndAdministrativeExpenses": 0,
    "sellingAndMarketingExpenses": 0,
    "sellingGeneralAndAdministrativeExpenses": 4929000000,
    "otherExpenses": 0,
    "operatingExpenses": 6472000000,
    "costAndExpenses": 32015000000,
    "interestIncome": 102000000,
    "interestExpense": 456000000,
    "depreciationAndAmortization": 903000000,
    "ebitda": 5160000000,
    "ebitdaratio": 0.141153299,
    "operatingIncome": 4541000000,
    "operatingIncomeRatio": 0.1242203742,
    "totalOtherIncomeExpensesNet": -740000000,
    "incomeBeforeTax": 3801000000,
    "incomeBeforeTaxRatio": 0.1039774592,
    "incomeTaxExpense": 1009000000,
    "netIncome": 2792000000,
    "netIncomeRatio": 0.0763759711,
    "eps": 3.79,
    "epsdiluted": 3.76,
    "weightedAverageShsOut": 736763174,
    "weightedAverageShsOutDil": 743530427,
    "link": "https://www.sec.gov/Archives/edgar/data/773840/000093041309000801/0000930413-09-000801-index.htm",
    "finalLink": "https://www.sec.gov/Archives/edgar/data/773840/000093041309000801/c56028_10k.htm"
  },
  {
    "date": "2007-12-31",
    "symbol": "HON",
    "reportedCurrency": "USD",
    "cik": "0000773840",
    "fillingDate": "2008-02-15",
    "acceptedDate": "2008-02-15 12:01:53",
    "calendarYear": "2007",
    "period": "FY",
    "revenue": 34589000000,
    "costOfRevenue": 24346000000,
    "grossProfit": 10243000000,
    "grossProfitRatio": 0.2961346093,
    "researchAndDevelopmentExpenses": 1459000000,
    "generalAndAdministrativeExpenses": 0,
    "sellingAndMarketingExpenses": 0,
    "sellingGeneralAndAdministrativeExpenses": 4517000000,
    "otherExpenses": 0,
    "operatingExpenses": 5976000000,
    "costAndExpenses": 30322000000,
    "interestIncome": 0,
    "interestExpense": 456000000,
    "depreciationAndAmortization": 837000000,
    "ebitda": 4614000000,
    "ebitdaratio": 0.13339501,
    "operatingIncome": 4267000000,
    "operatingIncomeRatio": 0.1233629188,
    "totalOtherIncomeExpensesNet": -946000000,
    "incomeBeforeTax": 3321000000,
    "incomeBeforeTaxRatio": 0.0960131834,
    "incomeTaxExpense": 877000000,
    "netIncome": 2444000000,
    "netIncomeRatio": 0.0706583018,
    "eps": 3.2,
    "epsdiluted": 3.16,
    "weightedAverageShsOut": 763750000,
    "weightedAverageShsOutDil": 773417722,
    "link": "https://www.sec.gov/Archives/edgar/data/773840/000093041308001037/0000930413-08-001037-index.htm",
    "finalLink": "https://www.sec.gov/Archives/edgar/data/773840/000093041308001037/c51271_10k.htm"
  },
  {
    "date": "2006-12-31",
    "symbol": "HON",
    "reportedCurrency": "USD",
    "cik": "0000773840",
    "fillingDate": "2007-02-16",
    "acceptedDate": "2007-02-16 17:12:38",
    "calendarYear": "2006",
    "period": "FY",
    "revenue": 31367000000,
    "costOfRevenue": 22213000000,
    "grossProfit": 9154000000,
    "grossProfitRatio": 0.2918353684,
    "researchAndDevelopmentExpenses": 1411000000,
    "generalAndAdministrativeExpenses": 0,
    "sellingAndMarketingExpenses": 0,
    "sellingGeneralAndAdministrativeExpenses": 4199000000,
    "otherExpenses": 0,
    "operatingExpenses": 5610000000,
    "costAndExpenses": 27823000000,
    "interestIncome": 0,
    "interestExpense": 374000000,
    "depreciationAndAmortization": 794000000,
    "ebitda": 3966000000,
    "ebitdaratio": 0.1264386138,
    "operatingIncome": 3544000000,
    "operatingIncomeRatio": 0.1129849842,
    "totalOtherIncomeExpensesNet": -746000000,
    "incomeBeforeTax": 2798000000,
    "incomeBeforeTaxRatio": 0.0892020276,
    "incomeTaxExpense": 720000000,
    "netIncome": 2083000000,
    "netIncomeRatio": 0.0664073708,
    "eps": 2.54,
    "epsdiluted": 2.52,
    "weightedAverageShsOut": 820078740,
    "weightedAverageShsOutDil": 826587302,
    "link": "https://www.sec.gov/Archives/edgar/data/773840/000093041307001369/0000930413-07-001369-index.htm",
    "finalLink": "https://www.sec.gov/Archives/edgar/data/773840/000093041307001369/c44492_10k.htm"
  },
  {
    "date": "2005-12-31",
    "symbol": "HON",
    "reportedCurrency": "USD",
    "cik": "0000773840",
    "fillingDate": "2006-03-01",
    "acceptedDate": "2006-03-01 16:37:10",
    "calendarYear": "2005",
    "period": "FY",
    "revenue": 27652000000,
    "costOfRevenue": 20095000000,
    "grossProfit": 7557000000,
    "grossProfitRatio": 0.2732894547,
    "researchAndDevelopmentExpenses": 1072000000,
    "generalAndAdministrativeExpenses": 0,
    "sellingAndMarketingExpenses": 0,
    "sellingGeneralAndAdministrativeExpenses": 3664000000,
    "otherExpenses": 0,
    "operatingExpenses": 4736000000,
    "costAndExpenses": 24831000000,
    "interestIncome": 0,
    "interestExpense": 356000000,
    "depreciationAndAmortization": 697000000,
    "ebitda": 3305000000,
    "ebitdaratio": 0.119521192,
    "operatingIncome": 2821000000,
    "operatingIncomeRatio": 0.1020179372,
    "totalOtherIncomeExpensesNet": -391000000,
    "incomeBeforeTax": 2323000000,
    "incomeBeforeTaxRatio": 0.08400839,
    "incomeTaxExpense": 742000000,
    "netIncome": 1655000000,
    "netIncomeRatio": 0.0598510054,
    "eps": 1.93,
    "epsdiluted": 1.92,
    "weightedAverageShsOut": 848704663,
    "weightedAverageShsOutDil": 853125000,
    "link": "https://www.sec.gov/Archives/edgar/data/773840/000095011706000980/0000950117-06-000980-index.htm",
    "finalLink": "https://www.sec.gov/Archives/edgar/data/773840/000095011706000980/a41243.htm"
  },
  {
    "date": "2004-12-31",
    "symbol": "HON",
    "reportedCurrency": "USD",
    "cik": "0000773840",
    "fillingDate": "2005-02-25",
    "acceptedDate": "2005-02-25 17:04:43",
    "calendarYear": "2004",
    "period": "FY",
    "revenue": 25601000000,
    "costOfRevenue": 19047000000,
    "grossProfit": 6554000000,
    "grossProfitRatio": 0.2560056248,
    "researchAndDevelopmentExpenses": 917000000,
    "generalAndAdministrativeExpenses": 0,
    "sellingAndMarketingExpenses": 0,
    "sellingGeneralAndAdministrativeExpenses": 3291000000,
    "otherExpenses": 0,
    "operatingExpenses": 4208000000,
    "costAndExpenses": 23255000000,
    "interestIncome": 0,
    "interestExpense": 331000000,
    "depreciationAndAmortization": 650000000,
    "ebitda": 2671000000,
    "ebitdaratio": 0.104331862,
    "operatingIncome": 2346000000,
    "operatingIncomeRatio": 0.0916370454,
    "totalOtherIncomeExpensesNet": -656000000,
    "incomeBeforeTax": 1680000000,
    "incomeBeforeTaxRatio": 0.0656224366,
    "incomeTaxExpense": 399000000,
    "netIncome": 1281000000,
    "netIncomeRatio": 0.0500371079,
    "eps": 1.45,
    "epsdiluted": 1.45,
    "weightedAverageShsOut": 859310345,
    "weightedAverageShsOutDil": 859310345,
    "link": "https://www.sec.gov/Archives/edgar/data/773840/000095011705000756/0000950117-05-000756-index.htm",
    "finalLink": "https://www.sec.gov/Archives/edgar/data/773840/000095011705000756/a38747.htm"
  },
  {
    "date": "2003-12-31",
    "symbol": "HON",
    "reportedCurrency": "USD",
    "cik": "0000773840",
    "fillingDate": "2004-03-04",
    "acceptedDate": "2004-03-04 12:37:53",
    "calendarYear": "2003",
    "period": "FY",
    "revenue": 23103000000,
    "costOfRevenue": 18235000000,
    "grossProfit": 4868000000,
    "grossProfitRatio": 0.210708566,
    "researchAndDevelopmentExpenses": 0,
    "generalAndAdministrativeExpenses": 0,
    "sellingAndMarketingExpenses": 0,
    "sellingGeneralAndAdministrativeExpenses": 2950000000,
    "otherExpenses": 0,
    "operatingExpenses": 2950000000,
    "costAndExpenses": 21185000000,
    "interestIncome": 0,
    "interestExpense": 0,
    "depreciationAndAmortization": 595000000,
    "ebitda": 2579000000,
    "ebitdaratio": 0.1116305242,
    "operatingIncome": 1918000000,
    "operatingIncomeRatio": 0.0830195213,
    "totalOtherIncomeExpensesNet": -278000000,
    "incomeBeforeTax": 1640000000,
    "incomeBeforeTaxRatio": 0.070986452,
    "incomeTaxExpense": 296000000,
    "netIncome": 1324000000,
    "netIncomeRatio": 0.0573085746,
    "eps": 1.52,
    "epsdiluted": 1.52,
    "weightedAverageShsOut": 871052632,
    "weightedAverageShsOutDil": 871052632,
    "link": "https://www.sec.gov/Archives/edgar/data/773840/000095011704000868/0000950117-04-000868-index.htm",
    "finalLink": "https://www.sec.gov/Archives/edgar/data/773840/000095011704000868/a36887.txt"
  },
  {
    "date": "2002-12-31",
    "symbol": "HON",
    "reportedCurrency": "USD",
    "cik": "0000773840",
    "fillingDate": "2003-03-06",
    "acceptedDate": "2003-03-06 14:03:01",
    "calendarYear": "2002",
    "period": "FY",
    "revenue": 22274000000,
    "costOfRevenue": 17615000000,
    "grossProfit": 4659000000,
    "grossProfitRatio": 0.2091676394,
    "researchAndDevelopmentExpenses": 0,
    "generalAndAdministrativeExpenses": 0,
    "sellingAndMarketingExpenses": 0,
    "sellingGeneralAndAdministrativeExpenses": 2757000000,
    "otherExpenses": 0,
    "operatingExpenses": 2757000000,
    "costAndExpenses": 20372000000,
    "interestIncome": 0,
    "interestExpense": 0,
    "depreciationAndAmortization": 671000000,
    "ebitda": 2573000000,
    "ebitdaratio": 0.1155158481,
    "operatingIncome": 1902000000,
    "operatingIncomeRatio": 0.0853910389,
    "totalOtherIncomeExpensesNet": -2847000000,
    "incomeBeforeTax": -945000000,
    "incomeBeforeTaxRatio": -0.0424261471,
    "incomeTaxExpense": -725000000,
    "netIncome": -220000000,
    "netIncomeRatio": -0.0098769866,
    "eps": -0.27,
    "epsdiluted": -0.27,
    "weightedAverageShsOut": 820394737,
    "weightedAverageShsOutDil": 820394737,
    "link": "https://www.sec.gov/Archives/edgar/data/773840/000095011703000910/0000950117-03-000910-index.htm",
    "finalLink": "https://www.sec.gov/Archives/edgar/data/773840/000095011703000910/a34239.txt"
  },
  {
    "date": "2001-12-31",
    "symbol": "HON",
    "reportedCurrency": "USD",
    "cik": "0000773840",
    "fillingDate": "2002-03-20",
    "acceptedDate": "2002-03-20 00:00:00",
    "calendarYear": "2001",
    "period": "FY",
    "revenue": 23652000000,
    "costOfRevenue": 20429000000,
    "grossProfit": 3223000000,
    "grossProfitRatio": 0.1362675461,
    "researchAndDevelopmentExpenses": 0,
    "generalAndAdministrativeExpenses": 0,
    "sellingAndMarketingExpenses": 0,
    "sellingGeneralAndAdministrativeExpenses": 3064000000,
    "otherExpenses": 0,
    "operatingExpenses": 3064000000,
    "costAndExpenses": 23493000000,
    "interestIncome": 0,
    "interestExpense": 0,
    "depreciationAndAmortization": 926000000,
    "ebitda": 1085000000,
    "ebitdaratio": 0.0458734991,
    "operatingIncome": 159000000,
    "operatingIncomeRatio": 0.0067224759,
    "totalOtherIncomeExpensesNet": -581000000,
    "incomeBeforeTax": -422000000,
    "incomeBeforeTaxRatio": -0.017842043,
    "incomeTaxExpense": -323000000,
    "netIncome": -99000000,
    "netIncomeRatio": -0.0041856925,
    "eps": -0.12,
    "epsdiluted": -0.12,
    "weightedAverageShsOut": 825000000,
    "weightedAverageShsOutDil": 825000000,
    "link": "https://www.sec.gov/Archives/edgar/data/773840/000095011702000539/0000950117-02-000539-index.htm",
    "finalLink": "https://www.sec.gov/Archives/edgar/data/773840/000095011702000539/a31661.txt"
  },
  {
    "date": "2000-12-31",
    "symbol": "HON",
    "reportedCurrency": "USD",
    "cik": "0000773840",
    "fillingDate": "2001-03-30",
    "acceptedDate": "2001-03-30 00:00:00",
    "calendarYear": "2000",
    "period": "FY",
    "revenue": 25023000000,
    "costOfRevenue": 19090000000,
    "grossProfit": 5933000000,
    "grossProfitRatio": 0.2371018663,
    "researchAndDevelopmentExpenses": 0,
    "generalAndAdministrativeExpenses": 0,
    "sellingAndMarketingExpenses": 0,
    "sellingGeneralAndAdministrativeExpenses": 3134000000,
    "otherExpenses": 0,
    "operatingExpenses": 3134000000,
    "costAndExpenses": 22224000000,
    "interestIncome": 0,
    "interestExpense": 0,
    "depreciationAndAmortization": 995000000,
    "ebitda": 3794000000,
    "ebitdaratio": 0.1516205091,
    "operatingIncome": 2799000000,
    "operatingIncomeRatio": 0.1118570915,
    "totalOtherIncomeExpensesNet": -401000000,
    "incomeBeforeTax": 2398000000,
    "incomeBeforeTaxRatio": 0.0958318347,
    "incomeTaxExpense": 739000000,
    "netIncome": 1659000000,
    "netIncomeRatio": 0.0662990049,
    "eps": 2.07,
    "epsdiluted": 2.05,
    "weightedAverageShsOut": 801449275,
    "weightedAverageShsOutDil": 809268293,
    "link": "https://www.sec.gov/Archives/edgar/data/773840/000095011701000640/0000950117-01-000640-index.htm",
    "finalLink": "https://www.sec.gov/Archives/edgar/data/773840/000095011701000640/0000950117-01-000640-0001.txt"
  },
  {
    "date": "1999-12-31",
    "symbol": "HON",
    "reportedCurrency": "USD",
    "cik": "0000773840",
    "fillingDate": "2000-02-23",
    "acceptedDate": "2000-02-23 00:00:00",
    "calendarYear": "1999",
    "period": "FY",
    "revenue": 23735000000,
    "costOfRevenue": 18495000000,
    "grossProfit": 5240000000,
    "grossProfitRatio": 0.2207710133,
    "researchAndDevelopmentExpenses": 0,
    "generalAndAdministrativeExpenses": 0,
    "sellingAndMarketingExpenses": 0,
    "sellingGeneralAndAdministrativeExpenses": 3216000000,
    "otherExpenses": 0,
    "operatingExpenses": 3216000000,
    "costAndExpenses": 21711000000,
    "interestIncome": 0,
    "interestExpense": 0,
    "depreciationAndAmortization": 881000000,
    "ebitda": 2905000000,
    "ebitdaratio": 0.1223930904,
    "operatingIncome": 2024000000,
    "operatingIncomeRatio": 0.0852749105,
    "totalOtherIncomeExpensesNet": 224000000,
    "incomeBeforeTax": 2248000000,
    "incomeBeforeTaxRatio": 0.09471245,
    "incomeTaxExpense": 707000000,
    "netIncome": 1541000000,
    "netIncomeRatio": 0.0649252159,
    "eps": 1.95,
    "epsdiluted": 1.9,
    "weightedAverageShsOut": 790256410,
    "weightedAverageShsOutDil": 811052632,
    "link": "https://www.sec.gov/Archives/edgar/data/773840/000095011700000401/0000950117-00-000401-index.htm",
    "finalLink": "https://www.sec.gov/Archives/edgar/data/773840/000095011700000401/"
  },
  {
    "date": "1998-12-31",
    "symbol": "HON",
    "reportedCurrency": "USD",
    "cik": "0000773840",
    "fillingDate": "1999-03-04",
    "acceptedDate": "1999-03-04 00:00:00",
    "calendarYear": "1998",
    "period": "FY",
    "revenue": 15128000000,
    "costOfRevenue": 11476000000,
    "grossProfit": 3652000000,
    "grossProfitRatio": 0.2414066631,
    "researchAndDevelopmentExpenses": 0,
    "generalAndAdministrativeExpenses": 0,
    "sellingAndMarketingExpenses": 0,
    "sellingGeneralAndAdministrativeExpenses": 1690000000,
    "otherExpenses": 0,
    "operatingExpenses": 1690000000,
    "costAndExpenses": 13166000000,
    "interestIncome": 0,
    "interestExpense": 0,
    "depreciationAndAmortization": 609000000,
    "ebitda": 3755000000,
    "ebitdaratio": 0.24821523,
    "operatingIncome": 1962000000,
    "operatingIncomeRatio": 0.129693284,
    "totalOtherIncomeExpensesNet": -86000000,
    "incomeBeforeTax": 1943000000,
    "incomeBeforeTaxRatio": 0.1284373347,
    "incomeTaxExpense": 612000000,
    "netIncome": 1331000000,
    "netIncomeRatio": 0.0879825489,
    "eps": 2.38,
    "epsdiluted": 2.34,
    "weightedAverageShsOut": 562500000,
    "weightedAverageShsOutDil": 575700000,
    "link": "https://www.sec.gov/Archives/edgar/data/773840/000095011799000452/0000950117-99-000452-index.htm",
    "finalLink": "https://www.sec.gov/Archives/edgar/data/773840/000095011799000452/"
  },
  {
    "date": "1997-12-31",
    "symbol": "HON",
    "reportedCurrency": "USD",
    "cik": "0000773840",
    "fillingDate": "1998-02-26",
    "acceptedDate": "1998-02-26 00:00:00",
    "calendarYear": "1997",
    "period": "FY",
    "revenue": 14472000000,
    "costOfRevenue": 11481000000,
    "grossProfit": 2991000000,
    "grossProfitRatio": 0.2066749585,
    "researchAndDevelopmentExpenses": 0,
    "generalAndAdministrativeExpenses": 0,
    "sellingAndMarketingExpenses": 0,
    "sellingGeneralAndAdministrativeExpenses": 1581000000,
    "otherExpenses": -226000000,
    "operatingExpenses": 1355000000,
    "costAndExpenses": 12836000000,
    "interestIncome": 0,
    "interestExpense": 0,
    "depreciationAndAmortization": 609000000,
    "ebitda": 3003000000,
    "ebitdaratio": 0.2075041459,
    "operatingIncome": 1636000000,
    "operatingIncomeRatio": 0.1130458817,
    "totalOtherIncomeExpensesNet": 783000000,
    "incomeBeforeTax": 1716000000,
    "incomeBeforeTaxRatio": 0.1185737977,
    "incomeTaxExpense": 546000000,
    "netIncome": 1170000000,
    "netIncomeRatio": 0.0808457711,
    "eps": 2.04,
    "epsdiluted": 2,
    "weightedAverageShsOut": 565600000,
    "weightedAverageShsOutDil": 581400000,
    "link": "https://www.sec.gov/Archives/edgar/data/773840/000095011798000419/0000950117-98-000419-index.htm",
    "finalLink": "https://www.sec.gov/Archives/edgar/data/773840/0000950117-98-000419.txt"
  },
  {
    "date": "1996-12-31",
    "symbol": "HON",
    "reportedCurrency": "USD",
    "cik": "0000773840",
    "fillingDate": "1997-02-28",
    "acceptedDate": "1997-02-28 00:00:00",
    "calendarYear": "1996",
    "period": "FY",
    "revenue": 13971000000,
    "costOfRevenue": 11606000000,
    "grossProfit": 2365000000,
    "grossProfitRatio": 0.1692792212,
    "researchAndDevelopmentExpenses": 0,
    "generalAndAdministrativeExpenses": 0,
    "sellingAndMarketingExpenses": 0,
    "sellingGeneralAndAdministrativeExpenses": 1511000000,
    "otherExpenses": -655000000,
    "operatingExpenses": 856000000,
    "costAndExpenses": 12462000000,
    "interestIncome": 0,
    "interestExpense": 0,
    "depreciationAndAmortization": 602000000,
    "ebitda": 2111000000,
    "ebitdaratio": 0.1510987045,
    "operatingIncome": 1509000000,
    "operatingIncomeRatio": 0.1080094481,
    "totalOtherIncomeExpensesNet": 44000000,
    "incomeBeforeTax": 1553000000,
    "incomeBeforeTaxRatio": 0.111158829,
    "incomeTaxExpense": 533000000,
    "netIncome": 1020000000,
    "netIncomeRatio": 0.0730083745,
    "eps": 1.77,
    "epsdiluted": 1.73,
    "weightedAverageShsOut": 576271186,
    "weightedAverageShsOutDil": 589595376,
    "link": "https://www.sec.gov/Archives/edgar/data/773840/000095011797000341/0000950117-97-000341-index.htm",
    "finalLink": "https://www.sec.gov/Archives/edgar/data/773840/000095011797000341/"
  },
  {
    "date": "1995-12-31",
    "symbol": "HON",
    "reportedCurrency": "USD",
    "cik": "0000773840",
    "fillingDate": "1996-02-27",
    "acceptedDate": "1996-02-27 00:00:00",
    "calendarYear": "1995",
    "period": "FY",
    "revenue": 14346000000,
    "costOfRevenue": 11539000000,
    "grossProfit": 2807000000,
    "grossProfitRatio": 0.1956642967,
    "researchAndDevelopmentExpenses": 0,
    "generalAndAdministrativeExpenses": 0,
    "sellingAndMarketingExpenses": 0,
    "sellingGeneralAndAdministrativeExpenses": 1503000000,
    "otherExpenses": 44000000,
    "operatingExpenses": 1547000000,
    "costAndExpenses": 13086000000,
    "interestIncome": 0,
    "interestExpense": 0,
    "depreciationAndAmortization": 612000000,
    "ebitda": 1872000000,
    "ebitdaratio": 0.130489335,
    "operatingIncome": 1260000000,
    "operatingIncomeRatio": 0.0878293601,
    "totalOtherIncomeExpensesNet": 1000000,
    "incomeBeforeTax": 1261000000,
    "incomeBeforeTaxRatio": 0.0878990659,
    "incomeTaxExpense": 386000000,
    "netIncome": 875000000,
    "netIncomeRatio": 0.0609926112,
    "eps": 1.55,
    "epsdiluted": 1.55,
    "weightedAverageShsOut": 566343042,
    "weightedAverageShsOutDil": 567206000,
    "link": "https://www.sec.gov/Archives/edgar/data/773840/000095011796000146/0000950117-96-000146-index.htm",
    "finalLink": "https://www.sec.gov/Archives/edgar/data/773840/0000950117-96-000146.txt"
  },
  {
    "date": "1994-12-31",
    "symbol": "HON",
    "reportedCurrency": "USD",
    "cik": "0000773840",
    "fillingDate": "1995-03-02",
    "acceptedDate": "1995-03-02 00:00:00",
    "calendarYear": "1994",
    "period": "FY",
    "revenue": 12817000000,
    "costOfRevenue": 10299000000,
    "grossProfit": 2518000000,
    "grossProfitRatio": 0.1964578294,
    "researchAndDevelopmentExpenses": 0,
    "generalAndAdministrativeExpenses": 0,
    "sellingAndMarketingExpenses": 0,
    "sellingGeneralAndAdministrativeExpenses": 1366000000,
    "otherExpenses": 0,
    "operatingExpenses": 1366000000,
    "costAndExpenses": 11665000000,
    "interestIncome": 0,
    "interestExpense": 0,
    "depreciationAndAmortization": 560000000,
    "ebitda": 1712000000,
    "ebitdaratio": 0.1335725989,
    "operatingIncome": 1152000000,
    "operatingIncomeRatio": 0.0898806273,
    "totalOtherIncomeExpensesNet": -41000000,
    "incomeBeforeTax": 1111000000,
    "incomeBeforeTaxRatio": 0.0866817508,
    "incomeTaxExpense": 352000000,
    "netIncome": 759000000,
    "netIncomeRatio": 0.0592182258,
    "eps": 1.34,
    "epsdiluted": 1.34,
    "weightedAverageShsOut": 566417910,
    "weightedAverageShsOutDil": 567150000,
    "link": "https://www.sec.gov/Archives/edgar/data/773840/000095011795000038/0000950117-95-000038-index.htm",
    "finalLink": "https://www.sec.gov/Archives/edgar/data/773840/0000950117-95-000038.txt"
  },
  {
    "date": "1993-12-31",
    "symbol": "HON",
    "reportedCurrency": "USD",
    "cik": "0000773840",
    "fillingDate": "1994-03-15",
    "acceptedDate": "1994-03-15 00:00:00",
    "calendarYear": "1993",
    "period": "FY",
    "revenue": 11827000000,
    "costOfRevenue": 9004000000,
    "grossProfit": 2823000000,
    "grossProfitRatio": 0.2386911305,
    "researchAndDevelopmentExpenses": 0,
    "generalAndAdministrativeExpenses": 0,
    "sellingAndMarketingExpenses": 0,
    "sellingGeneralAndAdministrativeExpenses": 1338000000,
    "otherExpenses": 547000000,
    "operatingExpenses": 1885000000,
    "costAndExpenses": 10889000000,
    "interestIncome": 0,
    "interestExpense": 0,
    "depreciationAndAmortization": 547000000,
    "ebitda": 1501000000,
    "ebitdaratio": 0.1269129957,
    "operatingIncome": 938000000,
    "operatingIncomeRatio": 0.0793100533,
    "totalOtherIncomeExpensesNet": -44000000,
    "incomeBeforeTax": 910000000,
    "incomeBeforeTaxRatio": 0.076942589,
    "incomeTaxExpense": 254000000,
    "netIncome": 411000000,
    "netIncomeRatio": 0.0347509935,
    "eps": 0.73,
    "epsdiluted": 0.73,
    "weightedAverageShsOut": 563013699,
    "weightedAverageShsOutDil": 566279070,
    "link": "https://www.sec.gov/Archives/edgar/data/773840/000095011794000067/0000950117-94-000067-index.htm",
    "finalLink": "https://www.sec.gov/Archives/edgar/data/773840/000095011794000067/"
  },
  {
    "date": "1992-12-31",
    "symbol": "HON",
    "reportedCurrency": "USD",
    "cik": "0000773840",
    "fillingDate": "1992-12-31",
    "acceptedDate": "1992-12-30 19:00:00",
    "calendarYear": "1992",
    "period": "FY",
    "revenue": 12042000000,
    "costOfRevenue": 9394000000,
    "grossProfit": 2648000000,
    "grossProfitRatio": 0.2198970271,
    "researchAndDevelopmentExpenses": 0,
    "generalAndAdministrativeExpenses": 0,
    "sellingAndMarketingExpenses": 0,
    "sellingGeneralAndAdministrativeExpenses": 1704000000,
    "otherExpenses": 529000000,
    "operatingExpenses": 2233000000,
    "costAndExpenses": 11627000000,
    "interestIncome": 0,
    "interestExpense": 0,
    "depreciationAndAmortization": 529000000,
    "ebitda": 944000000,
    "ebitdaratio": 0.0783922936,
    "operatingIncome": 415000000,
    "operatingIncomeRatio": 0.0344627138,
    "totalOtherIncomeExpensesNet": 287000000,
    "incomeBeforeTax": 702000000,
    "incomeBeforeTaxRatio": 0.0582959641,
    "incomeTaxExpense": 167000000,
    "netIncome": -712000000,
    "netIncomeRatio": -0.059126391,
    "eps": -1.26,
    "epsdiluted": -1.26,
    "weightedAverageShsOut": 565079365,
    "weightedAverageShsOutDil": 565079365,
    "link": "",
    "finalLink": ""
  },
  {
    "date": "1991-12-31",
    "symbol": "HON",
    "reportedCurrency": "USD",
    "cik": "0000773840",
    "fillingDate": "1991-12-31",
    "acceptedDate": "1991-12-30 19:00:00",
    "calendarYear": "1991",
    "period": "FY",
    "revenue": 11831000000,
    "costOfRevenue": 9408000000,
    "grossProfit": 2423000000,
    "grossProfitRatio": 0.2048009467,
    "researchAndDevelopmentExpenses": 0,
    "generalAndAdministrativeExpenses": 0,
    "sellingAndMarketingExpenses": 0,
    "sellingGeneralAndAdministrativeExpenses": 2210000000,
    "otherExpenses": 504000000,
    "operatingExpenses": 2714000000,
    "costAndExpenses": 12122000000,
    "interestIncome": 0,
    "interestExpense": 0,
    "depreciationAndAmortization": 504000000,
    "ebitda": 213000000,
    "ebitdaratio": 0.01800355,
    "operatingIncome": -291000000,
    "operatingIncomeRatio": -0.0245963993,
    "totalOtherIncomeExpensesNet": -99000000,
    "incomeBeforeTax": -390000000,
    "incomeBeforeTaxRatio": -0.0329642465,
    "incomeTaxExpense": -117000000,
    "netIncome": -273000000,
    "netIncomeRatio": -0.0230749725,
    "eps": -0.5,
    "epsdiluted": -0.5,
    "weightedAverageShsOut": 546000000,
    "weightedAverageShsOutDil": 546000000,
    "link": "",
    "finalLink": ""
  },
  {
    "date": "1990-12-31",
    "symbol": "HON",
    "reportedCurrency": "USD",
    "cik": "0000773840",
    "fillingDate": "1990-12-31",
    "acceptedDate": "1990-12-30 19:00:00",
    "calendarYear": "1990",
    "period": "FY",
    "revenue": 12343000000,
    "costOfRevenue": 9766000000,
    "grossProfit": 2577000000,
    "grossProfitRatio": 0.2087823058,
    "researchAndDevelopmentExpenses": 0,
    "generalAndAdministrativeExpenses": 0,
    "sellingAndMarketingExpenses": 0,
    "sellingGeneralAndAdministrativeExpenses": 1387000000,
    "otherExpenses": 460000000,
    "operatingExpenses": 1847000000,
    "costAndExpenses": 11613000000,
    "interestIncome": 0,
    "interestExpense": 0,
    "depreciationAndAmortization": 460000000,
    "ebitda": 1190000000,
    "ebitdaratio": 0.0964109212,
    "operatingIncome": 730000000,
    "operatingIncomeRatio": 0.059142834,
    "totalOtherIncomeExpensesNet": -128000000,
    "incomeBeforeTax": 602000000,
    "incomeBeforeTaxRatio": 0.0487725837,
    "incomeTaxExpense": 140000000,
    "netIncome": 462000000,
    "netIncomeRatio": 0.0374301223,
    "eps": 0.84,
    "epsdiluted": 0.84,
    "weightedAverageShsOut": 550000000,
    "weightedAverageShsOutDil": 550000000,
    "link": "",
    "finalLink": ""
  },
  {
    "date": "1989-12-31",
    "symbol": "HON",
    "reportedCurrency": "USD",
    "cik": "0000773840",
    "fillingDate": "1989-12-31",
    "acceptedDate": "1989-12-30 19:00:00",
    "calendarYear": "1989",
    "period": "FY",
    "revenue": 11942000000,
    "costOfRevenue": 9239000000,
    "grossProfit": 2703000000,
    "grossProfitRatio": 0.226343996,
    "researchAndDevelopmentExpenses": 0,
    "generalAndAdministrativeExpenses": 0,
    "sellingAndMarketingExpenses": 0,
    "sellingGeneralAndAdministrativeExpenses": 1333000000,
    "otherExpenses": 424000000,
    "operatingExpenses": 1757000000,
    "costAndExpenses": 10996000000,
    "interestIncome": 0,
    "interestExpense": 0,
    "depreciationAndAmortization": 424000000,
    "ebitda": 1370000000,
    "ebitdaratio": 0.1147211522,
    "operatingIncome": 946000000,
    "operatingIncomeRatio": 0.0792162117,
    "totalOtherIncomeExpensesNet": -177000000,
    "incomeBeforeTax": 769000000,
    "incomeBeforeTaxRatio": 0.0643945738,
    "incomeTaxExpense": 241000000,
    "netIncome": 528000000,
    "netIncomeRatio": 0.0442136995,
    "eps": 0.89,
    "epsdiluted": 0.89,
    "weightedAverageShsOut": 593258427,
    "weightedAverageShsOutDil": 593258427,
    "link": "",
    "finalLink": ""
  },
  {
    "date": "1988-12-31",
    "symbol": "HON",
    "reportedCurrency": "USD",
    "cik": "0000773840",
    "fillingDate": "1988-12-31",
    "acceptedDate": "1988-12-30 19:00:00",
    "calendarYear": "1988",
    "period": "FY",
    "revenue": 11909000000,
    "costOfRevenue": 9190000000,
    "grossProfit": 2719000000,
    "grossProfitRatio": 0.22831472,
    "researchAndDevelopmentExpenses": 0,
    "generalAndAdministrativeExpenses": 0,
    "sellingAndMarketingExpenses": 0,
    "sellingGeneralAndAdministrativeExpenses": 1600000000,
    "otherExpenses": 416000000,
    "operatingExpenses": 2016000000,
    "costAndExpenses": 11206000000,
    "interestIncome": 0,
    "interestExpense": 0,
    "depreciationAndAmortization": 416000000,
    "ebitda": 1119000000,
    "ebitdaratio": 0.0939625493,
    "operatingIncome": 703000000,
    "operatingIncomeRatio": 0.059030985,
    "totalOtherIncomeExpensesNet": -64000000,
    "incomeBeforeTax": 639000000,
    "incomeBeforeTaxRatio": 0.0536568981,
    "incomeTaxExpense": 176000000,
    "netIncome": 463000000,
    "netIncomeRatio": 0.0388781594,
    "eps": 0.78,
    "epsdiluted": 0.78,
    "weightedAverageShsOut": 593589744,
    "weightedAverageShsOutDil": 593589744,
    "link": "",
    "finalLink": ""
  },
  {
    "date": "1987-12-31",
    "symbol": "HON",
    "reportedCurrency": "USD",
    "cik": "0000773840",
    "fillingDate": "1987-12-31",
    "acceptedDate": "1987-12-30 19:00:00",
    "calendarYear": "1987",
    "period": "FY",
    "revenue": 11116000000,
    "costOfRevenue": 8562000000,
    "grossProfit": 2554000000,
    "grossProfitRatio": 0.2297589061,
    "researchAndDevelopmentExpenses": 0,
    "generalAndAdministrativeExpenses": 0,
    "sellingAndMarketingExpenses": 0,
    "sellingGeneralAndAdministrativeExpenses": 1457000000,
    "otherExpenses": 347000000,
    "operatingExpenses": 1804000000,
    "costAndExpenses": 10366000000,
    "interestIncome": 0,
    "interestExpense": 0,
    "depreciationAndAmortization": 347000000,
    "ebitda": 1097000000,
    "ebitdaratio": 0.0986865779,
    "operatingIncome": 750000000,
    "operatingIncomeRatio": 0.0674703131,
    "totalOtherIncomeExpensesNet": 7000000,
    "incomeBeforeTax": 757000000,
    "incomeBeforeTaxRatio": 0.068100036,
    "incomeTaxExpense": 242000000,
    "netIncome": 518000000,
    "netIncomeRatio": 0.0465994962,
    "eps": 0.78,
    "epsdiluted": 0.78,
    "weightedAverageShsOut": 662820513,
    "weightedAverageShsOutDil": 662820513,
    "link": "",
    "finalLink": ""
  },
  {
    "date": "1986-12-31",
    "symbol": "HON",
    "reportedCurrency": "USD",
    "cik": "0000773840",
    "fillingDate": "1986-12-31",
    "acceptedDate": "1986-12-30 19:00:00",
    "calendarYear": "1986",
    "period": "FY",
    "revenue": 11794000000,
    "costOfRevenue": 8743000000,
    "grossProfit": 3051000000,
    "grossProfitRatio": 0.2586908598,
    "researchAndDevelopmentExpenses": 0,
    "generalAndAdministrativeExpenses": 0,
    "sellingAndMarketingExpenses": 0,
    "sellingGeneralAndAdministrativeExpenses": 1631000000,
    "otherExpenses": 368000000,
    "operatingExpenses": 1999000000,
    "costAndExpenses": 10742000000,
    "interestIncome": 0,
    "interestExpense": 0,
    "depreciationAndAmortization": 368000000,
    "ebitda": 1420000000,
    "ebitdaratio": 0.1204002035,
    "operatingIncome": 1052000000,
    "operatingIncomeRatio": 0.0891978972,
    "totalOtherIncomeExpensesNet": -145000000,
    "incomeBeforeTax": 907000000,
    "incomeBeforeTaxRatio": 0.0769035103,
    "incomeTaxExpense": 302000000,
    "netIncome": 605000000,
    "netIncomeRatio": 0.0512972698,
    "eps": 0.82,
    "epsdiluted": 0.82,
    "weightedAverageShsOut": 698780488,
    "weightedAverageShsOutDil": 698780488,
    "link": "",
    "finalLink": ""
  },
  {
    "date": "1985-12-31",
    "symbol": "HON",
    "reportedCurrency": "USD",
    "cik": "0000773840",
    "fillingDate": "1985-12-31",
    "acceptedDate": "1985-12-30 19:00:00",
    "calendarYear": "1985",
    "period": "FY",
    "revenue": 9115000000,
    "costOfRevenue": 6718000000,
    "grossProfit": 2397000000,
    "grossProfitRatio": 0.2629731212,
    "researchAndDevelopmentExpenses": 0,
    "generalAndAdministrativeExpenses": 0,
    "sellingAndMarketingExpenses": 0,
    "sellingGeneralAndAdministrativeExpenses": 1140000000,
    "otherExpenses": 362000000,
    "operatingExpenses": 1502000000,
    "costAndExpenses": 8220000000,
    "interestIncome": 0,
    "interestExpense": 0,
    "depreciationAndAmortization": 362000000,
    "ebitda": 1257000000,
    "ebitdaratio": 0.1379045529,
    "operatingIncome": 895000000,
    "operatingIncomeRatio": 0.098189797,
    "totalOtherIncomeExpensesNet": -672000000,
    "incomeBeforeTax": 223000000,
    "incomeBeforeTaxRatio": 0.0244651673,
    "incomeTaxExpense": 502000000,
    "netIncome": -279000000,
    "netIncomeRatio": -0.0306088865,
    "eps": -0.4,
    "epsdiluted": -0.4,
    "weightedAverageShsOut": 700776000,
    "weightedAverageShsOutDil": 700776000,
    "link": "",
    "finalLink": ""
  }
]