[
  {
    "date": "2025-06-30",
    "symbol": "HOOD",
    "reportedCurrency": "USD",
    "cik": "0001783879",
    "fillingDate": "2025-07-30",
    "acceptedDate": "2025-07-30 13:38:16",
    "calendarYear": "2025",
    "period": "Q2",
    "revenue": 989000000,
    "costOfRevenue": 77000000,
    "grossProfit": 912000000,
    "grossProfitRatio": 0.9221435794,
    "researchAndDevelopmentExpenses": 214000000,
    "generalAndAdministrativeExpenses": 132000000,
    "sellingAndMarketingExpenses": 99000000,
    "sellingGeneralAndAdministrativeExpenses": 231000000,
    "otherExpenses": 28000000,
    "operatingExpenses": 473000000,
    "costAndExpenses": 550000000,
    "interestIncome": 0,
    "interestExpense": 0,
    "depreciationAndAmortization": 15000000,
    "ebitda": 457000000,
    "ebitdaratio": 0.462082912,
    "operatingIncome": 440000000,
    "operatingIncomeRatio": 0.4448938322,
    "totalOtherIncomeExpensesNet": 2000000,
    "incomeBeforeTax": 442000000,
    "incomeBeforeTaxRatio": 0.4469160768,
    "incomeTaxExpense": 56000000,
    "netIncome": 386000000,
    "netIncomeRatio": 0.3902932255,
    "eps": 0.44,
    "epsdiluted": 0.42,
    "weightedAverageShsOut": 882149402,
    "weightedAverageShsOutDil": 909127658,
    "link": "https://www.sec.gov/Archives/edgar/data/1783879/000178387925000251/0001783879-25-000251-index.htm",
    "finalLink": "https://www.sec.gov/Archives/edgar/data/1783879/000178387925000251/hood-20250630.htm"
  },
  {
    "date": "2025-03-31",
    "symbol": "HOOD",
    "reportedCurrency": "USD",
    "cik": "0001783879",
    "fillingDate": "2025-05-01",
    "acceptedDate": "2025-04-30 17:37:21",
    "calendarYear": "2025",
    "period": "Q1",
    "revenue": 927000000,
    "costOfRevenue": 134000000,
    "grossProfit": 793000000,
    "grossProfitRatio": 0.8554476807,
    "researchAndDevelopmentExpenses": 214000000,
    "generalAndAdministrativeExpenses": 78000000,
    "sellingAndMarketingExpenses": 94000000,
    "sellingGeneralAndAdministrativeExpenses": 172000000,
    "otherExpenses": 35000000,
    "operatingExpenses": 421000000,
    "costAndExpenses": 555000000,
    "interestIncome": 0,
    "interestExpense": 0,
    "depreciationAndAmortization": 20000000,
    "ebitda": 392000000,
    "ebitdaratio": 0.4228694714,
    "operatingIncome": 372000000,
    "operatingIncomeRatio": 0.4012944984,
    "totalOtherIncomeExpensesNet": -1000000,
    "incomeBeforeTax": 371000000,
    "incomeBeforeTaxRatio": 0.4002157497,
    "incomeTaxExpense": 35000000,
    "netIncome": 336000000,
    "netIncomeRatio": 0.3624595469,
    "eps": 0.38,
    "epsdiluted": 0.37,
    "weightedAverageShsOut": 884577603,
    "weightedAverageShsOutDil": 909241619,
    "link": "https://www.sec.gov/Archives/edgar/data/1783879/000178387925000145/0001783879-25-000145-index.htm",
    "finalLink": "https://www.sec.gov/Archives/edgar/data/1783879/000178387925000145/hood-20250331.htm"
  },
  {
    "date": "2024-12-31",
    "symbol": "HOOD",
    "reportedCurrency": "USD",
    "cik": "0001783879",
    "fillingDate": "2025-02-18",
    "acceptedDate": "2025-02-18 16:07:19",
    "calendarYear": "2024",
    "period": "Q4",
    "revenue": 1014000000,
    "costOfRevenue": 144000000,
    "grossProfit": 870000000,
    "grossProfitRatio": 0.8579881657,
    "researchAndDevelopmentExpenses": 208000000,
    "generalAndAdministrativeExpenses": 5000000,
    "sellingAndMarketingExpenses": 71000000,
    "sellingGeneralAndAdministrativeExpenses": 76000000,
    "otherExpenses": 28000000,
    "operatingExpenses": 312000000,
    "costAndExpenses": 456000000,
    "interestIncome": 0,
    "interestExpense": 0,
    "depreciationAndAmortization": 22000000,
    "ebitda": 580000000,
    "ebitdaratio": 0.5719921105,
    "operatingIncome": 558000000,
    "operatingIncomeRatio": 0.550295858,
    "totalOtherIncomeExpensesNet": 0,
    "incomeBeforeTax": 558000000,
    "incomeBeforeTaxRatio": 0.550295858,
    "incomeTaxExpense": -358000000,
    "netIncome": 916000000,
    "netIncomeRatio": 0.9033530572,
    "eps": 1.0363342920994367,
    "epsdiluted": 1.0090686230953274,
    "weightedAverageShsOut": 883884676,
    "weightedAverageShsOutDil": 907767796,
    "link": "https://www.sec.gov/Archives/edgar/data/1783879/000178387925000049/0001783879-25-000049-index.htm",
    "finalLink": "https://www.sec.gov/Archives/edgar/data/1783879/000178387925000049/hood-20241231.htm"
  },
  {
    "date": "2024-09-30",
    "symbol": "HOOD",
    "reportedCurrency": "USD",
    "cik": "0001783879",
    "fillingDate": "2024-10-31",
    "acceptedDate": "2024-10-30 17:36:08",
    "calendarYear": "2024",
    "period": "Q3",
    "revenue": 637000000,
    "costOfRevenue": 121000000,
    "grossProfit": 516000000,
    "grossProfitRatio": 0.8100470958,
    "researchAndDevelopmentExpenses": 205000000,
    "generalAndAdministrativeExpenses": 82000000,
    "sellingAndMarketingExpenses": 47000000,
    "sellingGeneralAndAdministrativeExpenses": 129000000,
    "otherExpenses": 31000000,
    "operatingExpenses": 365000000,
    "costAndExpenses": 486000000,
    "interestIncome": 0,
    "interestExpense": 0,
    "depreciationAndAmortization": 20000000,
    "ebitda": 171000000,
    "ebitdaratio": 0.2684458399,
    "operatingIncome": 151000000,
    "operatingIncomeRatio": 0.2370486656,
    "totalOtherIncomeExpensesNet": 2000000,
    "incomeBeforeTax": 153000000,
    "incomeBeforeTaxRatio": 0.240188383,
    "incomeTaxExpense": 3000000,
    "netIncome": 150000000,
    "netIncomeRatio": 0.2354788069,
    "eps": 0.1697,
    "epsdiluted": 0.1656,
    "weightedAverageShsOut": 884108545,
    "weightedAverageShsOutDil": 905544750,
    "link": "https://www.sec.gov/Archives/edgar/data/1783879/000178387924000296/0001783879-24-000296-index.htm",
    "finalLink": "https://www.sec.gov/Archives/edgar/data/1783879/000178387924000296/hood-20240930.htm"
  },
  {
    "date": "2024-06-30",
    "symbol": "HOOD",
    "reportedCurrency": "USD",
    "cik": "0001783879",
    "fillingDate": "2024-08-08",
    "acceptedDate": "2024-08-07 17:36:17",
    "calendarYear": "2024",
    "period": "Q2",
    "revenue": 682000000,
    "costOfRevenue": 123000000,
    "grossProfit": 559000000,
    "grossProfitRatio": 0.8196480938,
    "researchAndDevelopmentExpenses": 209000000,
    "generalAndAdministrativeExpenses": 79000000,
    "sellingAndMarketingExpenses": 55000000,
    "sellingGeneralAndAdministrativeExpenses": 134000000,
    "otherExpenses": 27000000,
    "operatingExpenses": 370000000,
    "costAndExpenses": 493000000,
    "interestIncome": 0,
    "interestExpense": 0,
    "depreciationAndAmortization": 18000000,
    "ebitda": 207000000,
    "ebitdaratio": 0.3035190616,
    "operatingIncome": 189000000,
    "operatingIncomeRatio": 0.2771260997,
    "totalOtherIncomeExpensesNet": 2000000,
    "incomeBeforeTax": 191000000,
    "incomeBeforeTaxRatio": 0.280058651,
    "incomeTaxExpense": 3000000,
    "netIncome": 188000000,
    "netIncomeRatio": 0.275659824,
    "eps": 0.2134,
    "epsdiluted": 0.2078,
    "weightedAverageShsOut": 881076624,
    "weightedAverageShsOutDil": 904490572,
    "link": "https://www.sec.gov/Archives/edgar/data/1783879/000178387924000233/0001783879-24-000233-index.htm",
    "finalLink": "https://www.sec.gov/Archives/edgar/data/1783879/000178387924000233/hood-20240630.htm"
  },
  {
    "date": "2024-03-31",
    "symbol": "HOOD",
    "reportedCurrency": "USD",
    "cik": "0001783879",
    "fillingDate": "2024-05-08",
    "acceptedDate": "2024-05-08 16:11:31",
    "calendarYear": "2024",
    "period": "Q1",
    "revenue": 618000000,
    "costOfRevenue": 116000000,
    "grossProfit": 502000000,
    "grossProfitRatio": 0.8122977346,
    "researchAndDevelopmentExpenses": 196000000,
    "generalAndAdministrativeExpenses": 65000000,
    "sellingAndMarketingExpenses": 58000000,
    "sellingGeneralAndAdministrativeExpenses": 123000000,
    "otherExpenses": 23000000,
    "operatingExpenses": 342000000,
    "costAndExpenses": 458000000,
    "interestIncome": 0,
    "interestExpense": 0,
    "depreciationAndAmortization": 17000000,
    "ebitda": 177000000,
    "ebitdaratio": 0.286407767,
    "operatingIncome": 160000000,
    "operatingIncomeRatio": 0.2588996764,
    "totalOtherIncomeExpensesNet": 2000000,
    "incomeBeforeTax": 162000000,
    "incomeBeforeTaxRatio": 0.2621359223,
    "incomeTaxExpense": 5000000,
    "netIncome": 157000000,
    "netIncomeRatio": 0.2540453074,
    "eps": 0.1794,
    "epsdiluted": 0.1794,
    "weightedAverageShsOut": 875319407,
    "weightedAverageShsOutDil": 875319407,
    "link": "https://www.sec.gov/Archives/edgar/data/1783879/000178387924000145/0001783879-24-000145-index.htm",
    "finalLink": "https://www.sec.gov/Archives/edgar/data/1783879/000178387924000145/hood-20240331.htm"
  },
  {
    "date": "2023-12-31",
    "symbol": "HOOD",
    "reportedCurrency": "USD",
    "cik": "0001783879",
    "fillingDate": "2024-02-27",
    "acceptedDate": "2024-02-27 16:29:14",
    "calendarYear": "2023",
    "period": "Q4",
    "revenue": 471000000,
    "costOfRevenue": 103000000,
    "grossProfit": 368000000,
    "grossProfitRatio": 0.7813163482,
    "researchAndDevelopmentExpenses": 197000000,
    "generalAndAdministrativeExpenses": 84000000,
    "sellingAndMarketingExpenses": 35000000,
    "sellingGeneralAndAdministrativeExpenses": 119000000,
    "otherExpenses": 22000000,
    "operatingExpenses": 338000000,
    "costAndExpenses": 441000000,
    "interestIncome": 0,
    "interestExpense": 0,
    "depreciationAndAmortization": 17000000,
    "ebitda": 47000000,
    "ebitdaratio": 0.0997876858,
    "operatingIncome": 30000000,
    "operatingIncomeRatio": 0.0636942675,
    "totalOtherIncomeExpensesNet": -1000000,
    "incomeBeforeTax": 29000000,
    "incomeBeforeTaxRatio": 0.0615711253,
    "incomeTaxExpense": -1000000,
    "netIncome": 30000000,
    "netIncomeRatio": 0.0636942675,
    "eps": 0.0346,
    "epsdiluted": 0.034,
    "weightedAverageShsOut": 867298537,
    "weightedAverageShsOutDil": 883227967,
    "link": "https://www.sec.gov/Archives/edgar/data/1783879/000178387924000054/0001783879-24-000054-index.htm",
    "finalLink": "https://www.sec.gov/Archives/edgar/data/1783879/000178387924000054/hood-20231231.htm"
  },
  {
    "date": "2023-09-30",
    "symbol": "HOOD",
    "reportedCurrency": "USD",
    "cik": "0001783879",
    "fillingDate": "2023-11-07",
    "acceptedDate": "2023-11-07 16:10:57",
    "calendarYear": "2023",
    "period": "Q3",
    "revenue": 467000000,
    "costOfRevenue": 90000000,
    "grossProfit": 377000000,
    "grossProfitRatio": 0.8072805139,
    "researchAndDevelopmentExpenses": 202000000,
    "generalAndAdministrativeExpenses": 182000000,
    "sellingAndMarketingExpenses": 22000000,
    "sellingGeneralAndAdministrativeExpenses": 204000000,
    "otherExpenses": 44000000,
    "operatingExpenses": 450000000,
    "costAndExpenses": 540000000,
    "interestIncome": 0,
    "interestExpense": 0,
    "depreciationAndAmortization": 19000000,
    "ebitda": -56000000,
    "ebitdaratio": -0.1199143469,
    "operatingIncome": -73000000,
    "operatingIncomeRatio": -0.1563169165,
    "totalOtherIncomeExpensesNet": -2000000,
    "incomeBeforeTax": -75000000,
    "incomeBeforeTaxRatio": -0.1605995717,
    "incomeTaxExpense": 10000000,
    "netIncome": -85000000,
    "netIncomeRatio": -0.182012848,
    "eps": -0.095,
    "epsdiluted": -0.095,
    "weightedAverageShsOut": 895108790,
    "weightedAverageShsOutDil": 895108790,
    "link": "https://www.sec.gov/Archives/edgar/data/1783879/000178387923000268/0001783879-23-000268-index.htm",
    "finalLink": "https://www.sec.gov/Archives/edgar/data/1783879/000178387923000268/hood-20230930.htm"
  },
  {
    "date": "2023-06-30",
    "symbol": "HOOD",
    "reportedCurrency": "USD",
    "cik": "0001783879",
    "fillingDate": "2023-08-03",
    "acceptedDate": "2023-08-03 16:06:13",
    "calendarYear": "2023",
    "period": "Q2",
    "revenue": 486000000,
    "costOfRevenue": 122000000,
    "grossProfit": 364000000,
    "grossProfitRatio": 0.7489711934,
    "researchAndDevelopmentExpenses": 207000000,
    "generalAndAdministrativeExpenses": 105000000,
    "sellingAndMarketingExpenses": 18000000,
    "sellingGeneralAndAdministrativeExpenses": 123000000,
    "otherExpenses": 14000000,
    "operatingExpenses": 344000000,
    "costAndExpenses": 466000000,
    "interestIncome": 0,
    "interestExpense": 0,
    "depreciationAndAmortization": 15000000,
    "ebitda": 35000000,
    "ebitdaratio": 0.0720164609,
    "operatingIncome": 20000000,
    "operatingIncomeRatio": 0.0411522634,
    "totalOtherIncomeExpensesNet": 2000000,
    "incomeBeforeTax": 22000000,
    "incomeBeforeTaxRatio": 0.0452674897,
    "incomeTaxExpense": -3000000,
    "netIncome": 25000000,
    "netIncomeRatio": 0.0514403292,
    "eps": 0.0276,
    "epsdiluted": 0.0271,
    "weightedAverageShsOut": 904984863,
    "weightedAverageShsOutDil": 921269749,
    "link": "https://www.sec.gov/Archives/edgar/data/1783879/000178387923000175/0001783879-23-000175-index.htm",
    "finalLink": "https://www.sec.gov/Archives/edgar/data/1783879/000178387923000175/hood-20230630.htm"
  },
  {
    "date": "2023-03-31",
    "symbol": "HOOD",
    "reportedCurrency": "USD",
    "cik": "0001783879",
    "fillingDate": "2023-05-10",
    "acceptedDate": "2023-05-10 16:10:50",
    "calendarYear": "2023",
    "period": "Q1",
    "revenue": 441000000,
    "costOfRevenue": 114000000,
    "grossProfit": 327000000,
    "grossProfitRatio": 0.7414965986,
    "researchAndDevelopmentExpenses": 199000000,
    "generalAndAdministrativeExpenses": 590000000,
    "sellingAndMarketingExpenses": 20000000,
    "sellingGeneralAndAdministrativeExpenses": 610000000,
    "otherExpenses": 19000000,
    "operatingExpenses": 828000000,
    "costAndExpenses": 942000000,
    "interestIncome": 0,
    "interestExpense": 0,
    "depreciationAndAmortization": 20000000,
    "ebitda": -481000000,
    "ebitdaratio": -1.0907029478,
    "operatingIncome": -501000000,
    "operatingIncomeRatio": -1.1360544218,
    "totalOtherIncomeExpensesNet": -8000000,
    "incomeBeforeTax": -509000000,
    "incomeBeforeTaxRatio": -1.1541950113,
    "incomeTaxExpense": 2000000,
    "netIncome": -511000000,
    "netIncomeRatio": -1.1587301587,
    "eps": -0.57,
    "epsdiluted": -0.57,
    "weightedAverageShsOut": 896492800,
    "weightedAverageShsOutDil": 896924695,
    "link": "https://www.sec.gov/Archives/edgar/data/1783879/000178387923000117/0001783879-23-000117-index.htm",
    "finalLink": "https://www.sec.gov/Archives/edgar/data/1783879/000178387923000117/hood-20230331.htm"
  },
  {
    "date": "2022-12-31",
    "symbol": "HOOD",
    "reportedCurrency": "USD",
    "cik": "0001783879",
    "fillingDate": "2023-02-27",
    "acceptedDate": "2023-02-27 16:33:25",
    "calendarYear": "2022",
    "period": "Q4",
    "revenue": 380000000,
    "costOfRevenue": 155000000,
    "grossProfit": 225000000,
    "grossProfitRatio": 0.5921052632,
    "researchAndDevelopmentExpenses": 183000000,
    "generalAndAdministrativeExpenses": 178000000,
    "sellingAndMarketingExpenses": 24000000,
    "sellingGeneralAndAdministrativeExpenses": 202000000,
    "otherExpenses": 20000000,
    "operatingExpenses": 405000000,
    "costAndExpenses": 560000000,
    "interestIncome": 0,
    "interestExpense": 0,
    "depreciationAndAmortization": 17000000,
    "ebitda": -163000000,
    "ebitdaratio": -0.4289473684,
    "operatingIncome": -180000000,
    "operatingIncomeRatio": -0.4736842105,
    "totalOtherIncomeExpensesNet": 12000000,
    "incomeBeforeTax": -168000000,
    "incomeBeforeTaxRatio": -0.4421052632,
    "incomeTaxExpense": -2000000,
    "netIncome": -166000000,
    "netIncomeRatio": -0.4368421053,
    "eps": -0.1867,
    "epsdiluted": -0.1867,
    "weightedAverageShsOut": 889239632,
    "weightedAverageShsOutDil": 889239632,
    "link": "https://www.sec.gov/Archives/edgar/data/1783879/000178387923000045/0001783879-23-000045-index.htm",
    "finalLink": "https://www.sec.gov/Archives/edgar/data/1783879/000178387923000045/hood-20221231.htm"
  },
  {
    "date": "2022-09-30",
    "symbol": "HOOD",
    "reportedCurrency": "USD",
    "cik": "0001783879",
    "fillingDate": "2022-11-03",
    "acceptedDate": "2022-11-02 17:33:43",
    "calendarYear": "2022",
    "period": "Q3",
    "revenue": 361000000,
    "costOfRevenue": 137000000,
    "grossProfit": 224000000,
    "grossProfitRatio": 0.620498615,
    "researchAndDevelopmentExpenses": 185000000,
    "generalAndAdministrativeExpenses": 126000000,
    "sellingAndMarketingExpenses": 13000000,
    "sellingGeneralAndAdministrativeExpenses": 139000000,
    "otherExpenses": 27000000,
    "operatingExpenses": 351000000,
    "costAndExpenses": 488000000,
    "interestIncome": 0,
    "interestExpense": 0,
    "depreciationAndAmortization": 15000000,
    "ebitda": -112000000,
    "ebitdaratio": -0.3102493075,
    "operatingIncome": -127000000,
    "operatingIncomeRatio": -0.351800554,
    "totalOtherIncomeExpensesNet": -47000000,
    "incomeBeforeTax": -174000000,
    "incomeBeforeTaxRatio": -0.4819944598,
    "incomeTaxExpense": 1000000,
    "netIncome": -175000000,
    "netIncomeRatio": -0.4847645429,
    "eps": -0.1983,
    "epsdiluted": -0.1983,
    "weightedAverageShsOut": 882356575,
    "weightedAverageShsOutDil": 882356575,
    "link": "https://www.sec.gov/Archives/edgar/data/1783879/000178387922000230/0001783879-22-000230-index.htm",
    "finalLink": "https://www.sec.gov/Archives/edgar/data/1783879/000178387922000230/hood-20220930.htm"
  },
  {
    "date": "2022-06-30",
    "symbol": "HOOD",
    "reportedCurrency": "USD",
    "cik": "0001783879",
    "fillingDate": "2022-08-03",
    "acceptedDate": "2022-08-03 16:02:35",
    "calendarYear": "2022",
    "period": "Q2",
    "revenue": 318000000,
    "costOfRevenue": 142000000,
    "grossProfit": 176000000,
    "grossProfitRatio": 0.5534591195,
    "researchAndDevelopmentExpenses": 245000000,
    "generalAndAdministrativeExpenses": 162000000,
    "sellingAndMarketingExpenses": 18000000,
    "sellingGeneralAndAdministrativeExpenses": 180000000,
    "otherExpenses": 43000000,
    "operatingExpenses": 468000000,
    "costAndExpenses": 610000000,
    "interestIncome": 0,
    "interestExpense": 0,
    "depreciationAndAmortization": 17000000,
    "ebitda": -275000000,
    "ebitdaratio": -0.8647798742,
    "operatingIncome": -292000000,
    "operatingIncomeRatio": -0.9182389937,
    "totalOtherIncomeExpensesNet": -2000000,
    "incomeBeforeTax": -294000000,
    "incomeBeforeTaxRatio": -0.9245283019,
    "incomeTaxExpense": 1000000,
    "netIncome": -295000000,
    "netIncomeRatio": -0.927672956,
    "eps": -0.3372,
    "epsdiluted": -0.3372,
    "weightedAverageShsOut": 874873301,
    "weightedAverageShsOutDil": 874873301,
    "link": "https://www.sec.gov/Archives/edgar/data/1783879/000178387922000165/0001783879-22-000165-index.htm",
    "finalLink": "https://www.sec.gov/Archives/edgar/data/1783879/000178387922000165/hood-20220630.htm"
  },
  {
    "date": "2022-03-31",
    "symbol": "HOOD",
    "reportedCurrency": "USD",
    "cik": "0001783879",
    "fillingDate": "2022-05-06",
    "acceptedDate": "2022-05-06 16:02:40",
    "calendarYear": "2022",
    "period": "Q1",
    "revenue": 299000000,
    "costOfRevenue": 146000000,
    "grossProfit": 153000000,
    "grossProfitRatio": 0.5117056856,
    "researchAndDevelopmentExpenses": 268000000,
    "generalAndAdministrativeExpenses": 202000000,
    "sellingAndMarketingExpenses": 18000000,
    "sellingGeneralAndAdministrativeExpenses": 220000000,
    "otherExpenses": 44000000,
    "operatingExpenses": 532000000,
    "costAndExpenses": 678000000,
    "interestIncome": 0,
    "interestExpense": 0,
    "depreciationAndAmortization": 12000000,
    "ebitda": -367000000,
    "ebitdaratio": -1.2274247492,
    "operatingIncome": -379000000,
    "operatingIncomeRatio": -1.2675585284,
    "totalOtherIncomeExpensesNet": -12000000,
    "incomeBeforeTax": -391000000,
    "incomeBeforeTaxRatio": -1.3076923077,
    "incomeTaxExpense": 1000000,
    "netIncome": -392000000,
    "netIncomeRatio": -1.3110367893,
    "eps": -0.4517,
    "epsdiluted": -0.4517,
    "weightedAverageShsOut": 867769168,
    "weightedAverageShsOutDil": 867769168,
    "link": "https://www.sec.gov/Archives/edgar/data/1783879/000178387922000104/0001783879-22-000104-index.htm",
    "finalLink": "https://www.sec.gov/Archives/edgar/data/1783879/000178387922000104/hood-20220331.htm"
  },
  {
    "date": "2021-12-31",
    "symbol": "HOOD",
    "reportedCurrency": "USD",
    "cik": "0001783879",
    "fillingDate": "2022-02-24",
    "acceptedDate": "2022-02-24 16:06:16",
    "calendarYear": "2021",
    "period": "Q4",
    "revenue": 362713000,
    "costOfRevenue": 133205000,
    "grossProfit": 229508000,
    "grossProfitRatio": 0.6327537199,
    "researchAndDevelopmentExpenses": 280420000,
    "generalAndAdministrativeExpenses": 357035000,
    "sellingAndMarketingExpenses": 23695000,
    "sellingGeneralAndAdministrativeExpenses": 380730000,
    "otherExpenses": 51843000,
    "operatingExpenses": 712993000,
    "costAndExpenses": 846198000,
    "interestIncome": 0,
    "interestExpense": 0,
    "depreciationAndAmortization": 9761000,
    "ebitda": -473724000,
    "ebitdaratio": -1.3060574063,
    "operatingIncome": -483485000,
    "operatingIncomeRatio": -1.3329684902,
    "totalOtherIncomeExpensesNet": 63176000,
    "incomeBeforeTax": -420309000,
    "incomeBeforeTaxRatio": -1.1587922131,
    "incomeTaxExpense": 2958000,
    "netIncome": -423267000,
    "netIncomeRatio": -1.1669474212,
    "eps": -0.4899,
    "epsdiluted": -0.4899,
    "weightedAverageShsOut": 863912613,
    "weightedAverageShsOutDil": 863912613,
    "link": "https://www.sec.gov/Archives/edgar/data/1783879/000178387922000044/0001783879-22-000044-index.htm",
    "finalLink": "https://www.sec.gov/Archives/edgar/data/1783879/000178387922000044/hood-20211231.htm"
  },
  {
    "date": "2021-09-30",
    "symbol": "HOOD",
    "reportedCurrency": "USD",
    "cik": "0001783879",
    "fillingDate": "2021-10-29",
    "acceptedDate": "2021-10-29 16:02:11",
    "calendarYear": "2021",
    "period": "Q3",
    "revenue": 365000000,
    "costOfRevenue": 139000000,
    "grossProfit": 226000000,
    "grossProfitRatio": 0.6191780822,
    "researchAndDevelopmentExpenses": 679000000,
    "generalAndAdministrativeExpenses": 795000000,
    "sellingAndMarketingExpenses": 35000000,
    "sellingGeneralAndAdministrativeExpenses": 830000000,
    "otherExpenses": 60000000,
    "operatingExpenses": 1569000000,
    "costAndExpenses": 1708000000,
    "interestIncome": 0,
    "interestExpense": 0,
    "depreciationAndAmortization": 8000000,
    "ebitda": -1335000000,
    "ebitdaratio": -3.6575342466,
    "operatingIncome": -1343000000,
    "operatingIncomeRatio": -3.6794520548,
    "totalOtherIncomeExpensesNet": -24000000,
    "incomeBeforeTax": -1367000000,
    "incomeBeforeTaxRatio": -3.7452054795,
    "incomeTaxExpense": -50000000,
    "netIncome": -1317000000,
    "netIncomeRatio": -3.6082191781,
    "eps": -1.5393,
    "epsdiluted": -1.5393,
    "weightedAverageShsOut": 855385082,
    "weightedAverageShsOutDil": 855385082,
    "link": "https://www.sec.gov/Archives/edgar/data/1783879/000178387921000054/0001783879-21-000054-index.htm",
    "finalLink": "https://www.sec.gov/Archives/edgar/data/1783879/000178387921000054/hood-20210930.htm"
  },
  {
    "date": "2021-06-30",
    "symbol": "HOOD",
    "reportedCurrency": "USD",
    "cik": "0001783879",
    "fillingDate": "2021-08-18",
    "acceptedDate": "2021-08-18 16:08:24",
    "calendarYear": "2021",
    "period": "Q2",
    "revenue": 565000000,
    "costOfRevenue": 121000000,
    "grossProfit": 444000000,
    "grossProfitRatio": 0.785840708,
    "researchAndDevelopmentExpenses": 156000000,
    "generalAndAdministrativeExpenses": 68000000,
    "sellingAndMarketingExpenses": 85000000,
    "sellingGeneralAndAdministrativeExpenses": 153000000,
    "otherExpenses": 71000000,
    "operatingExpenses": 380000000,
    "costAndExpenses": 501000000,
    "interestIncome": 0,
    "interestExpense": 0,
    "depreciationAndAmortization": 5000000,
    "ebitda": 69000000,
    "ebitdaratio": 0.1221238938,
    "operatingIncome": 64000000,
    "operatingIncomeRatio": 0.1132743363,
    "totalOtherIncomeExpensesNet": -528000000,
    "incomeBeforeTax": -464000000,
    "incomeBeforeTaxRatio": -0.8212389381,
    "incomeTaxExpense": 38000000,
    "netIncome": -502000000,
    "netIncomeRatio": -0.8884955752,
    "eps": -0.5901,
    "epsdiluted": -0.5901,
    "weightedAverageShsOut": 850178840,
    "weightedAverageShsOutDil": 850178840,
    "link": "https://www.sec.gov/Archives/edgar/data/1783879/000178387921000029/0001783879-21-000029-index.htm",
    "finalLink": "https://www.sec.gov/Archives/edgar/data/1783879/000178387921000029/hood-20210630.htm"
  },
  {
    "date": "2021-03-31",
    "symbol": "HOOD",
    "reportedCurrency": "USD",
    "cik": "0001783879",
    "fillingDate": "2021-03-31",
    "acceptedDate": "2021-03-30 20:00:00",
    "calendarYear": "2021",
    "period": "Q1",
    "revenue": 522000000,
    "costOfRevenue": 97000000,
    "grossProfit": 425000000,
    "grossProfitRatio": 0.8141762452,
    "researchAndDevelopmentExpenses": 117000000,
    "generalAndAdministrativeExpenses": 103000000,
    "sellingAndMarketingExpenses": 102000000,
    "sellingGeneralAndAdministrativeExpenses": 205000000,
    "otherExpenses": 45000000,
    "operatingExpenses": 367000000,
    "costAndExpenses": 464000000,
    "interestIncome": 65296000,
    "interestExpense": 2799000,
    "depreciationAndAmortization": 4000000,
    "ebitda": 62000000,
    "ebitdaratio": 0.1187739464,
    "operatingIncome": 58000000,
    "operatingIncomeRatio": 0.1111111111,
    "totalOtherIncomeExpensesNet": -1491000000,
    "incomeBeforeTax": -1433000000,
    "incomeBeforeTaxRatio": -2.745210728,
    "incomeTaxExpense": 12000000,
    "netIncome": -1445000000,
    "netIncomeRatio": -2.7681992337,
    "eps": -1.6994,
    "epsdiluted": -1.6994,
    "weightedAverageShsOut": 850178840,
    "weightedAverageShsOutDil": 850178840,
    "link": "",
    "finalLink": ""
  },
  {
    "date": "2020-12-31",
    "symbol": "HOOD",
    "reportedCurrency": "USD",
    "cik": "0001783879",
    "fillingDate": "2020-12-31",
    "acceptedDate": "2020-12-30 19:00:00",
    "calendarYear": "2020",
    "period": "Q4",
    "revenue": 317542000,
    "costOfRevenue": 68678000,
    "grossProfit": 248864000,
    "grossProfitRatio": 0.7837199489,
    "researchAndDevelopmentExpenses": 81963000,
    "generalAndAdministrativeExpenses": 38907000,
    "sellingAndMarketingExpenses": 37717000,
    "sellingGeneralAndAdministrativeExpenses": 76624000,
    "otherExpenses": 25245000,
    "operatingExpenses": 183832000,
    "costAndExpenses": 252510000,
    "interestIncome": 0,
    "interestExpense": 0,
    "depreciationAndAmortization": 3366000,
    "ebitda": 68398000,
    "ebitdaratio": 0.215398278,
    "operatingIncome": 65032000,
    "operatingIncomeRatio": 0.2047981054,
    "totalOtherIncomeExpensesNet": -45738000,
    "incomeBeforeTax": 19294000,
    "incomeBeforeTaxRatio": 0.0607604663,
    "incomeTaxExpense": 6266000,
    "netIncome": 13028000,
    "netIncomeRatio": 0.0410276436,
    "eps": 0.0153,
    "epsdiluted": 0.0153,
    "weightedAverageShsOut": 850178840,
    "weightedAverageShsOutDil": 850178840,
    "link": "",
    "finalLink": ""
  },
  {
    "date": "2020-09-30",
    "symbol": "HOOD",
    "reportedCurrency": "USD",
    "cik": "0001783879",
    "fillingDate": "2020-09-30",
    "acceptedDate": "2020-09-29 20:00:00",
    "calendarYear": "2020",
    "period": "Q3",
    "revenue": 269530000,
    "costOfRevenue": 63621000,
    "grossProfit": 205909000,
    "grossProfitRatio": 0.7639557749,
    "researchAndDevelopmentExpenses": 55491000,
    "generalAndAdministrativeExpenses": 27145000,
    "sellingAndMarketingExpenses": 36298000,
    "sellingGeneralAndAdministrativeExpenses": 63443000,
    "otherExpenses": 32263000,
    "operatingExpenses": 151197000,
    "costAndExpenses": 214818000,
    "interestIncome": 0,
    "interestExpense": 0,
    "depreciationAndAmortization": 2659000,
    "ebitda": 57371000,
    "ebitdaratio": 0.2128557118,
    "operatingIncome": 54712000,
    "operatingIncomeRatio": 0.2029903907,
    "totalOtherIncomeExpensesNet": -65706000,
    "incomeBeforeTax": -10994000,
    "incomeBeforeTaxRatio": -0.0407895225,
    "incomeTaxExpense": -333000,
    "netIncome": -10661000,
    "netIncomeRatio": -0.0395540385,
    "eps": -0.0125,
    "epsdiluted": -0.0125,
    "weightedAverageShsOut": 850178840,
    "weightedAverageShsOutDil": 850178840,
    "link": "",
    "finalLink": ""
  },
  {
    "date": "2020-06-30",
    "symbol": "HOOD",
    "reportedCurrency": "USD",
    "cik": "0001783879",
    "fillingDate": "2020-06-30",
    "acceptedDate": "2020-06-29 20:00:00",
    "calendarYear": "2020",
    "period": "Q2",
    "revenue": 244211000,
    "costOfRevenue": 55255000,
    "grossProfit": 188956000,
    "grossProfitRatio": 0.7737407406,
    "researchAndDevelopmentExpenses": 44971000,
    "generalAndAdministrativeExpenses": 20065000,
    "sellingAndMarketingExpenses": 42602000,
    "sellingGeneralAndAdministrativeExpenses": 62667000,
    "otherExpenses": 23293000,
    "operatingExpenses": 130931000,
    "costAndExpenses": 186186000,
    "interestIncome": 0,
    "interestExpense": 0,
    "depreciationAndAmortization": 2185000,
    "ebitda": 60210000,
    "ebitdaratio": 0.2465490907,
    "operatingIncome": 58025000,
    "operatingIncomeRatio": 0.2376019098,
    "totalOtherIncomeExpensesNet": 93000,
    "incomeBeforeTax": 58118000,
    "incomeBeforeTaxRatio": 0.2379827281,
    "incomeTaxExpense": 534000,
    "netIncome": 57584000,
    "netIncomeRatio": 0.2357960944,
    "eps": 0.0677,
    "epsdiluted": 0.0677,
    "weightedAverageShsOut": 850178840,
    "weightedAverageShsOutDil": 850178840,
    "link": "",
    "finalLink": ""
  },
  {
    "date": "2020-03-31",
    "symbol": "HOOD",
    "reportedCurrency": "USD",
    "cik": "0001783879",
    "fillingDate": "2020-03-31",
    "acceptedDate": "2020-03-31 00:00:00",
    "calendarYear": "2020",
    "period": "Q1",
    "revenue": 127550000,
    "costOfRevenue": 43863000,
    "grossProfit": 83687000,
    "grossProfitRatio": 0.6561113289,
    "researchAndDevelopmentExpenses": 33205000,
    "generalAndAdministrativeExpenses": 16962000,
    "sellingAndMarketingExpenses": 69922000,
    "sellingGeneralAndAdministrativeExpenses": 86884000,
    "otherExpenses": 15597000,
    "operatingExpenses": 135686000,
    "costAndExpenses": 179549000,
    "interestIncome": 25520000,
    "interestExpense": 1504000,
    "depreciationAndAmortization": 1728000,
    "ebitda": -50271000,
    "ebitdaratio": -0.394127793,
    "operatingIncome": -51999000,
    "operatingIncomeRatio": -0.4076754214,
    "totalOtherIncomeExpensesNet": -589000,
    "incomeBeforeTax": -52588000,
    "incomeBeforeTaxRatio": -0.4122932183,
    "incomeTaxExpense": -86000,
    "netIncome": -52502000,
    "netIncomeRatio": -0.411618973,
    "eps": -0.0618,
    "epsdiluted": -0.0618,
    "weightedAverageShsOut": 850178840,
    "weightedAverageShsOutDil": 850178840,
    "link": null,
    "finalLink": null
  },
  {
    "date": "2019-12-31",
    "symbol": "HOOD",
    "reportedCurrency": "USD",
    "cik": "0001783879",
    "fillingDate": "2019-12-31",
    "acceptedDate": "2019-12-30 19:00:00",
    "calendarYear": "2019",
    "period": "Q4",
    "revenue": 72165000,
    "costOfRevenue": 55579000,
    "grossProfit": 16586000,
    "grossProfitRatio": 0.2298344073,
    "researchAndDevelopmentExpenses": 0,
    "generalAndAdministrativeExpenses": 0,
    "sellingAndMarketingExpenses": 0,
    "sellingGeneralAndAdministrativeExpenses": 61926000,
    "otherExpenses": 0,
    "operatingExpenses": 61926000,
    "costAndExpenses": 117505000,
    "interestIncome": 0,
    "interestExpense": 0,
    "depreciationAndAmortization": 0,
    "ebitda": -45340000,
    "ebitdaratio": -0.6282824084,
    "operatingIncome": -45340000,
    "operatingIncomeRatio": -0.6282824084,
    "totalOtherIncomeExpensesNet": -155000,
    "incomeBeforeTax": -45495000,
    "incomeBeforeTaxRatio": -0.630430264,
    "incomeTaxExpense": -853000,
    "netIncome": -44642000,
    "netIncomeRatio": -0.6186101296,
    "eps": -0.0525,
    "epsdiluted": -0.0525,
    "weightedAverageShsOut": 850178840,
    "weightedAverageShsOutDil": 850178840,
    "link": null,
    "finalLink": null
  },
  {
    "date": "2019-09-30",
    "symbol": "HOOD",
    "reportedCurrency": "USD",
    "cik": "0001783879",
    "fillingDate": "2019-09-30",
    "acceptedDate": "2019-09-29 20:00:00",
    "calendarYear": "2019",
    "period": "Q3",
    "revenue": 77480000,
    "costOfRevenue": 49729000,
    "grossProfit": 27751000,
    "grossProfitRatio": 0.3581698503,
    "researchAndDevelopmentExpenses": 0,
    "generalAndAdministrativeExpenses": 0,
    "sellingAndMarketingExpenses": 0,
    "sellingGeneralAndAdministrativeExpenses": 65952000,
    "otherExpenses": 0,
    "operatingExpenses": 65952000,
    "costAndExpenses": 115681000,
    "interestIncome": 0,
    "interestExpense": 0,
    "depreciationAndAmortization": 0,
    "ebitda": -38201000,
    "ebitdaratio": -0.493043366,
    "operatingIncome": -38201000,
    "operatingIncomeRatio": -0.493043366,
    "totalOtherIncomeExpensesNet": -280000,
    "incomeBeforeTax": -38481000,
    "incomeBeforeTaxRatio": -0.4966572019,
    "incomeTaxExpense": -55000,
    "netIncome": -38426000,
    "netIncomeRatio": -0.4959473412,
    "eps": -0.0452,
    "epsdiluted": -0.0452,
    "weightedAverageShsOut": 850178840,
    "weightedAverageShsOutDil": 850178840,
    "link": null,
    "finalLink": null
  },
  {
    "date": "2019-06-30",
    "symbol": "HOOD",
    "reportedCurrency": "USD",
    "cik": "0001783879",
    "fillingDate": "2019-06-30",
    "acceptedDate": "2019-06-29 20:00:00",
    "calendarYear": "2019",
    "period": "Q2",
    "revenue": 71732000,
    "costOfRevenue": 38365000,
    "grossProfit": 33367000,
    "grossProfitRatio": 0.4651619919,
    "researchAndDevelopmentExpenses": 0,
    "generalAndAdministrativeExpenses": 0,
    "sellingAndMarketingExpenses": 0,
    "sellingGeneralAndAdministrativeExpenses": 44709000,
    "otherExpenses": 0,
    "operatingExpenses": 44709000,
    "costAndExpenses": 83074000,
    "interestIncome": 0,
    "interestExpense": 0,
    "depreciationAndAmortization": 0,
    "ebitda": -11342000,
    "ebitdaratio": -0.1581163219,
    "operatingIncome": -11342000,
    "operatingIncomeRatio": -0.1581163219,
    "totalOtherIncomeExpensesNet": -115000,
    "incomeBeforeTax": -11457000,
    "incomeBeforeTaxRatio": -0.1597195115,
    "incomeTaxExpense": -55000,
    "netIncome": -11402000,
    "netIncomeRatio": -0.1589527686,
    "eps": -0.0134,
    "epsdiluted": -0.0134,
    "weightedAverageShsOut": 850178840,
    "weightedAverageShsOutDil": 850178840,
    "link": null,
    "finalLink": null
  },
  {
    "date": "2019-03-31",
    "symbol": "HOOD",
    "reportedCurrency": "USD",
    "cik": "0001783879",
    "fillingDate": "2019-03-31",
    "acceptedDate": "2019-03-30 20:00:00",
    "calendarYear": "2019",
    "period": "Q1",
    "revenue": 56156000,
    "costOfRevenue": 30587000,
    "grossProfit": 25569000,
    "grossProfitRatio": 0.4553208918,
    "researchAndDevelopmentExpenses": 0,
    "generalAndAdministrativeExpenses": 0,
    "sellingAndMarketingExpenses": 0,
    "sellingGeneralAndAdministrativeExpenses": 37616000,
    "otherExpenses": 0,
    "operatingExpenses": 37616000,
    "costAndExpenses": 68203000,
    "interestIncome": 0,
    "interestExpense": 0,
    "depreciationAndAmortization": 0,
    "ebitda": -12047000,
    "ebitdaratio": -0.214527388,
    "operatingIncome": -12047000,
    "operatingIncomeRatio": -0.214527388,
    "totalOtherIncomeExpensesNet": -107000,
    "incomeBeforeTax": -12154000,
    "incomeBeforeTaxRatio": -0.2164327944,
    "incomeTaxExpense": -55000,
    "netIncome": -12099000,
    "netIncomeRatio": -0.2154533799,
    "eps": -0.0142,
    "epsdiluted": -0.0142,
    "weightedAverageShsOut": 850178840,
    "weightedAverageShsOutDil": 850178840,
    "link": null,
    "finalLink": null
  }
]