[
  {
    "date": "2025-07-31",
    "symbol": "HPE",
    "reportedCurrency": "USD",
    "cik": "0001645590",
    "fillingDate": "2025-09-04",
    "acceptedDate": "2025-09-04 08:27:05",
    "calendarYear": "2025",
    "period": "Q3",
    "revenue": 9136000000,
    "costOfRevenue": 6771000000,
    "grossProfit": 2365000000,
    "grossProfitRatio": 0.2588660245,
    "researchAndDevelopmentExpenses": 622000000,
    "generalAndAdministrativeExpenses": 0,
    "sellingAndMarketingExpenses": 0,
    "sellingGeneralAndAdministrativeExpenses": 1496000000,
    "otherExpenses": 0,
    "operatingExpenses": 2118000000,
    "costAndExpenses": 8889000000,
    "interestIncome": 0,
    "interestExpense": 2000000,
    "depreciationAndAmortization": 687000000,
    "ebitda": 730000000,
    "ebitdaratio": 0.0799036778,
    "operatingIncome": 247000000,
    "operatingIncomeRatio": 0.0270359019,
    "totalOtherIncomeExpensesNet": 41000000,
    "incomeBeforeTax": 288000000,
    "incomeBeforeTaxRatio": 0.0315236427,
    "incomeTaxExpense": -17000000,
    "netIncome": 305000000,
    "netIncomeRatio": 0.0333844133,
    "eps": 0.21,
    "epsdiluted": 0.19,
    "weightedAverageShsOut": 1325000000,
    "weightedAverageShsOutDil": 1421000000,
    "link": "https://www.sec.gov/Archives/edgar/data/1645590/000164559025000101/0001645590-25-000101-index.htm",
    "finalLink": "https://www.sec.gov/Archives/edgar/data/1645590/000164559025000101/hpe-20250731.htm"
  },
  {
    "date": "2025-04-30",
    "symbol": "HPE",
    "reportedCurrency": "USD",
    "cik": "0001645590",
    "fillingDate": "2025-06-04",
    "acceptedDate": "2025-06-04 08:34:51",
    "calendarYear": "2025",
    "period": "Q2",
    "revenue": 7588000000,
    "costOfRevenue": 5495000000,
    "grossProfit": 2093000000,
    "grossProfitRatio": 0.2758302583,
    "researchAndDevelopmentExpenses": 540000000,
    "generalAndAdministrativeExpenses": 0,
    "sellingAndMarketingExpenses": 0,
    "sellingGeneralAndAdministrativeExpenses": 1298000000,
    "otherExpenses": 0,
    "operatingExpenses": 1838000000,
    "costAndExpenses": 7333000000,
    "interestIncome": 450000000,
    "interestExpense": 0,
    "depreciationAndAmortization": 574000000,
    "ebitda": -471000000,
    "ebitdaratio": -0.0620716921,
    "operatingIncome": 255000000,
    "operatingIncomeRatio": 0.0336056932,
    "totalOtherIncomeExpensesNet": -1300000000,
    "incomeBeforeTax": -1045000000,
    "incomeBeforeTaxRatio": -0.1377174486,
    "incomeTaxExpense": 5000000,
    "netIncome": -1050000000,
    "netIncomeRatio": -0.1383763838,
    "eps": -0.82,
    "epsdiluted": -0.82,
    "weightedAverageShsOut": 1322000000,
    "weightedAverageShsOutDil": 1322000000,
    "link": "https://www.sec.gov/Archives/edgar/data/1645590/000164559025000068/0001645590-25-000068-index.htm",
    "finalLink": "https://www.sec.gov/Archives/edgar/data/1645590/000164559025000068/hpe-20250430.htm"
  },
  {
    "date": "2025-01-31",
    "symbol": "HPE",
    "reportedCurrency": "USD",
    "cik": "0001645590",
    "fillingDate": "2025-03-07",
    "acceptedDate": "2025-03-07 08:22:56",
    "calendarYear": "2025",
    "period": "Q1",
    "revenue": 7810000000,
    "costOfRevenue": 5597000000,
    "grossProfit": 2213000000,
    "grossProfitRatio": 0.2833546735,
    "researchAndDevelopmentExpenses": 475000000,
    "generalAndAdministrativeExpenses": 0,
    "sellingAndMarketingExpenses": 0,
    "sellingGeneralAndAdministrativeExpenses": 1268000000,
    "otherExpenses": 0,
    "operatingExpenses": 1743000000,
    "costAndExpenses": 7340000000,
    "interestIncome": 0,
    "interestExpense": 182000000,
    "depreciationAndAmortization": 599000000,
    "ebitda": 1514000000,
    "ebitdaratio": 0.1938540333,
    "operatingIncome": 470000000,
    "operatingIncomeRatio": 0.0601792574,
    "totalOtherIncomeExpensesNet": 263000000,
    "incomeBeforeTax": 733000000,
    "incomeBeforeTaxRatio": 0.0938540333,
    "incomeTaxExpense": 106000000,
    "netIncome": 627000000,
    "netIncomeRatio": 0.0802816901,
    "eps": 0.45,
    "epsdiluted": 0.44,
    "weightedAverageShsOut": 1316000000,
    "weightedAverageShsOutDil": 1409000000,
    "link": "https://www.sec.gov/Archives/edgar/data/1645590/000164559025000039/0001645590-25-000039-index.htm",
    "finalLink": "https://www.sec.gov/Archives/edgar/data/1645590/000164559025000039/hpe-20250131.htm"
  },
  {
    "date": "2024-10-31",
    "symbol": "HPE",
    "reportedCurrency": "USD",
    "cik": "0001645590",
    "fillingDate": "2024-12-19",
    "acceptedDate": "2024-12-19 08:20:59",
    "calendarYear": "2024",
    "period": "Q4",
    "revenue": 8482000000,
    "costOfRevenue": 5921000000,
    "grossProfit": 2561000000,
    "grossProfitRatio": 0.3019335062,
    "researchAndDevelopmentExpenses": 527000000,
    "generalAndAdministrativeExpenses": 0,
    "sellingAndMarketingExpenses": 0,
    "sellingGeneralAndAdministrativeExpenses": 1211000000,
    "otherExpenses": 0,
    "operatingExpenses": 1738000000,
    "costAndExpenses": 7659000000,
    "interestIncome": 0,
    "interestExpense": 22000000,
    "depreciationAndAmortization": 640000000,
    "ebitda": 2079000000,
    "ebitdaratio": 0.245107286,
    "operatingIncome": 823000000,
    "operatingIncomeRatio": 0.0970290026,
    "totalOtherIncomeExpensesNet": 594000000,
    "incomeBeforeTax": 1417000000,
    "incomeBeforeTaxRatio": 0.1670596557,
    "incomeTaxExpense": 51000000,
    "netIncome": 1366000000,
    "netIncomeRatio": 0.1610469229,
    "eps": 1.02,
    "epsdiluted": 1,
    "weightedAverageShsOut": 1312000000,
    "weightedAverageShsOutDil": 1337000000,
    "link": "https://www.sec.gov/Archives/edgar/data/1645590/000164559024000139/0001645590-24-000139-index.htm",
    "finalLink": "https://www.sec.gov/Archives/edgar/data/1645590/000164559024000139/hpe-20241031.htm"
  },
  {
    "date": "2024-07-31",
    "symbol": "HPE",
    "reportedCurrency": "USD",
    "cik": "0001645590",
    "fillingDate": "2024-09-05",
    "acceptedDate": "2024-09-05 16:23:45",
    "calendarYear": "2024",
    "period": "Q3",
    "revenue": 7673000000,
    "costOfRevenue": 5331000000,
    "grossProfit": 2342000000,
    "grossProfitRatio": 0.3052261176,
    "researchAndDevelopmentExpenses": 547000000,
    "generalAndAdministrativeExpenses": 0,
    "sellingAndMarketingExpenses": 0,
    "sellingGeneralAndAdministrativeExpenses": 1229000000,
    "otherExpenses": 0,
    "operatingExpenses": 1776000000,
    "costAndExpenses": 7107000000,
    "interestIncome": 4000000,
    "interestExpense": 0,
    "depreciationAndAmortization": 625000000,
    "ebitda": 1233000000,
    "ebitdaratio": 0.1606933403,
    "operatingIncome": 566000000,
    "operatingIncomeRatio": 0.0737651505,
    "totalOtherIncomeExpensesNet": 42000000,
    "incomeBeforeTax": 608000000,
    "incomeBeforeTaxRatio": 0.0792388896,
    "incomeTaxExpense": 96000000,
    "netIncome": 512000000,
    "netIncomeRatio": 0.066727486,
    "eps": 0.39,
    "epsdiluted": 0.38,
    "weightedAverageShsOut": 1312000000,
    "weightedAverageShsOutDil": 1332000000,
    "link": "https://www.sec.gov/Archives/edgar/data/1645590/000164559024000119/0001645590-24-000119-index.htm",
    "finalLink": "https://www.sec.gov/Archives/edgar/data/1645590/000164559024000119/hpe-20240731.htm"
  },
  {
    "date": "2024-04-30",
    "symbol": "HPE",
    "reportedCurrency": "USD",
    "cik": "0001645590",
    "fillingDate": "2024-06-05",
    "acceptedDate": "2024-06-05 08:14:28",
    "calendarYear": "2024",
    "period": "Q2",
    "revenue": 7182000000,
    "costOfRevenue": 4895000000,
    "grossProfit": 2287000000,
    "grossProfitRatio": 0.3184349763,
    "researchAndDevelopmentExpenses": 590000000,
    "generalAndAdministrativeExpenses": 0,
    "sellingAndMarketingExpenses": 0,
    "sellingGeneralAndAdministrativeExpenses": 1215000000,
    "otherExpenses": 0,
    "operatingExpenses": 1805000000,
    "costAndExpenses": 6700000000,
    "interestIncome": 0,
    "interestExpense": 172000000,
    "depreciationAndAmortization": 642000000,
    "ebitda": 1259000000,
    "ebitdaratio": 0.1752993595,
    "operatingIncome": 482000000,
    "operatingIncomeRatio": 0.067112225,
    "totalOtherIncomeExpensesNet": -37000000,
    "incomeBeforeTax": 445000000,
    "incomeBeforeTaxRatio": 0.0619604567,
    "incomeTaxExpense": 131000000,
    "netIncome": 314000000,
    "netIncomeRatio": 0.0437204121,
    "eps": 0.24,
    "epsdiluted": 0.24,
    "weightedAverageShsOut": 1311000000,
    "weightedAverageShsOutDil": 1325000000,
    "link": "https://www.sec.gov/Archives/edgar/data/1645590/000164559024000098/0001645590-24-000098-index.htm",
    "finalLink": "https://www.sec.gov/Archives/edgar/data/1645590/000164559024000098/hpe-20240430.htm"
  },
  {
    "date": "2024-01-31",
    "symbol": "HPE",
    "reportedCurrency": "USD",
    "cik": "0001645590",
    "fillingDate": "2024-03-05",
    "acceptedDate": "2024-03-05 16:20:10",
    "calendarYear": "2024",
    "period": "Q1",
    "revenue": 6731000000,
    "costOfRevenue": 4369000000,
    "grossProfit": 2362000000,
    "grossProfitRatio": 0.350913683,
    "researchAndDevelopmentExpenses": 582000000,
    "generalAndAdministrativeExpenses": 0,
    "sellingAndMarketingExpenses": 0,
    "sellingGeneralAndAdministrativeExpenses": 1216000000,
    "otherExpenses": 0,
    "operatingExpenses": 1798000000,
    "costAndExpenses": 6167000000,
    "interestIncome": 151000000,
    "interestExpense": 0,
    "depreciationAndAmortization": 657000000,
    "ebitda": 1140000000,
    "ebitdaratio": 0.1693656218,
    "operatingIncome": 564000000,
    "operatingIncomeRatio": 0.0837914129,
    "totalOtherIncomeExpensesNet": -81000000,
    "incomeBeforeTax": 483000000,
    "incomeBeforeTaxRatio": 0.0717575397,
    "incomeTaxExpense": 96000000,
    "netIncome": 387000000,
    "netIncomeRatio": 0.0574951716,
    "eps": 0.3,
    "epsdiluted": 0.29,
    "weightedAverageShsOut": 1301000000,
    "weightedAverageShsOutDil": 1316000000,
    "link": "https://www.sec.gov/Archives/edgar/data/1645590/000164559024000069/0001645590-24-000069-index.htm",
    "finalLink": "https://www.sec.gov/Archives/edgar/data/1645590/000164559024000069/hpe-20240131.htm"
  },
  {
    "date": "2023-10-31",
    "symbol": "HPE",
    "reportedCurrency": "USD",
    "cik": "0001645590",
    "fillingDate": "2023-12-22",
    "acceptedDate": "2023-12-22 08:19:13",
    "calendarYear": "2023",
    "period": "Q4",
    "revenue": 7334000000,
    "costOfRevenue": 4864000000,
    "grossProfit": 2470000000,
    "grossProfitRatio": 0.3367875648,
    "researchAndDevelopmentExpenses": 578000000,
    "generalAndAdministrativeExpenses": 0,
    "sellingAndMarketingExpenses": 0,
    "sellingGeneralAndAdministrativeExpenses": 1332000000,
    "otherExpenses": 0,
    "operatingExpenses": 1910000000,
    "costAndExpenses": 6774000000,
    "interestIncome": 0,
    "interestExpense": 324000000,
    "depreciationAndAmortization": 655000000,
    "ebitda": 1528000000,
    "ebitdaratio": 0.2083446959,
    "operatingIncome": 560000000,
    "operatingIncomeRatio": 0.0763566948,
    "totalOtherIncomeExpensesNet": -11000000,
    "incomeBeforeTax": 549000000,
    "incomeBeforeTaxRatio": 0.0748568312,
    "incomeTaxExpense": -93000000,
    "netIncome": 642000000,
    "netIncomeRatio": 0.0875374966,
    "eps": 0.5,
    "epsdiluted": 0.49,
    "weightedAverageShsOut": 1295000000,
    "weightedAverageShsOutDil": 1315000000,
    "link": "https://www.sec.gov/Archives/edgar/data/1645590/000164559023000117/0001645590-23-000117-index.htm",
    "finalLink": "https://www.sec.gov/Archives/edgar/data/1645590/000164559023000117/hpe-20231031.htm"
  },
  {
    "date": "2023-07-31",
    "symbol": "HPE",
    "reportedCurrency": "USD",
    "cik": "0001645590",
    "fillingDate": "2023-09-01",
    "acceptedDate": "2023-09-01 16:34:07",
    "calendarYear": "2023",
    "period": "Q3",
    "revenue": 7018000000,
    "costOfRevenue": 4564000000,
    "grossProfit": 2454000000,
    "grossProfitRatio": 0.3496722713,
    "researchAndDevelopmentExpenses": 578000000,
    "generalAndAdministrativeExpenses": 0,
    "sellingAndMarketingExpenses": 0,
    "sellingGeneralAndAdministrativeExpenses": 1302000000,
    "otherExpenses": 0,
    "operatingExpenses": 1880000000,
    "costAndExpenses": 6444000000,
    "interestIncome": 31000000,
    "interestExpense": 0,
    "depreciationAndAmortization": 654000000,
    "ebitda": 1190000000,
    "ebitdaratio": 0.1695639783,
    "operatingIncome": 574000000,
    "operatingIncomeRatio": 0.0817896837,
    "totalOtherIncomeExpensesNet": -38000000,
    "incomeBeforeTax": 536000000,
    "incomeBeforeTaxRatio": 0.0763750356,
    "incomeTaxExpense": 72000000,
    "netIncome": 464000000,
    "netIncomeRatio": 0.0661157025,
    "eps": 0.36,
    "epsdiluted": 0.35,
    "weightedAverageShsOut": 1299000000,
    "weightedAverageShsOutDil": 1316000000,
    "link": "https://www.sec.gov/Archives/edgar/data/1645590/000164559023000087/0001645590-23-000087-index.htm",
    "finalLink": "https://www.sec.gov/Archives/edgar/data/1645590/000164559023000087/hpe-20230731.htm"
  },
  {
    "date": "2023-04-30",
    "symbol": "HPE",
    "reportedCurrency": "USD",
    "cik": "0001645590",
    "fillingDate": "2023-06-02",
    "acceptedDate": "2023-06-02 16:37:49",
    "calendarYear": "2023",
    "period": "Q2",
    "revenue": 6996000000,
    "costOfRevenue": 4532000000,
    "grossProfit": 2464000000,
    "grossProfitRatio": 0.3522012579,
    "researchAndDevelopmentExpenses": 570000000,
    "generalAndAdministrativeExpenses": 0,
    "sellingAndMarketingExpenses": 0,
    "sellingGeneralAndAdministrativeExpenses": 1269000000,
    "otherExpenses": 0,
    "operatingExpenses": 1839000000,
    "costAndExpenses": 6371000000,
    "interestIncome": 0,
    "interestExpense": 41000000,
    "depreciationAndAmortization": 651000000,
    "ebitda": 1214000000,
    "ebitdaratio": 0.1735277301,
    "operatingIncome": 625000000,
    "operatingIncomeRatio": 0.0893367639,
    "totalOtherIncomeExpensesNet": -103000000,
    "incomeBeforeTax": 522000000,
    "incomeBeforeTaxRatio": 0.0746140652,
    "incomeTaxExpense": 104000000,
    "netIncome": 418000000,
    "netIncomeRatio": 0.0597484277,
    "eps": 0.32,
    "epsdiluted": 0.32,
    "weightedAverageShsOut": 1304000000,
    "weightedAverageShsOutDil": 1318000000,
    "link": "https://www.sec.gov/Archives/edgar/data/1645590/000164559023000066/0001645590-23-000066-index.htm",
    "finalLink": "https://www.sec.gov/Archives/edgar/data/1645590/000164559023000066/hpe-20230430.htm"
  },
  {
    "date": "2023-01-31",
    "symbol": "HPE",
    "reportedCurrency": "USD",
    "cik": "0001645590",
    "fillingDate": "2023-03-07",
    "acceptedDate": "2023-03-07 07:32:19",
    "calendarYear": "2023",
    "period": "Q1",
    "revenue": 7759000000,
    "costOfRevenue": 5224000000,
    "grossProfit": 2535000000,
    "grossProfitRatio": 0.3267173605,
    "researchAndDevelopmentExpenses": 623000000,
    "generalAndAdministrativeExpenses": 0,
    "sellingAndMarketingExpenses": 0,
    "sellingGeneralAndAdministrativeExpenses": 1257000000,
    "otherExpenses": 0,
    "operatingExpenses": 1880000000,
    "costAndExpenses": 7104000000,
    "interestIncome": 466000000,
    "interestExpense": 0,
    "depreciationAndAmortization": 656000000,
    "ebitda": 1279000000,
    "ebitdaratio": 0.16484083,
    "operatingIncome": 655000000,
    "operatingIncomeRatio": 0.0844180951,
    "totalOtherIncomeExpensesNet": -32000000,
    "incomeBeforeTax": 623000000,
    "incomeBeforeTaxRatio": 0.0802938523,
    "incomeTaxExpense": 122000000,
    "netIncome": 501000000,
    "netIncomeRatio": 0.0645701766,
    "eps": 0.39,
    "epsdiluted": 0.38,
    "weightedAverageShsOut": 1298000000,
    "weightedAverageShsOutDil": 1315000000,
    "link": "https://www.sec.gov/Archives/edgar/data/1645590/000164559023000035/0001645590-23-000035-index.htm",
    "finalLink": "https://www.sec.gov/Archives/edgar/data/1645590/000164559023000035/hpe-20230131.htm"
  },
  {
    "date": "2022-10-31",
    "symbol": "HPE",
    "reportedCurrency": "USD",
    "cik": "0001645590",
    "fillingDate": "2022-12-08",
    "acceptedDate": "2022-12-08 17:02:05",
    "calendarYear": "2022",
    "period": "Q4",
    "revenue": 7719000000,
    "costOfRevenue": 5351000000,
    "grossProfit": 2368000000,
    "grossProfitRatio": 0.3067754891,
    "researchAndDevelopmentExpenses": 515000000,
    "generalAndAdministrativeExpenses": 0,
    "sellingAndMarketingExpenses": 0,
    "sellingGeneralAndAdministrativeExpenses": 1262000000,
    "otherExpenses": 0,
    "operatingExpenses": 1777000000,
    "costAndExpenses": 7128000000,
    "interestIncome": 0,
    "interestExpense": 382000000,
    "depreciationAndAmortization": 618000000,
    "ebitda": 643000000,
    "ebitdaratio": 0.0833009457,
    "operatingIncome": 591000000,
    "operatingIncomeRatio": 0.0765643218,
    "totalOtherIncomeExpensesNet": -948000000,
    "incomeBeforeTax": -357000000,
    "incomeBeforeTaxRatio": -0.0462495142,
    "incomeTaxExpense": -53000000,
    "netIncome": -304000000,
    "netIncomeRatio": -0.0393833398,
    "eps": -0.23,
    "epsdiluted": -0.23,
    "weightedAverageShsOut": 1296000000,
    "weightedAverageShsOutDil": 1296000000,
    "link": "https://www.sec.gov/Archives/edgar/data/1645590/000164559022000071/0001645590-22-000071-index.htm",
    "finalLink": "https://www.sec.gov/Archives/edgar/data/1645590/000164559022000071/hpe-20221031.htm"
  },
  {
    "date": "2022-07-31",
    "symbol": "HPE",
    "reportedCurrency": "USD",
    "cik": "0001645590",
    "fillingDate": "2022-09-01",
    "acceptedDate": "2022-09-01 16:35:31",
    "calendarYear": "2022",
    "period": "Q3",
    "revenue": 6837000000,
    "costOfRevenue": 4628000000,
    "grossProfit": 2209000000,
    "grossProfitRatio": 0.3230949247,
    "researchAndDevelopmentExpenses": 509000000,
    "generalAndAdministrativeExpenses": 0,
    "sellingAndMarketingExpenses": 0,
    "sellingGeneralAndAdministrativeExpenses": 1229000000,
    "otherExpenses": 0,
    "operatingExpenses": 1738000000,
    "costAndExpenses": 6366000000,
    "interestIncome": 0,
    "interestExpense": 241000000,
    "depreciationAndAmortization": 620000000,
    "ebitda": 1325000000,
    "ebitdaratio": 0.1937984496,
    "operatingIncome": 471000000,
    "operatingIncomeRatio": 0.068889864,
    "totalOtherIncomeExpensesNet": -7000000,
    "incomeBeforeTax": 464000000,
    "incomeBeforeTaxRatio": 0.0678660231,
    "incomeTaxExpense": 55000000,
    "netIncome": 409000000,
    "netIncomeRatio": 0.0598215592,
    "eps": 0.31,
    "epsdiluted": 0.31,
    "weightedAverageShsOut": 1305000000,
    "weightedAverageShsOutDil": 1323000000,
    "link": "https://www.sec.gov/Archives/edgar/data/1645590/000164559022000052/0001645590-22-000052-index.htm",
    "finalLink": "https://www.sec.gov/Archives/edgar/data/1645590/000164559022000052/hpe-20220731.htm"
  },
  {
    "date": "2022-04-30",
    "symbol": "HPE",
    "reportedCurrency": "USD",
    "cik": "0001645590",
    "fillingDate": "2022-06-03",
    "acceptedDate": "2022-06-03 07:38:47",
    "calendarYear": "2022",
    "period": "Q2",
    "revenue": 6656000000,
    "costOfRevenue": 4508000000,
    "grossProfit": 2148000000,
    "grossProfitRatio": 0.3227163462,
    "researchAndDevelopmentExpenses": 517000000,
    "generalAndAdministrativeExpenses": 0,
    "sellingAndMarketingExpenses": 0,
    "sellingGeneralAndAdministrativeExpenses": 1249000000,
    "otherExpenses": 0,
    "operatingExpenses": 1766000000,
    "costAndExpenses": 6274000000,
    "interestIncome": 0,
    "interestExpense": 347000000,
    "depreciationAndAmortization": 621000000,
    "ebitda": 1244000000,
    "ebitdaratio": 0.1868990385,
    "operatingIncome": 382000000,
    "operatingIncomeRatio": 0.0573918269,
    "totalOtherIncomeExpensesNet": -106000000,
    "incomeBeforeTax": 276000000,
    "incomeBeforeTaxRatio": 0.0414663462,
    "incomeTaxExpense": 26000000,
    "netIncome": 250000000,
    "netIncomeRatio": 0.0375600962,
    "eps": 0.19,
    "epsdiluted": 0.19,
    "weightedAverageShsOut": 1307000000,
    "weightedAverageShsOutDil": 1329000000,
    "link": "https://www.sec.gov/Archives/edgar/data/1645590/000164559022000032/0001645590-22-000032-index.htm",
    "finalLink": "https://www.sec.gov/Archives/edgar/data/1645590/000164559022000032/hpe-20220430.htm"
  },
  {
    "date": "2022-01-31",
    "symbol": "HPE",
    "reportedCurrency": "USD",
    "cik": "0001645590",
    "fillingDate": "2022-03-03",
    "acceptedDate": "2022-03-03 16:48:14",
    "calendarYear": "2022",
    "period": "Q1",
    "revenue": 6896000000,
    "costOfRevenue": 4690000000,
    "grossProfit": 2206000000,
    "grossProfitRatio": 0.3198955916,
    "researchAndDevelopmentExpenses": 504000000,
    "generalAndAdministrativeExpenses": 0,
    "sellingAndMarketingExpenses": 0,
    "sellingGeneralAndAdministrativeExpenses": 1201000000,
    "otherExpenses": 0,
    "operatingExpenses": 1705000000,
    "costAndExpenses": 6395000000,
    "interestIncome": 0,
    "interestExpense": 92000000,
    "depreciationAndAmortization": 621000000,
    "ebitda": 1206000000,
    "ebitdaratio": 0.1748839907,
    "operatingIncome": 501000000,
    "operatingIncomeRatio": 0.0726508121,
    "totalOtherIncomeExpensesNet": -8000000,
    "incomeBeforeTax": 493000000,
    "incomeBeforeTaxRatio": 0.0714907193,
    "incomeTaxExpense": -20000000,
    "netIncome": 513000000,
    "netIncomeRatio": 0.0743909513,
    "eps": 0.39,
    "epsdiluted": 0.39,
    "weightedAverageShsOut": 1304000000,
    "weightedAverageShsOutDil": 1325000000,
    "link": "https://www.sec.gov/Archives/edgar/data/1645590/000164559022000016/0001645590-22-000016-index.htm",
    "finalLink": "https://www.sec.gov/Archives/edgar/data/1645590/000164559022000016/hpe-20220131.htm"
  },
  {
    "date": "2021-10-31",
    "symbol": "HPE",
    "reportedCurrency": "USD",
    "cik": "0001645590",
    "fillingDate": "2021-12-10",
    "acceptedDate": "2021-12-10 07:41:42",
    "calendarYear": "2021",
    "period": "Q4",
    "revenue": 7322000000,
    "costOfRevenue": 5013000000,
    "grossProfit": 2309000000,
    "grossProfitRatio": 0.315350997,
    "researchAndDevelopmentExpenses": 502000000,
    "generalAndAdministrativeExpenses": 0,
    "sellingAndMarketingExpenses": 0,
    "sellingGeneralAndAdministrativeExpenses": 1280000000,
    "otherExpenses": 0,
    "operatingExpenses": 1782000000,
    "costAndExpenses": 6795000000,
    "interestIncome": 0,
    "interestExpense": 176000000,
    "depreciationAndAmortization": 641000000,
    "ebitda": 3505000000,
    "ebitdaratio": 0.4786943458,
    "operatingIncome": 527000000,
    "operatingIncomeRatio": 0.0719748703,
    "totalOtherIncomeExpensesNet": 2161000000,
    "incomeBeforeTax": 2688000000,
    "incomeBeforeTaxRatio": 0.3671128107,
    "incomeTaxExpense": 135000000,
    "netIncome": 2553000000,
    "netIncomeRatio": 0.3486752253,
    "eps": 1.95,
    "epsdiluted": 1.91,
    "weightedAverageShsOut": 1312000000,
    "weightedAverageShsOutDil": 1335000000,
    "link": "https://www.sec.gov/Archives/edgar/data/1645590/000164559021000068/0001645590-21-000068-index.htm",
    "finalLink": "https://www.sec.gov/Archives/edgar/data/1645590/000164559021000068/hpe-20211031.htm"
  },
  {
    "date": "2021-07-31",
    "symbol": "HPE",
    "reportedCurrency": "USD",
    "cik": "0001645590",
    "fillingDate": "2021-09-03",
    "acceptedDate": "2021-09-03 07:38:47",
    "calendarYear": "2021",
    "period": "Q3",
    "revenue": 6911000000,
    "costOfRevenue": 4597000000,
    "grossProfit": 2314000000,
    "grossProfitRatio": 0.3348285342,
    "researchAndDevelopmentExpenses": 506000000,
    "generalAndAdministrativeExpenses": 0,
    "sellingAndMarketingExpenses": 0,
    "sellingGeneralAndAdministrativeExpenses": 1291000000,
    "otherExpenses": 0,
    "operatingExpenses": 1797000000,
    "costAndExpenses": 6394000000,
    "interestIncome": 0,
    "interestExpense": 66000000,
    "depreciationAndAmortization": 643000000,
    "ebitda": 1115000000,
    "ebitdaratio": 0.161336999,
    "operatingIncome": 517000000,
    "operatingIncomeRatio": 0.0748082767,
    "totalOtherIncomeExpensesNet": -111000000,
    "incomeBeforeTax": 406000000,
    "incomeBeforeTaxRatio": 0.0587469252,
    "incomeTaxExpense": 14000000,
    "netIncome": 392000000,
    "netIncomeRatio": 0.0567211692,
    "eps": 0.3,
    "epsdiluted": 0.29,
    "weightedAverageShsOut": 1314000000,
    "weightedAverageShsOutDil": 1338000000,
    "link": "https://www.sec.gov/Archives/edgar/data/1645590/000164559021000055/0001645590-21-000055-index.htm",
    "finalLink": "https://www.sec.gov/Archives/edgar/data/1645590/000164559021000055/hpe-20210731.htm"
  },
  {
    "date": "2021-04-30",
    "symbol": "HPE",
    "reportedCurrency": "USD",
    "cik": "0001645590",
    "fillingDate": "2021-06-03",
    "acceptedDate": "2021-06-03 16:59:23",
    "calendarYear": "2021",
    "period": "Q2",
    "revenue": 6735000000,
    "costOfRevenue": 4497000000,
    "grossProfit": 2238000000,
    "grossProfitRatio": 0.3322939866,
    "researchAndDevelopmentExpenses": 503000000,
    "generalAndAdministrativeExpenses": 0,
    "sellingAndMarketingExpenses": 0,
    "sellingGeneralAndAdministrativeExpenses": 1199000000,
    "otherExpenses": 0,
    "operatingExpenses": 1702000000,
    "costAndExpenses": 6199000000,
    "interestIncome": 0,
    "interestExpense": 42000000,
    "depreciationAndAmortization": 639000000,
    "ebitda": 969000000,
    "ebitdaratio": 0.1438752784,
    "operatingIncome": 536000000,
    "operatingIncomeRatio": 0.0795842613,
    "totalOtherIncomeExpensesNet": -248000000,
    "incomeBeforeTax": 288000000,
    "incomeBeforeTaxRatio": 0.0427616927,
    "incomeTaxExpense": 29000000,
    "netIncome": 259000000,
    "netIncomeRatio": 0.0384558278,
    "eps": 0.2,
    "epsdiluted": 0.19,
    "weightedAverageShsOut": 1309000000,
    "weightedAverageShsOutDil": 1331000000,
    "link": "https://www.sec.gov/Archives/edgar/data/1645590/000164559021000041/0001645590-21-000041-index.htm",
    "finalLink": "https://www.sec.gov/Archives/edgar/data/1645590/000164559021000041/hpe-20210430.htm"
  },
  {
    "date": "2021-01-31",
    "symbol": "HPE",
    "reportedCurrency": "USD",
    "cik": "0001645590",
    "fillingDate": "2021-03-04",
    "acceptedDate": "2021-03-04 16:50:53",
    "calendarYear": "2021",
    "period": "Q1",
    "revenue": 6897000000,
    "costOfRevenue": 4655000000,
    "grossProfit": 2242000000,
    "grossProfitRatio": 0.3250688705,
    "researchAndDevelopmentExpenses": 468000000,
    "generalAndAdministrativeExpenses": 1159000000,
    "sellingAndMarketingExpenses": 0,
    "sellingGeneralAndAdministrativeExpenses": 1159000000,
    "otherExpenses": 0,
    "operatingExpenses": 1627000000,
    "costAndExpenses": 6282000000,
    "interestIncome": 210000000,
    "interestExpense": 0,
    "depreciationAndAmortization": 674000000,
    "ebitda": 879000000,
    "ebitdaratio": 0.127446716,
    "operatingIncome": 615000000,
    "operatingIncomeRatio": 0.089169204,
    "totalOtherIncomeExpensesNet": -410000000,
    "incomeBeforeTax": 205000000,
    "incomeBeforeTaxRatio": 0.029723068,
    "incomeTaxExpense": -18000000,
    "netIncome": 223000000,
    "netIncomeRatio": 0.0323328984,
    "eps": 0.17,
    "epsdiluted": 0.17,
    "weightedAverageShsOut": 1300000000,
    "weightedAverageShsOutDil": 1315000000,
    "link": "https://www.sec.gov/Archives/edgar/data/1645590/000164559021000016/0001645590-21-000016-index.htm",
    "finalLink": "https://www.sec.gov/Archives/edgar/data/1645590/000164559021000016/hpe-20210131.htm"
  },
  {
    "date": "2020-10-31",
    "symbol": "HPE",
    "reportedCurrency": "USD",
    "cik": "0001645590",
    "fillingDate": "2020-12-10",
    "acceptedDate": "2020-12-10 17:09:38",
    "calendarYear": "2020",
    "period": "Q4",
    "revenue": 7267000000,
    "costOfRevenue": 5082000000,
    "grossProfit": 2185000000,
    "grossProfitRatio": 0.300674281,
    "researchAndDevelopmentExpenses": 484000000,
    "generalAndAdministrativeExpenses": 0,
    "sellingAndMarketingExpenses": 0,
    "sellingGeneralAndAdministrativeExpenses": 1166000000,
    "otherExpenses": 0,
    "operatingExpenses": 1650000000,
    "costAndExpenses": 6732000000,
    "interestIncome": 0,
    "interestExpense": 83000000,
    "depreciationAndAmortization": 652000000,
    "ebitda": 860000000,
    "ebitdaratio": 0.1183431953,
    "operatingIncome": 535000000,
    "operatingIncomeRatio": 0.0736204761,
    "totalOtherIncomeExpensesNet": -410000000,
    "incomeBeforeTax": 125000000,
    "incomeBeforeTaxRatio": 0.0172010458,
    "incomeTaxExpense": -32000000,
    "netIncome": 157000000,
    "netIncomeRatio": 0.0216045136,
    "eps": 0.12,
    "epsdiluted": 0.12,
    "weightedAverageShsOut": 1287000000,
    "weightedAverageShsOutDil": 1287000000,
    "link": "https://www.sec.gov/Archives/edgar/data/1645590/000164559020000056/0001645590-20-000056-index.htm",
    "finalLink": "https://www.sec.gov/Archives/edgar/data/1645590/000164559020000056/hpe-20201031.htm"
  },
  {
    "date": "2020-07-31",
    "symbol": "HPE",
    "reportedCurrency": "USD",
    "cik": "0001645590",
    "fillingDate": "2020-09-03",
    "acceptedDate": "2020-09-03 17:06:59",
    "calendarYear": "2020",
    "period": "Q3",
    "revenue": 6793000000,
    "costOfRevenue": 4844000000,
    "grossProfit": 1949000000,
    "grossProfitRatio": 0.2869129987,
    "researchAndDevelopmentExpenses": 455000000,
    "generalAndAdministrativeExpenses": 1155000000,
    "sellingAndMarketingExpenses": -24000000,
    "sellingGeneralAndAdministrativeExpenses": 1131000000,
    "otherExpenses": 0,
    "operatingExpenses": 1586000000,
    "costAndExpenses": 6430000000,
    "interestIncome": 192000000,
    "interestExpense": 0,
    "depreciationAndAmortization": 642000000,
    "ebitda": 608000000,
    "ebitdaratio": 0.0895039011,
    "operatingIncome": 363000000,
    "operatingIncomeRatio": 0.053437362,
    "totalOtherIncomeExpensesNet": -397000000,
    "incomeBeforeTax": -34000000,
    "incomeBeforeTaxRatio": -0.0050051524,
    "incomeTaxExpense": -43000000,
    "netIncome": 9000000,
    "netIncomeRatio": 0.0013248933,
    "eps": 0.01,
    "epsdiluted": 0.01,
    "weightedAverageShsOut": 1292000000,
    "weightedAverageShsOutDil": 1300000000,
    "link": "https://www.sec.gov/Archives/edgar/data/1645590/000164559020000041/0001645590-20-000041-index.htm",
    "finalLink": "https://www.sec.gov/Archives/edgar/data/1645590/000164559020000041/hpe-20200731.htm"
  },
  {
    "date": "2020-04-30",
    "symbol": "HPE",
    "reportedCurrency": "USD",
    "cik": "0001645590",
    "fillingDate": "2020-06-02",
    "acceptedDate": "2020-06-02 16:43:44",
    "calendarYear": "2020",
    "period": "Q2",
    "revenue": 5961000000,
    "costOfRevenue": 4179000000,
    "grossProfit": 1782000000,
    "grossProfitRatio": 0.2989431303,
    "researchAndDevelopmentExpenses": 450000000,
    "generalAndAdministrativeExpenses": 1116000000,
    "sellingAndMarketingExpenses": -7000000,
    "sellingGeneralAndAdministrativeExpenses": 1109000000,
    "otherExpenses": 0,
    "operatingExpenses": 1559000000,
    "costAndExpenses": 5738000000,
    "interestIncome": 0,
    "interestExpense": 234000000,
    "depreciationAndAmortization": 641000000,
    "ebitda": -36000000,
    "ebitdaratio": -0.0060392552,
    "operatingIncome": 223000000,
    "operatingIncomeRatio": 0.0374098306,
    "totalOtherIncomeExpensesNet": -1134000000,
    "incomeBeforeTax": -911000000,
    "incomeBeforeTaxRatio": -0.1528267069,
    "incomeTaxExpense": -90000000,
    "netIncome": -821000000,
    "netIncomeRatio": -0.137728569,
    "eps": -0.64,
    "epsdiluted": -0.64,
    "weightedAverageShsOut": 1282812500,
    "weightedAverageShsOutDil": 1291000000,
    "link": "https://www.sec.gov/Archives/edgar/data/1645590/000164559020000025/0001645590-20-000025-index.htm",
    "finalLink": "https://www.sec.gov/Archives/edgar/data/1645590/000164559020000025/hpe-20200430.htm"
  },
  {
    "date": "2020-01-31",
    "symbol": "HPE",
    "reportedCurrency": "USD",
    "cik": "0001645590",
    "fillingDate": "2020-03-09",
    "acceptedDate": "2020-03-06 18:10:57",
    "calendarYear": "2020",
    "period": "Q1",
    "revenue": 6923000000,
    "costOfRevenue": 4787000000,
    "grossProfit": 2136000000,
    "grossProfitRatio": 0.3085367615,
    "researchAndDevelopmentExpenses": 485000000,
    "generalAndAdministrativeExpenses": 1218000000,
    "sellingAndMarketingExpenses": 0,
    "sellingGeneralAndAdministrativeExpenses": 1218000000,
    "otherExpenses": 0,
    "operatingExpenses": 1703000000,
    "costAndExpenses": 6490000000,
    "interestIncome": 0,
    "interestExpense": 62000000,
    "depreciationAndAmortization": 690000000,
    "ebitda": 1130000000,
    "ebitdaratio": 0.1632240358,
    "operatingIncome": 433000000,
    "operatingIncomeRatio": 0.0625451394,
    "totalOtherIncomeExpensesNet": -55000000,
    "incomeBeforeTax": 378000000,
    "incomeBeforeTaxRatio": 0.0546006067,
    "incomeTaxExpense": 45000000,
    "netIncome": 333000000,
    "netIncomeRatio": 0.0481005345,
    "eps": 0.26,
    "epsdiluted": 0.25,
    "weightedAverageShsOut": 1300000000,
    "weightedAverageShsOutDil": 1315000000,
    "link": "https://www.sec.gov/Archives/edgar/data/1645590/000164559020000009/0001645590-20-000009-index.htm",
    "finalLink": "https://www.sec.gov/Archives/edgar/data/1645590/000164559020000009/hpe-01312020x10qq1.htm"
  },
  {
    "date": "2019-10-31",
    "symbol": "HPE",
    "reportedCurrency": "USD",
    "cik": "0001645590",
    "fillingDate": "2019-12-13",
    "acceptedDate": "2019-12-12 17:49:10",
    "calendarYear": "2019",
    "period": "Q4",
    "revenue": 7150000000,
    "costOfRevenue": 4890000000,
    "grossProfit": 2260000000,
    "grossProfitRatio": 0.3160839161,
    "researchAndDevelopmentExpenses": 438000000,
    "generalAndAdministrativeExpenses": 1229000000,
    "sellingAndMarketingExpenses": 0,
    "sellingGeneralAndAdministrativeExpenses": 1229000000,
    "otherExpenses": 0,
    "operatingExpenses": 1667000000,
    "costAndExpenses": 6557000000,
    "interestIncome": 0,
    "interestExpense": 85000000,
    "depreciationAndAmortization": 616000000,
    "ebitda": 1424000000,
    "ebitdaratio": 0.1991608392,
    "operatingIncome": 593000000,
    "operatingIncomeRatio": 0.0829370629,
    "totalOtherIncomeExpensesNet": 130000000,
    "incomeBeforeTax": 723000000,
    "incomeBeforeTaxRatio": 0.1011188811,
    "incomeTaxExpense": 243000000,
    "netIncome": 480000000,
    "netIncomeRatio": 0.0671328671,
    "eps": 0.37,
    "epsdiluted": 0.36,
    "weightedAverageShsOut": 1308000000,
    "weightedAverageShsOutDil": 1323000000,
    "link": "https://www.sec.gov/Archives/edgar/data/1645590/000164559019000044/0001645590-19-000044-index.htm",
    "finalLink": "https://www.sec.gov/Archives/edgar/data/1645590/000164559019000044/hpe-10312019x10k.htm"
  },
  {
    "date": "2019-07-31",
    "symbol": "HPE",
    "reportedCurrency": "USD",
    "cik": "0001645590",
    "fillingDate": "2019-08-30",
    "acceptedDate": "2019-08-30 09:15:55",
    "calendarYear": "2019",
    "period": "Q3",
    "revenue": 7174000000,
    "costOfRevenue": 4826000000,
    "grossProfit": 2348000000,
    "grossProfitRatio": 0.3272930025,
    "researchAndDevelopmentExpenses": 481000000,
    "generalAndAdministrativeExpenses": 1253000000,
    "sellingAndMarketingExpenses": 0,
    "sellingGeneralAndAdministrativeExpenses": 1253000000,
    "otherExpenses": 0,
    "operatingExpenses": 1734000000,
    "costAndExpenses": 6560000000,
    "interestIncome": 0,
    "interestExpense": 86000000,
    "depreciationAndAmortization": 632000000,
    "ebitda": 453000000,
    "ebitdaratio": 0.0631446892,
    "operatingIncome": 614000000,
    "operatingIncomeRatio": 0.0855868414,
    "totalOtherIncomeExpensesNet": -879000000,
    "incomeBeforeTax": -265000000,
    "incomeBeforeTaxRatio": -0.0369389462,
    "incomeTaxExpense": -238000000,
    "netIncome": -27000000,
    "netIncomeRatio": -0.0037635907,
    "eps": -0.0202,
    "epsdiluted": -0.0202,
    "weightedAverageShsOut": 1334000000,
    "weightedAverageShsOutDil": 1334000000,
    "link": "https://www.sec.gov/Archives/edgar/data/1645590/000164559019000030/0001645590-19-000030-index.htm",
    "finalLink": "https://www.sec.gov/Archives/edgar/data/1645590/000164559019000030/hpe-07312019x10qq3.htm"
  },
  {
    "date": "2019-04-30",
    "symbol": "HPE",
    "reportedCurrency": "USD",
    "cik": "0001645590",
    "fillingDate": "2019-05-31",
    "acceptedDate": "2019-05-31 08:51:38",
    "calendarYear": "2019",
    "period": "Q2",
    "revenue": 7104000000,
    "costOfRevenue": 4914000000,
    "grossProfit": 2190000000,
    "grossProfitRatio": 0.308277027,
    "researchAndDevelopmentExpenses": 457000000,
    "generalAndAdministrativeExpenses": 1214000000,
    "sellingAndMarketingExpenses": 0,
    "sellingGeneralAndAdministrativeExpenses": 1214000000,
    "otherExpenses": 0,
    "operatingExpenses": 1671000000,
    "costAndExpenses": 6585000000,
    "interestIncome": 0,
    "interestExpense": 40000000,
    "depreciationAndAmortization": 648000000,
    "ebitda": 1128000000,
    "ebitdaratio": 0.1587837838,
    "operatingIncome": 519000000,
    "operatingIncomeRatio": 0.0730574324,
    "totalOtherIncomeExpensesNet": -79000000,
    "incomeBeforeTax": 440000000,
    "incomeBeforeTaxRatio": 0.0619369369,
    "incomeTaxExpense": 21000000,
    "netIncome": 419000000,
    "netIncomeRatio": 0.0589808559,
    "eps": 0.31,
    "epsdiluted": 0.3,
    "weightedAverageShsOut": 1367000000,
    "weightedAverageShsOutDil": 1382000000,
    "link": "https://www.sec.gov/Archives/edgar/data/1645590/000164559019000017/0001645590-19-000017-index.htm",
    "finalLink": "https://www.sec.gov/Archives/edgar/data/1645590/000164559019000017/hpe-04302019x10qq2.htm"
  },
  {
    "date": "2019-01-31",
    "symbol": "HPE",
    "reportedCurrency": "USD",
    "cik": "0001645590",
    "fillingDate": "2019-03-05",
    "acceptedDate": "2019-03-05 17:04:40",
    "calendarYear": "2019",
    "period": "Q1",
    "revenue": 7473000000,
    "costOfRevenue": 5279000000,
    "grossProfit": 2194000000,
    "grossProfitRatio": 0.2935902583,
    "researchAndDevelopmentExpenses": 466000000,
    "generalAndAdministrativeExpenses": 1222000000,
    "sellingAndMarketingExpenses": -11000000,
    "sellingGeneralAndAdministrativeExpenses": 1211000000,
    "otherExpenses": 0,
    "operatingExpenses": 1677000000,
    "costAndExpenses": 6956000000,
    "interestIncome": 0,
    "interestExpense": 104000000,
    "depreciationAndAmortization": 639000000,
    "ebitda": 1398000000,
    "ebitdaratio": 0.1870734645,
    "operatingIncome": 517000000,
    "operatingIncomeRatio": 0.0691823899,
    "totalOtherIncomeExpensesNet": 138000000,
    "incomeBeforeTax": 655000000,
    "incomeBeforeTaxRatio": 0.0876488693,
    "incomeTaxExpense": 478000000,
    "netIncome": 177000000,
    "netIncomeRatio": 0.023685267,
    "eps": 0.13,
    "epsdiluted": 0.13,
    "weightedAverageShsOut": 1401000000,
    "weightedAverageShsOutDil": 1412000000,
    "link": "https://www.sec.gov/Archives/edgar/data/1645590/000162828019002482/0001628280-19-002482-index.htm",
    "finalLink": "https://www.sec.gov/Archives/edgar/data/1645590/000162828019002482/hpe-01312019x10qq1.htm"
  },
  {
    "date": "2018-10-31",
    "symbol": "HPE",
    "reportedCurrency": "USD",
    "cik": "0001645590",
    "fillingDate": "2018-12-12",
    "acceptedDate": "2018-12-12 17:19:51",
    "calendarYear": "2018",
    "period": "Q4",
    "revenue": 7888000000,
    "costOfRevenue": 5579000000,
    "grossProfit": 2309000000,
    "grossProfitRatio": 0.2927231237,
    "researchAndDevelopmentExpenses": 439000000,
    "generalAndAdministrativeExpenses": 1219000000,
    "sellingAndMarketingExpenses": 0,
    "sellingGeneralAndAdministrativeExpenses": 1219000000,
    "otherExpenses": 0,
    "operatingExpenses": 1677000000,
    "costAndExpenses": 7256000000,
    "interestIncome": 0,
    "interestExpense": 123000000,
    "depreciationAndAmortization": 645000000,
    "ebitda": 1344000000,
    "ebitdaratio": 0.1703853955,
    "operatingIncome": 632000000,
    "operatingIncomeRatio": 0.0801217039,
    "totalOtherIncomeExpensesNet": -56000000,
    "incomeBeforeTax": 576000000,
    "incomeBeforeTaxRatio": 0.0730223124,
    "incomeTaxExpense": 1348000000,
    "netIncome": -757000000,
    "netIncomeRatio": -0.0959685598,
    "eps": -0.52,
    "epsdiluted": -0.52,
    "weightedAverageShsOut": 1459000000,
    "weightedAverageShsOutDil": 1459000000,
    "link": "https://www.sec.gov/Archives/edgar/data/1645590/000162828018015054/0001628280-18-015054-index.htm",
    "finalLink": "https://www.sec.gov/Archives/edgar/data/1645590/000162828018015054/hpe-10312018x10k.htm"
  },
  {
    "date": "2018-07-31",
    "symbol": "HPE",
    "reportedCurrency": "USD",
    "cik": "0001645590",
    "fillingDate": "2018-09-04",
    "acceptedDate": "2018-09-04 16:50:19",
    "calendarYear": "2018",
    "period": "Q3",
    "revenue": 7735000000,
    "costOfRevenue": 5471000000,
    "grossProfit": 2264000000,
    "grossProfitRatio": 0.2926955398,
    "researchAndDevelopmentExpenses": 434000000,
    "generalAndAdministrativeExpenses": 1221000000,
    "sellingAndMarketingExpenses": 0,
    "sellingGeneralAndAdministrativeExpenses": 1203000000,
    "otherExpenses": 0,
    "operatingExpenses": 1656000000,
    "costAndExpenses": 7127000000,
    "interestIncome": 0,
    "interestExpense": 78000000,
    "depreciationAndAmortization": 641000000,
    "ebitda": 1184000000,
    "ebitdaratio": 0.153070459,
    "operatingIncome": 608000000,
    "operatingIncomeRatio": 0.0786037492,
    "totalOtherIncomeExpensesNet": -143000000,
    "incomeBeforeTax": 465000000,
    "incomeBeforeTaxRatio": 0.0601163542,
    "incomeTaxExpense": 13000000,
    "netIncome": 451000000,
    "netIncomeRatio": 0.0583063995,
    "eps": 0.3,
    "epsdiluted": 0.29,
    "weightedAverageShsOut": 1513000000,
    "weightedAverageShsOutDil": 1531000000,
    "link": "https://www.sec.gov/Archives/edgar/data/1645590/000162828018011596/0001628280-18-011596-index.htm",
    "finalLink": "https://www.sec.gov/Archives/edgar/data/1645590/000162828018011596/hpe-07312018x10qq3.htm"
  },
  {
    "date": "2018-04-30",
    "symbol": "HPE",
    "reportedCurrency": "USD",
    "cik": "0001645590",
    "fillingDate": "2018-06-07",
    "acceptedDate": "2018-06-07 17:26:25",
    "calendarYear": "2018",
    "period": "Q2",
    "revenue": 7533000000,
    "costOfRevenue": 5282000000,
    "grossProfit": 2251000000,
    "grossProfitRatio": 0.2988185318,
    "researchAndDevelopmentExpenses": 402000000,
    "generalAndAdministrativeExpenses": 1245000000,
    "sellingAndMarketingExpenses": 0,
    "sellingGeneralAndAdministrativeExpenses": 1227000000,
    "otherExpenses": 0,
    "operatingExpenses": 1648000000,
    "costAndExpenses": 6930000000,
    "interestIncome": 0,
    "interestExpense": 52000000,
    "depreciationAndAmortization": 655000000,
    "ebitda": 591000000,
    "ebitdaratio": 0.0784547989,
    "operatingIncome": 603000000,
    "operatingIncomeRatio": 0.0800477897,
    "totalOtherIncomeExpensesNet": -719000000,
    "incomeBeforeTax": -116000000,
    "incomeBeforeTaxRatio": -0.0153989115,
    "incomeTaxExpense": -966000000,
    "netIncome": 778000000,
    "netIncomeRatio": 0.1032789061,
    "eps": 0.5,
    "epsdiluted": 0.49,
    "weightedAverageShsOut": 1552000000,
    "weightedAverageShsOutDil": 1582000000,
    "link": "https://www.sec.gov/Archives/edgar/data/1645590/000162828018007715/0001628280-18-007715-index.htm",
    "finalLink": "https://www.sec.gov/Archives/edgar/data/1645590/000162828018007715/hpe-04302018x10qq2.htm"
  },
  {
    "date": "2018-01-31",
    "symbol": "HPE",
    "reportedCurrency": "USD",
    "cik": "0001645590",
    "fillingDate": "2018-03-09",
    "acceptedDate": "2018-03-09 17:19:24",
    "calendarYear": "2018",
    "period": "Q1",
    "revenue": 7720000000,
    "costOfRevenue": 5583000000,
    "grossProfit": 2137000000,
    "grossProfitRatio": 0.2768134715,
    "researchAndDevelopmentExpenses": 388000000,
    "generalAndAdministrativeExpenses": 1218000000,
    "sellingAndMarketingExpenses": 0,
    "sellingGeneralAndAdministrativeExpenses": 1202000000,
    "otherExpenses": 0,
    "operatingExpenses": 1607000000,
    "costAndExpenses": 7190000000,
    "interestIncome": 0,
    "interestExpense": 37000000,
    "depreciationAndAmortization": 635000000,
    "ebitda": 15000000,
    "ebitdaratio": 0.0019430052,
    "operatingIncome": 530000000,
    "operatingIncomeRatio": 0.0686528497,
    "totalOtherIncomeExpensesNet": -1187000000,
    "incomeBeforeTax": -657000000,
    "incomeBeforeTaxRatio": -0.0851036269,
    "incomeTaxExpense": -2139000000,
    "netIncome": 1436000000,
    "netIncomeRatio": 0.1860103627,
    "eps": 0.9,
    "epsdiluted": 0.89,
    "weightedAverageShsOut": 1591000000,
    "weightedAverageShsOutDil": 1619000000,
    "link": "https://www.sec.gov/Archives/edgar/data/1645590/000162828018003043/0001628280-18-003043-index.htm",
    "finalLink": "https://www.sec.gov/Archives/edgar/data/1645590/000162828018003043/hpe-01312018x10q.htm"
  },
  {
    "date": "2017-10-31",
    "symbol": "HPE",
    "reportedCurrency": "USD",
    "cik": "0001645590",
    "fillingDate": "2017-12-15",
    "acceptedDate": "2017-12-15 16:40:03",
    "calendarYear": "2017",
    "period": "Q4",
    "revenue": 7737000000,
    "costOfRevenue": 5469000000,
    "grossProfit": 2268000000,
    "grossProfitRatio": 0.2931368748,
    "researchAndDevelopmentExpenses": 364000000,
    "generalAndAdministrativeExpenses": 0,
    "sellingAndMarketingExpenses": 0,
    "sellingGeneralAndAdministrativeExpenses": 1288000000,
    "otherExpenses": 0,
    "operatingExpenses": 1588000000,
    "costAndExpenses": 7057000000,
    "interestIncome": 0,
    "interestExpense": 68000000,
    "depreciationAndAmortization": 682000000,
    "ebitda": 449000000,
    "ebitdaratio": 0.0580328293,
    "operatingIncome": 680000000,
    "operatingIncomeRatio": 0.0878893628,
    "totalOtherIncomeExpensesNet": -981000000,
    "incomeBeforeTax": -301000000,
    "incomeBeforeTaxRatio": -0.0389039679,
    "incomeTaxExpense": -648000000,
    "netIncome": 524000000,
    "netIncomeRatio": 0.067726509,
    "eps": 0.32,
    "epsdiluted": 0.32,
    "weightedAverageShsOut": 1618000000,
    "weightedAverageShsOutDil": 1647000000,
    "link": "https://www.sec.gov/Archives/edgar/data/1645590/000162828017012383/0001628280-17-012383-index.htm",
    "finalLink": "https://www.sec.gov/Archives/edgar/data/1645590/000162828017012383/hpe-10312017x10k.htm"
  },
  {
    "date": "2017-07-31",
    "symbol": "HPE",
    "reportedCurrency": "USD",
    "cik": "0001645590",
    "fillingDate": "2017-09-07",
    "acceptedDate": "2017-09-07 17:26:05",
    "calendarYear": "2017",
    "period": "Q3",
    "revenue": 7546000000,
    "costOfRevenue": 5403000000,
    "grossProfit": 2143000000,
    "grossProfitRatio": 0.2839915187,
    "researchAndDevelopmentExpenses": 508000000,
    "generalAndAdministrativeExpenses": 1285000000,
    "sellingAndMarketingExpenses": 0,
    "sellingGeneralAndAdministrativeExpenses": 1512000000,
    "otherExpenses": 0,
    "operatingExpenses": 1675000000,
    "costAndExpenses": 7078000000,
    "interestIncome": 0,
    "interestExpense": 116000000,
    "depreciationAndAmortization": 737000000,
    "ebitda": 978000000,
    "ebitdaratio": 0.1296050888,
    "operatingIncome": 468000000,
    "operatingIncomeRatio": 0.062019613,
    "totalOtherIncomeExpensesNet": -343000000,
    "incomeBeforeTax": 61000000,
    "incomeBeforeTaxRatio": 0.008083753,
    "incomeTaxExpense": -160000000,
    "netIncome": 165000000,
    "netIncomeRatio": 0.0218658892,
    "eps": 0.1,
    "epsdiluted": 0.1,
    "weightedAverageShsOut": 1641000000,
    "weightedAverageShsOutDil": 1667000000,
    "link": "https://www.sec.gov/Archives/edgar/data/1645590/000162828017009143/0001628280-17-009143-index.htm",
    "finalLink": "https://www.sec.gov/Archives/edgar/data/1645590/000162828017009143/hpe-07312017x10q.htm"
  },
  {
    "date": "2017-04-30",
    "symbol": "HPE",
    "reportedCurrency": "USD",
    "cik": "0001645590",
    "fillingDate": "2017-06-08",
    "acceptedDate": "2017-06-08 17:22:01",
    "calendarYear": "2017",
    "period": "Q2",
    "revenue": 7443000000,
    "costOfRevenue": 5034000000,
    "grossProfit": 2409000000,
    "grossProfitRatio": 0.3236598146,
    "researchAndDevelopmentExpenses": 486000000,
    "generalAndAdministrativeExpenses": 1229000000,
    "sellingAndMarketingExpenses": 0,
    "sellingGeneralAndAdministrativeExpenses": 1449000000,
    "otherExpenses": 0,
    "operatingExpenses": 1935000000,
    "costAndExpenses": 6969000000,
    "interestIncome": 0,
    "interestExpense": 77000000,
    "depreciationAndAmortization": 792000000,
    "ebitda": 970000000,
    "ebitdaratio": 0.1303237942,
    "operatingIncome": 474000000,
    "operatingIncomeRatio": 0.0636839984,
    "totalOtherIncomeExpensesNet": -373000000,
    "incomeBeforeTax": 101000000,
    "incomeBeforeTaxRatio": 0.0135697971,
    "incomeTaxExpense": 591000000,
    "netIncome": -612000000,
    "netIncomeRatio": -0.0822249093,
    "eps": -0.37,
    "epsdiluted": -0.37,
    "weightedAverageShsOut": 1648275862,
    "weightedAverageShsOutDil": 1658000000,
    "link": "https://www.sec.gov/Archives/edgar/data/1645590/000162828017006325/0001628280-17-006325-index.htm",
    "finalLink": "https://www.sec.gov/Archives/edgar/data/1645590/000162828017006325/hpe-04302017x10q.htm"
  },
  {
    "date": "2017-01-31",
    "symbol": "HPE",
    "reportedCurrency": "USD",
    "cik": "0001645590",
    "fillingDate": "2017-03-09",
    "acceptedDate": "2017-03-09 17:21:42",
    "calendarYear": "2017",
    "period": "Q1",
    "revenue": 11328000000,
    "costOfRevenue": 8210000000,
    "grossProfit": 3118000000,
    "grossProfitRatio": 0.2752471751,
    "researchAndDevelopmentExpenses": 485000000,
    "generalAndAdministrativeExpenses": 1204000000,
    "sellingAndMarketingExpenses": 0,
    "sellingGeneralAndAdministrativeExpenses": 1759000000,
    "otherExpenses": 0,
    "operatingExpenses": 2244000000,
    "costAndExpenses": 10454000000,
    "interestIncome": 0,
    "interestExpense": 92000000,
    "depreciationAndAmortization": 840000000,
    "ebitda": 1277000000,
    "ebitdaratio": 0.1127295198,
    "operatingIncome": 874000000,
    "operatingIncomeRatio": 0.0771539548,
    "totalOtherIncomeExpensesNet": -529000000,
    "incomeBeforeTax": 345000000,
    "incomeBeforeTaxRatio": 0.0304555085,
    "incomeTaxExpense": 84000000,
    "netIncome": 267000000,
    "netIncomeRatio": 0.0235699153,
    "eps": 0.16,
    "epsdiluted": 0.16,
    "weightedAverageShsOut": 1669000000,
    "weightedAverageShsOutDil": 1700000000,
    "link": "https://www.sec.gov/Archives/edgar/data/1645590/000162828017002444/0001628280-17-002444-index.htm",
    "finalLink": "https://www.sec.gov/Archives/edgar/data/1645590/000162828017002444/hpe-01312017x10q.htm"
  },
  {
    "date": "2016-10-31",
    "symbol": "HPE",
    "reportedCurrency": "USD",
    "cik": "0001645590",
    "fillingDate": "2016-12-15",
    "acceptedDate": "2016-12-15 17:26:55",
    "calendarYear": "2016",
    "period": "Q4",
    "revenue": 12483000000,
    "costOfRevenue": 8816000000,
    "grossProfit": 3667000000,
    "grossProfitRatio": 0.2937595129,
    "researchAndDevelopmentExpenses": 534000000,
    "generalAndAdministrativeExpenses": 0,
    "sellingAndMarketingExpenses": 0,
    "sellingGeneralAndAdministrativeExpenses": 1864000000,
    "otherExpenses": 0,
    "operatingExpenses": 2398000000,
    "costAndExpenses": 11214000000,
    "interestIncome": 0,
    "interestExpense": 80000000,
    "depreciationAndAmortization": 872000000,
    "ebitda": 1975000000,
    "ebitdaratio": 0.1582151726,
    "operatingIncome": 1269000000,
    "operatingIncomeRatio": 0.1016582552,
    "totalOtherIncomeExpensesNet": -279000000,
    "incomeBeforeTax": 990000000,
    "incomeBeforeTaxRatio": 0.0793078587,
    "incomeTaxExpense": 688000000,
    "netIncome": 302000000,
    "netIncomeRatio": 0.0241929023,
    "eps": 0.18,
    "epsdiluted": 0.18,
    "weightedAverageShsOut": 1672000000,
    "weightedAverageShsOutDil": 1709000000,
    "link": "https://www.sec.gov/Archives/edgar/data/1645590/000162828016022051/0001628280-16-022051-index.htm",
    "finalLink": "https://www.sec.gov/Archives/edgar/data/1645590/000162828016022051/hpe-10312016x10k.htm"
  },
  {
    "date": "2016-07-31",
    "symbol": "HPE",
    "reportedCurrency": "USD",
    "cik": "0001645590",
    "fillingDate": "2016-09-08",
    "acceptedDate": "2016-09-08 17:28:21",
    "calendarYear": "2016",
    "period": "Q3",
    "revenue": 12253000000,
    "costOfRevenue": 8848000000,
    "grossProfit": 3405000000,
    "grossProfitRatio": 0.2778911287,
    "researchAndDevelopmentExpenses": 555000000,
    "generalAndAdministrativeExpenses": 0,
    "sellingAndMarketingExpenses": 0,
    "sellingGeneralAndAdministrativeExpenses": 1938000000,
    "otherExpenses": 0,
    "operatingExpenses": 2493000000,
    "costAndExpenses": 11341000000,
    "interestIncome": 0,
    "interestExpense": 79000000,
    "depreciationAndAmortization": 954000000,
    "ebitda": 1866000000,
    "ebitdaratio": 0.1522892353,
    "operatingIncome": 912000000,
    "operatingIncomeRatio": 0.0744307517,
    "totalOtherIncomeExpensesNet": 1495000000,
    "incomeBeforeTax": 2407000000,
    "incomeBeforeTaxRatio": 0.1964416877,
    "incomeTaxExpense": 107000000,
    "netIncome": 2272000000,
    "netIncomeRatio": 0.1854239778,
    "eps": 1.35,
    "epsdiluted": 1.32,
    "weightedAverageShsOut": 1681000000,
    "weightedAverageShsOutDil": 1715000000,
    "link": "https://www.sec.gov/Archives/edgar/data/1645590/000162828016019456/0001628280-16-019456-index.htm",
    "finalLink": "https://www.sec.gov/Archives/edgar/data/1645590/000162828016019456/hpe-07312016x10q.htm"
  },
  {
    "date": "2016-04-30",
    "symbol": "HPE",
    "reportedCurrency": "USD",
    "cik": "0001645590",
    "fillingDate": "2016-06-08",
    "acceptedDate": "2016-06-08 17:26:24",
    "calendarYear": "2016",
    "period": "Q2",
    "revenue": 8509000000,
    "costOfRevenue": 5467000000,
    "grossProfit": 3042000000,
    "grossProfitRatio": 0.3575038195,
    "researchAndDevelopmentExpenses": 624000000,
    "generalAndAdministrativeExpenses": 0,
    "sellingAndMarketingExpenses": 0,
    "sellingGeneralAndAdministrativeExpenses": 2021000000,
    "otherExpenses": -3000000,
    "operatingExpenses": 2269000000,
    "costAndExpenses": 7837000000,
    "interestIncome": 0,
    "interestExpense": 0,
    "depreciationAndAmortization": 960000000,
    "ebitda": 1632000000,
    "ebitdaratio": 0.1917969209,
    "operatingIncome": 451000000,
    "operatingIncomeRatio": 0.053002703,
    "totalOtherIncomeExpensesNet": -121000000,
    "incomeBeforeTax": 363000000,
    "incomeBeforeTaxRatio": 0.0426607122,
    "incomeTaxExpense": 8000000,
    "netIncome": 320000000,
    "netIncomeRatio": 0.0376072394,
    "eps": 0.19,
    "epsdiluted": 0.18,
    "weightedAverageShsOut": 1725000000,
    "weightedAverageShsOutDil": 1751000000,
    "link": "https://www.sec.gov/Archives/edgar/data/1645590/000104746916013717/0001047469-16-013717-index.htm",
    "finalLink": "https://www.sec.gov/Archives/edgar/data/1645590/000104746916013717/a2228788z10-q.htm"
  },
  {
    "date": "2016-01-31",
    "symbol": "HPE",
    "reportedCurrency": "USD",
    "cik": "0001645590",
    "fillingDate": "2016-03-10",
    "acceptedDate": "2016-03-10 17:20:44",
    "calendarYear": "2016",
    "period": "Q1",
    "revenue": 12724000000,
    "costOfRevenue": 9112000000,
    "grossProfit": 3612000000,
    "grossProfitRatio": 0.2838729959,
    "researchAndDevelopmentExpenses": 585000000,
    "generalAndAdministrativeExpenses": 0,
    "sellingAndMarketingExpenses": 0,
    "sellingGeneralAndAdministrativeExpenses": 1998000000,
    "otherExpenses": 218000000,
    "operatingExpenses": 2801000000,
    "costAndExpenses": 11913000000,
    "interestIncome": 0,
    "interestExpense": 0,
    "depreciationAndAmortization": 989000000,
    "ebitda": 1800000000,
    "ebitdaratio": 0.1414649481,
    "operatingIncome": 384000000,
    "operatingIncomeRatio": 0.0301791889,
    "totalOtherIncomeExpensesNet": -65000000,
    "incomeBeforeTax": 319000000,
    "incomeBeforeTaxRatio": 0.0250707325,
    "incomeTaxExpense": 52000000,
    "netIncome": 267000000,
    "netIncomeRatio": 0.0209839673,
    "eps": 0.15,
    "epsdiluted": 0.15,
    "weightedAverageShsOut": 1761000000,
    "weightedAverageShsOutDil": 1778000000,
    "link": "https://www.sec.gov/Archives/edgar/data/1645590/000104746916010994/0001047469-16-010994-index.htm",
    "finalLink": "https://www.sec.gov/Archives/edgar/data/1645590/000104746916010994/a2227444z10-q.htm"
  },
  {
    "date": "2015-10-31",
    "symbol": "HPE",
    "reportedCurrency": "USD",
    "cik": "0001645590",
    "fillingDate": "2015-12-17",
    "acceptedDate": "2015-12-17 17:26:45",
    "calendarYear": "2015",
    "period": "Q4",
    "revenue": 13448000000,
    "costOfRevenue": 9463000000,
    "grossProfit": 3985000000,
    "grossProfitRatio": 0.2963265913,
    "researchAndDevelopmentExpenses": 652000000,
    "generalAndAdministrativeExpenses": 0,
    "sellingAndMarketingExpenses": 0,
    "sellingGeneralAndAdministrativeExpenses": 2038000000,
    "otherExpenses": 1176000000,
    "operatingExpenses": 3866000000,
    "costAndExpenses": 12373000000,
    "interestIncome": 0,
    "interestExpense": -2534000000,
    "depreciationAndAmortization": 988000000,
    "ebitda": 2063000000,
    "ebitdaratio": 0.1534057109,
    "operatingIncome": 119000000,
    "operatingIncomeRatio": 0.0088488995,
    "totalOtherIncomeExpensesNet": -9000000,
    "incomeBeforeTax": 110000000,
    "incomeBeforeTaxRatio": 0.008179655,
    "incomeTaxExpense": -1275000000,
    "netIncome": 1385000000,
    "netIncomeRatio": 0.1029892921,
    "eps": 0.79,
    "epsdiluted": 0.79,
    "weightedAverageShsOut": 1742520126,
    "weightedAverageShsOutDil": 1761000000,
    "link": "https://www.sec.gov/Archives/edgar/data/1645590/000104746915009279/0001047469-15-009279-index.htm",
    "finalLink": "https://www.sec.gov/Archives/edgar/data/1645590/000104746915009279/a2226746z10-k.htm"
  },
  {
    "date": "2015-07-31",
    "symbol": "HPE",
    "reportedCurrency": "USD",
    "cik": "0001645590",
    "fillingDate": "2015-07-31",
    "acceptedDate": "2015-07-31 00:00:00",
    "calendarYear": "2015",
    "period": "Q3",
    "revenue": 13057000000,
    "costOfRevenue": 9307000000,
    "grossProfit": 3750000000,
    "grossProfitRatio": 0.287202267,
    "researchAndDevelopmentExpenses": 602000000,
    "generalAndAdministrativeExpenses": 0,
    "sellingAndMarketingExpenses": 0,
    "sellingGeneralAndAdministrativeExpenses": 2040000000,
    "otherExpenses": 864000000,
    "operatingExpenses": 3506000000,
    "costAndExpenses": 12174000000,
    "interestIncome": 0,
    "interestExpense": 0,
    "depreciationAndAmortization": 989000000,
    "ebitda": 1872000000,
    "ebitdaratio": 0.1433713717,
    "operatingIncome": 244000000,
    "operatingIncomeRatio": 0.0186872942,
    "totalOtherIncomeExpensesNet": 4000000,
    "incomeBeforeTax": 248000000,
    "incomeBeforeTaxRatio": 0.0189936433,
    "incomeTaxExpense": 24000000,
    "netIncome": 224000000,
    "netIncomeRatio": 0.0171555487,
    "eps": 0.12,
    "epsdiluted": 0.12,
    "weightedAverageShsOut": 1801000000,
    "weightedAverageShsOutDil": 1826000000,
    "link": null,
    "finalLink": null
  },
  {
    "date": "2015-04-30",
    "symbol": "HPE",
    "reportedCurrency": "USD",
    "cik": "0001645590",
    "fillingDate": "2015-04-30",
    "acceptedDate": "2015-04-30 00:00:00",
    "calendarYear": "2015",
    "period": "Q2",
    "revenue": 12549000000,
    "costOfRevenue": 8965000000,
    "grossProfit": 3584000000,
    "grossProfitRatio": 0.2856004463,
    "researchAndDevelopmentExpenses": 552000000,
    "generalAndAdministrativeExpenses": 0,
    "sellingAndMarketingExpenses": 0,
    "sellingGeneralAndAdministrativeExpenses": 1974000000,
    "otherExpenses": 630000000,
    "operatingExpenses": 3156000000,
    "costAndExpenses": 11695000000,
    "interestIncome": 0,
    "interestExpense": 0,
    "depreciationAndAmortization": 973000000,
    "ebitda": 1827000000,
    "ebitdaratio": 0.14558929,
    "operatingIncome": 428000000,
    "operatingIncomeRatio": 0.0341063033,
    "totalOtherIncomeExpensesNet": -30000000,
    "incomeBeforeTax": 398000000,
    "incomeBeforeTaxRatio": 0.0317156746,
    "incomeTaxExpense": 93000000,
    "netIncome": 305000000,
    "netIncomeRatio": 0.0243047255,
    "eps": 0.17,
    "epsdiluted": 0.17,
    "weightedAverageShsOut": 1801000000,
    "weightedAverageShsOutDil": 1826000000,
    "link": null,
    "finalLink": null
  },
  {
    "date": "2015-01-31",
    "symbol": "HPE",
    "reportedCurrency": "USD",
    "cik": "0001645590",
    "fillingDate": "2015-01-31",
    "acceptedDate": "2015-01-31 00:00:00",
    "calendarYear": "2015",
    "period": "Q1",
    "revenue": 13053000000,
    "costOfRevenue": 9433000000,
    "grossProfit": 3620000000,
    "grossProfitRatio": 0.2773308818,
    "researchAndDevelopmentExpenses": 532000000,
    "generalAndAdministrativeExpenses": 0,
    "sellingAndMarketingExpenses": 0,
    "sellingGeneralAndAdministrativeExpenses": 1973000000,
    "otherExpenses": 383000000,
    "operatingExpenses": 2888000000,
    "costAndExpenses": 12141000000,
    "interestIncome": 0,
    "interestExpense": 0,
    "depreciationAndAmortization": 997000000,
    "ebitda": 1909000000,
    "ebitdaratio": 0.1462499042,
    "operatingIncome": 732000000,
    "operatingIncomeRatio": 0.0560790623,
    "totalOtherIncomeExpensesNet": -18000000,
    "incomeBeforeTax": 714000000,
    "incomeBeforeTaxRatio": 0.0547000689,
    "incomeTaxExpense": 167000000,
    "netIncome": 547000000,
    "netIncomeRatio": 0.0419060752,
    "eps": 0.3,
    "epsdiluted": 0.3,
    "weightedAverageShsOut": 1801000000,
    "weightedAverageShsOutDil": 1826000000,
    "link": null,
    "finalLink": null
  },
  {
    "date": "2014-10-31",
    "symbol": "HPE",
    "reportedCurrency": "USD",
    "cik": "0001645590",
    "fillingDate": "2014-10-31",
    "acceptedDate": "2014-10-31 00:00:00",
    "calendarYear": "2014",
    "period": "Q4",
    "revenue": 14073000000,
    "costOfRevenue": 9767000000,
    "grossProfit": 4306000000,
    "grossProfitRatio": 0.3059759824,
    "researchAndDevelopmentExpenses": 548000000,
    "generalAndAdministrativeExpenses": 0,
    "sellingAndMarketingExpenses": 0,
    "sellingGeneralAndAdministrativeExpenses": 2176000000,
    "otherExpenses": 756000000,
    "operatingExpenses": 3480000000,
    "costAndExpenses": 12697000000,
    "interestIncome": 0,
    "interestExpense": 0,
    "depreciationAndAmortization": 1031000000,
    "ebitda": 2407000000,
    "ebitdaratio": 0.171036737,
    "operatingIncome": 826000000,
    "operatingIncomeRatio": 0.058693953,
    "totalOtherIncomeExpensesNet": -28000000,
    "incomeBeforeTax": 798000000,
    "incomeBeforeTaxRatio": 0.0567043274,
    "incomeTaxExpense": 282000000,
    "netIncome": 516000000,
    "netIncomeRatio": 0.0366659561,
    "eps": 0.29,
    "epsdiluted": 0.29,
    "weightedAverageShsOut": 1801000000,
    "weightedAverageShsOutDil": 1801000000,
    "link": null,
    "finalLink": null
  },
  {
    "date": "2014-07-31",
    "symbol": "HPE",
    "reportedCurrency": "USD",
    "cik": "0001645590",
    "fillingDate": "2014-07-31",
    "acceptedDate": "2014-07-31 00:00:00",
    "calendarYear": "2014",
    "period": "Q3",
    "revenue": 13704000000,
    "costOfRevenue": 9799000000,
    "grossProfit": 3905000000,
    "grossProfitRatio": 0.2849532983,
    "researchAndDevelopmentExpenses": 574000000,
    "generalAndAdministrativeExpenses": 0,
    "sellingAndMarketingExpenses": 0,
    "sellingGeneralAndAdministrativeExpenses": 2203000000,
    "otherExpenses": 774000000,
    "operatingExpenses": 3551000000,
    "costAndExpenses": 12782000000,
    "interestIncome": 0,
    "interestExpense": 0,
    "depreciationAndAmortization": 1016000000,
    "ebitda": 1938000000,
    "ebitdaratio": 0.1414185639,
    "operatingIncome": 354000000,
    "operatingIncomeRatio": 0.0258318739,
    "totalOtherIncomeExpensesNet": -16000000,
    "incomeBeforeTax": 338000000,
    "incomeBeforeTaxRatio": 0.0246643316,
    "incomeTaxExpense": 72000000,
    "netIncome": 266000000,
    "netIncomeRatio": 0.0194103911,
    "eps": 0.15,
    "epsdiluted": 0.15,
    "weightedAverageShsOut": 1801000000,
    "weightedAverageShsOutDil": 1801000000,
    "link": null,
    "finalLink": null
  },
  {
    "date": "2014-04-30",
    "symbol": "HPE",
    "reportedCurrency": "USD",
    "cik": "0001645590",
    "fillingDate": "2014-04-30",
    "acceptedDate": "2014-04-29 20:00:00",
    "calendarYear": "2014",
    "period": "Q2",
    "revenue": 13673000000,
    "costOfRevenue": 9960000000,
    "grossProfit": 3713000000,
    "grossProfitRatio": 0.2715570833,
    "researchAndDevelopmentExpenses": 537500000,
    "generalAndAdministrativeExpenses": 0,
    "sellingAndMarketingExpenses": 0,
    "sellingGeneralAndAdministrativeExpenses": 2169000000,
    "otherExpenses": 1535500000,
    "operatingExpenses": 4242000000,
    "costAndExpenses": 13107000000,
    "interestIncome": 12000000,
    "interestExpense": 0,
    "depreciationAndAmortization": 1048500000,
    "ebitda": 1808000000,
    "ebitdaratio": 0.132231405,
    "operatingIncome": 759500000,
    "operatingIncomeRatio": 0.0555474292,
    "totalOtherIncomeExpensesNet": -23500000,
    "incomeBeforeTax": 554000000,
    "incomeBeforeTaxRatio": 0.0405178088,
    "incomeTaxExpense": 121000000,
    "netIncome": 433000000,
    "netIncomeRatio": 0.0316682513,
    "eps": 0.24,
    "epsdiluted": 0.239,
    "weightedAverageShsOut": 1801000000,
    "weightedAverageShsOutDil": 1813500000,
    "link": null,
    "finalLink": null
  },
  {
    "date": "2014-01-31",
    "symbol": "HPE",
    "reportedCurrency": "USD",
    "cik": "0001645590",
    "fillingDate": "2014-01-31",
    "acceptedDate": "2014-01-30 19:00:00",
    "calendarYear": "2014",
    "period": "Q1",
    "revenue": 13673000000,
    "costOfRevenue": 9960000000,
    "grossProfit": 3713000000,
    "grossProfitRatio": 0.2715570833,
    "researchAndDevelopmentExpenses": 537500000,
    "generalAndAdministrativeExpenses": 0,
    "sellingAndMarketingExpenses": 0,
    "sellingGeneralAndAdministrativeExpenses": 2169000000,
    "otherExpenses": 1535500000,
    "operatingExpenses": 4242000000,
    "costAndExpenses": 13107000000,
    "interestIncome": 12000000,
    "interestExpense": 0,
    "depreciationAndAmortization": 1048500000,
    "ebitda": 1808000000,
    "ebitdaratio": 0.132231405,
    "operatingIncome": 759500000,
    "operatingIncomeRatio": 0.0555474292,
    "totalOtherIncomeExpensesNet": -23500000,
    "incomeBeforeTax": 554000000,
    "incomeBeforeTaxRatio": 0.0405178088,
    "incomeTaxExpense": 121000000,
    "netIncome": 433000000,
    "netIncomeRatio": 0.0316682513,
    "eps": 0.24,
    "epsdiluted": 0.238,
    "weightedAverageShsOut": 1801000000,
    "weightedAverageShsOutDil": 1819750000,
    "link": null,
    "finalLink": null
  }
]