[
  {
    "date": "2025-07-31",
    "symbol": "HPQ",
    "reportedCurrency": "USD",
    "cik": "0000047217",
    "fillingDate": "2025-08-28",
    "acceptedDate": "2025-08-27 17:37:25",
    "calendarYear": "2025",
    "period": "Q3",
    "revenue": 13932000000,
    "costOfRevenue": 11081000000,
    "grossProfit": 2851000000,
    "grossProfitRatio": 0.2046368073,
    "researchAndDevelopmentExpenses": 406000000,
    "generalAndAdministrativeExpenses": 0,
    "sellingAndMarketingExpenses": 0,
    "sellingGeneralAndAdministrativeExpenses": 1452000000,
    "otherExpenses": 277000000,
    "operatingExpenses": 2135000000,
    "costAndExpenses": 13216000000,
    "interestIncome": 0,
    "interestExpense": 143000000,
    "depreciationAndAmortization": 306000000,
    "ebitda": 1073000000,
    "ebitdaratio": 0.0770169394,
    "operatingIncome": 716000000,
    "operatingIncomeRatio": 0.0513924777,
    "totalOtherIncomeExpensesNet": -92000000,
    "incomeBeforeTax": 624000000,
    "incomeBeforeTaxRatio": 0.044788975,
    "incomeTaxExpense": -139000000,
    "netIncome": 763000000,
    "netIncomeRatio": 0.0547660063,
    "eps": 0.81,
    "epsdiluted": 0.8,
    "weightedAverageShsOut": 947000000,
    "weightedAverageShsOutDil": 954000000,
    "link": "https://www.sec.gov/Archives/edgar/data/47217/000004721725000063/0000047217-25-000063-index.htm",
    "finalLink": "https://www.sec.gov/Archives/edgar/data/47217/000004721725000063/hpq-20250731.htm"
  },
  {
    "date": "2025-04-30",
    "symbol": "HPQ",
    "reportedCurrency": "USD",
    "cik": "0000047217",
    "fillingDate": "2025-05-29",
    "acceptedDate": "2025-05-28 18:41:59",
    "calendarYear": "2025",
    "period": "Q2",
    "revenue": 13220000000,
    "costOfRevenue": 10481000000,
    "grossProfit": 2739000000,
    "grossProfitRatio": 0.2071860817,
    "researchAndDevelopmentExpenses": 401000000,
    "generalAndAdministrativeExpenses": 0,
    "sellingAndMarketingExpenses": 0,
    "sellingGeneralAndAdministrativeExpenses": 1480000000,
    "otherExpenses": 204000000,
    "operatingExpenses": 2085000000,
    "costAndExpenses": 12566000000,
    "interestIncome": 0,
    "interestExpense": 146000000,
    "depreciationAndAmortization": 205000000,
    "ebitda": 857000000,
    "ebitdaratio": 0.0648260212,
    "operatingIncome": 654000000,
    "operatingIncomeRatio": 0.0494704992,
    "totalOtherIncomeExpensesNet": -148000000,
    "incomeBeforeTax": 506000000,
    "incomeBeforeTaxRatio": 0.0382753404,
    "incomeTaxExpense": 100000000,
    "netIncome": 406000000,
    "netIncomeRatio": 0.0307110439,
    "eps": 0.43,
    "epsdiluted": 0.42,
    "weightedAverageShsOut": 950000000,
    "weightedAverageShsOutDil": 956000000,
    "link": "https://www.sec.gov/Archives/edgar/data/47217/000004721725000043/0000047217-25-000043-index.htm",
    "finalLink": "https://www.sec.gov/Archives/edgar/data/47217/000004721725000043/hpq-20250430.htm"
  },
  {
    "date": "2025-01-31",
    "symbol": "HPQ",
    "reportedCurrency": "USD",
    "cik": "0000047217",
    "fillingDate": "2025-02-28",
    "acceptedDate": "2025-02-27 18:38:14",
    "calendarYear": "2025",
    "period": "Q1",
    "revenue": 13504000000,
    "costOfRevenue": 10664000000,
    "grossProfit": 2840000000,
    "grossProfitRatio": 0.2103080569,
    "researchAndDevelopmentExpenses": 397000000,
    "generalAndAdministrativeExpenses": 0,
    "sellingAndMarketingExpenses": 0,
    "sellingGeneralAndAdministrativeExpenses": 1459000000,
    "otherExpenses": 139000000,
    "operatingExpenses": 1995000000,
    "costAndExpenses": 12659000000,
    "interestIncome": 0,
    "interestExpense": 141000000,
    "depreciationAndAmortization": 197000000,
    "ebitda": 1042000000,
    "ebitdaratio": 0.0771623223,
    "operatingIncome": 845000000,
    "operatingIncomeRatio": 0.0625740521,
    "totalOtherIncomeExpensesNet": -141000000,
    "incomeBeforeTax": 704000000,
    "incomeBeforeTaxRatio": 0.0521327014,
    "incomeTaxExpense": 139000000,
    "netIncome": 565000000,
    "netIncomeRatio": 0.041839455,
    "eps": 0.6,
    "epsdiluted": 0.59,
    "weightedAverageShsOut": 948000000,
    "weightedAverageShsOutDil": 957000000,
    "link": "https://www.sec.gov/Archives/edgar/data/47217/000004721725000025/0000047217-25-000025-index.htm",
    "finalLink": "https://www.sec.gov/Archives/edgar/data/47217/000004721725000025/hpq-20250131.htm"
  },
  {
    "date": "2024-10-31",
    "symbol": "HPQ",
    "reportedCurrency": "USD",
    "cik": "0000047217",
    "fillingDate": "2024-12-13",
    "acceptedDate": "2024-12-12 20:31:46",
    "calendarYear": "2024",
    "period": "Q4",
    "revenue": 14055000000,
    "costOfRevenue": 11054000000,
    "grossProfit": 3001000000,
    "grossProfitRatio": 0.2135183209,
    "researchAndDevelopmentExpenses": 392000000,
    "generalAndAdministrativeExpenses": 0,
    "sellingAndMarketingExpenses": 0,
    "sellingGeneralAndAdministrativeExpenses": 1409000000,
    "otherExpenses": 209000000,
    "operatingExpenses": 2010000000,
    "costAndExpenses": 13064000000,
    "interestIncome": 0,
    "interestExpense": 147000000,
    "depreciationAndAmortization": 208000000,
    "ebitda": 1217000000,
    "ebitdaratio": 0.0865884027,
    "operatingIncome": 991000000,
    "operatingIncomeRatio": 0.0705087158,
    "totalOtherIncomeExpensesNet": -129000000,
    "incomeBeforeTax": 862000000,
    "incomeBeforeTaxRatio": 0.0613304874,
    "incomeTaxExpense": -44000000,
    "netIncome": 906000000,
    "netIncomeRatio": 0.0644610459,
    "eps": 0.93,
    "epsdiluted": 0.92,
    "weightedAverageShsOut": 979000000,
    "weightedAverageShsOutDil": 989000000,
    "link": "https://www.sec.gov/Archives/edgar/data/47217/000004721724000080/0000047217-24-000080-index.htm",
    "finalLink": "https://www.sec.gov/Archives/edgar/data/47217/000004721724000080/hpq-20241031.htm"
  },
  {
    "date": "2024-07-31",
    "symbol": "HPQ",
    "reportedCurrency": "USD",
    "cik": "0000047217",
    "fillingDate": "2024-08-29",
    "acceptedDate": "2024-08-28 18:14:19",
    "calendarYear": "2024",
    "period": "Q3",
    "revenue": 13519000000,
    "costOfRevenue": 10613000000,
    "grossProfit": 2906000000,
    "grossProfitRatio": 0.2149567276,
    "researchAndDevelopmentExpenses": 413000000,
    "generalAndAdministrativeExpenses": 0,
    "sellingAndMarketingExpenses": 0,
    "sellingGeneralAndAdministrativeExpenses": 1404000000,
    "otherExpenses": 149000000,
    "operatingExpenses": 1966000000,
    "costAndExpenses": 12579000000,
    "interestIncome": 0,
    "interestExpense": 149000000,
    "depreciationAndAmortization": 208000000,
    "ebitda": 1184000000,
    "ebitdaratio": 0.0875804423,
    "operatingIncome": 940000000,
    "operatingIncomeRatio": 0.0695317701,
    "totalOtherIncomeExpensesNet": -113000000,
    "incomeBeforeTax": 827000000,
    "incomeBeforeTaxRatio": 0.0611731637,
    "incomeTaxExpense": 187000000,
    "netIncome": 640000000,
    "netIncomeRatio": 0.0473407796,
    "eps": 0.65,
    "epsdiluted": 0.65,
    "weightedAverageShsOut": 979000000,
    "weightedAverageShsOutDil": 990000000,
    "link": "https://www.sec.gov/Archives/edgar/data/47217/000004721724000070/0000047217-24-000070-index.htm",
    "finalLink": "https://www.sec.gov/Archives/edgar/data/47217/000004721724000070/hpq-20240731.htm"
  },
  {
    "date": "2024-04-30",
    "symbol": "HPQ",
    "reportedCurrency": "USD",
    "cik": "0000047217",
    "fillingDate": "2024-05-30",
    "acceptedDate": "2024-05-29 18:45:57",
    "calendarYear": "2024",
    "period": "Q2",
    "revenue": 12800000000,
    "costOfRevenue": 9777000000,
    "grossProfit": 3023000000,
    "grossProfitRatio": 0.236171875,
    "researchAndDevelopmentExpenses": 436000000,
    "generalAndAdministrativeExpenses": 0,
    "sellingAndMarketingExpenses": 0,
    "sellingGeneralAndAdministrativeExpenses": 1462000000,
    "otherExpenses": 173000000,
    "operatingExpenses": 2071000000,
    "costAndExpenses": 11848000000,
    "interestIncome": 0,
    "interestExpense": 162000000,
    "depreciationAndAmortization": 209000000,
    "ebitda": 1168000000,
    "ebitdaratio": 0.09125,
    "operatingIncome": 952000000,
    "operatingIncomeRatio": 0.074375,
    "totalOtherIncomeExpensesNet": -155000000,
    "incomeBeforeTax": 797000000,
    "incomeBeforeTaxRatio": 0.062265625,
    "incomeTaxExpense": 190000000,
    "netIncome": 607000000,
    "netIncomeRatio": 0.047421875,
    "eps": 0.62,
    "epsdiluted": 0.61,
    "weightedAverageShsOut": 984000000,
    "weightedAverageShsOutDil": 990000000,
    "link": "https://www.sec.gov/Archives/edgar/data/47217/000004721724000041/0000047217-24-000041-index.htm",
    "finalLink": "https://www.sec.gov/Archives/edgar/data/47217/000004721724000041/hpq-20240430.htm"
  },
  {
    "date": "2024-01-31",
    "symbol": "HPQ",
    "reportedCurrency": "USD",
    "cik": "0000047217",
    "fillingDate": "2024-02-28",
    "acceptedDate": "2024-02-28 17:27:33",
    "calendarYear": "2024",
    "period": "Q1",
    "revenue": 13185000000,
    "costOfRevenue": 10297000000,
    "grossProfit": 2888000000,
    "grossProfitRatio": 0.2190367842,
    "researchAndDevelopmentExpenses": 399000000,
    "generalAndAdministrativeExpenses": 0,
    "sellingAndMarketingExpenses": 0,
    "sellingGeneralAndAdministrativeExpenses": 1383000000,
    "otherExpenses": 171000000,
    "operatingExpenses": 1953000000,
    "costAndExpenses": 12250000000,
    "interestIncome": 0,
    "interestExpense": 156000000,
    "depreciationAndAmortization": 205000000,
    "ebitda": 1154000000,
    "ebitdaratio": 0.0875237012,
    "operatingIncome": 935000000,
    "operatingIncomeRatio": 0.0709139173,
    "totalOtherIncomeExpensesNet": -142000000,
    "incomeBeforeTax": 793000000,
    "incomeBeforeTaxRatio": 0.0601441031,
    "incomeTaxExpense": 171000000,
    "netIncome": 622000000,
    "netIncomeRatio": 0.0471748199,
    "eps": 0.63,
    "epsdiluted": 0.62,
    "weightedAverageShsOut": 995000000,
    "weightedAverageShsOutDil": 1002000000,
    "link": "https://www.sec.gov/Archives/edgar/data/47217/000004721724000024/0000047217-24-000024-index.htm",
    "finalLink": "https://www.sec.gov/Archives/edgar/data/47217/000004721724000024/hpq-20240131.htm"
  },
  {
    "date": "2023-10-31",
    "symbol": "HPQ",
    "reportedCurrency": "USD",
    "cik": "0000047217",
    "fillingDate": "2023-12-18",
    "acceptedDate": "2023-12-15 21:31:21",
    "calendarYear": "2023",
    "period": "Q4",
    "revenue": 13817000000,
    "costOfRevenue": 10832000000,
    "grossProfit": 2985000000,
    "grossProfitRatio": 0.2160382138,
    "researchAndDevelopmentExpenses": 411000000,
    "generalAndAdministrativeExpenses": 0,
    "sellingAndMarketingExpenses": 0,
    "sellingGeneralAndAdministrativeExpenses": 1326000000,
    "otherExpenses": 234000000,
    "operatingExpenses": 1971000000,
    "costAndExpenses": 12803000000,
    "interestIncome": 0,
    "interestExpense": 156000000,
    "depreciationAndAmortization": 212000000,
    "ebitda": 1220000000,
    "ebitdaratio": 0.0882970254,
    "operatingIncome": 1014000000,
    "operatingIncomeRatio": 0.0733878555,
    "totalOtherIncomeExpensesNet": -162000000,
    "incomeBeforeTax": 852000000,
    "incomeBeforeTaxRatio": 0.0616631686,
    "incomeTaxExpense": -122000000,
    "netIncome": 974000000,
    "netIncomeRatio": 0.0704928711,
    "eps": 0.98,
    "epsdiluted": 0.97,
    "weightedAverageShsOut": 994000000,
    "weightedAverageShsOutDil": 1004000000,
    "link": "https://www.sec.gov/Archives/edgar/data/47217/000004721723000100/0000047217-23-000100-index.htm",
    "finalLink": "https://www.sec.gov/Archives/edgar/data/47217/000004721723000100/hpq-20231031.htm"
  },
  {
    "date": "2023-07-31",
    "symbol": "HPQ",
    "reportedCurrency": "USD",
    "cik": "0000047217",
    "fillingDate": "2023-09-11",
    "acceptedDate": "2023-09-11 17:10:21",
    "calendarYear": "2023",
    "period": "Q3",
    "revenue": 13196000000,
    "costOfRevenue": 10374000000,
    "grossProfit": 2822000000,
    "grossProfitRatio": 0.2138526826,
    "researchAndDevelopmentExpenses": 354000000,
    "generalAndAdministrativeExpenses": 0,
    "sellingAndMarketingExpenses": 0,
    "sellingGeneralAndAdministrativeExpenses": 1302000000,
    "otherExpenses": 214000000,
    "operatingExpenses": 1870000000,
    "costAndExpenses": 12244000000,
    "interestIncome": 0,
    "interestExpense": 171000000,
    "depreciationAndAmortization": 217000000,
    "ebitda": 1324000000,
    "ebitdaratio": 0.1003334344,
    "operatingIncome": 952000000,
    "operatingIncomeRatio": 0.0721430737,
    "totalOtherIncomeExpensesNet": -16000000,
    "incomeBeforeTax": 936000000,
    "incomeBeforeTaxRatio": 0.070930585,
    "incomeTaxExpense": 170000000,
    "netIncome": 766000000,
    "netIncomeRatio": 0.0580478933,
    "eps": 0.77,
    "epsdiluted": 0.76,
    "weightedAverageShsOut": 993000000,
    "weightedAverageShsOutDil": 1002000000,
    "link": "https://www.sec.gov/Archives/edgar/data/47217/000004721723000076/0000047217-23-000076-index.htm",
    "finalLink": "https://www.sec.gov/Archives/edgar/data/47217/000004721723000076/hpq-20230731.htm"
  },
  {
    "date": "2023-04-30",
    "symbol": "HPQ",
    "reportedCurrency": "USD",
    "cik": "0000047217",
    "fillingDate": "2023-05-31",
    "acceptedDate": "2023-05-30 20:58:39",
    "calendarYear": "2023",
    "period": "Q2",
    "revenue": 12907000000,
    "costOfRevenue": 9993000000,
    "grossProfit": 2914000000,
    "grossProfitRatio": 0.2257689626,
    "researchAndDevelopmentExpenses": 410000000,
    "generalAndAdministrativeExpenses": 0,
    "sellingAndMarketingExpenses": 0,
    "sellingGeneralAndAdministrativeExpenses": 1397000000,
    "otherExpenses": 360000000,
    "operatingExpenses": 2167000000,
    "costAndExpenses": 12160000000,
    "interestIncome": 0,
    "interestExpense": 183000000,
    "depreciationAndAmortization": 212000000,
    "ebitda": 982000000,
    "ebitdaratio": 0.0760827458,
    "operatingIncome": 747000000,
    "operatingIncomeRatio": 0.0578755714,
    "totalOtherIncomeExpensesNet": -160000000,
    "incomeBeforeTax": 587000000,
    "incomeBeforeTaxRatio": 0.0454791973,
    "incomeTaxExpense": -467000000,
    "netIncome": 1054000000,
    "netIncomeRatio": 0.0816611141,
    "eps": 1.08,
    "epsdiluted": 1.07,
    "weightedAverageShsOut": 991000000,
    "weightedAverageShsOutDil": 998000000,
    "link": "https://www.sec.gov/Archives/edgar/data/47217/000004721723000038/0000047217-23-000038-index.htm",
    "finalLink": "https://www.sec.gov/Archives/edgar/data/47217/000004721723000038/hpq-20230430.htm"
  },
  {
    "date": "2023-01-31",
    "symbol": "HPQ",
    "reportedCurrency": "USD",
    "cik": "0000047217",
    "fillingDate": "2023-03-01",
    "acceptedDate": "2023-03-01 16:17:04",
    "calendarYear": "2023",
    "period": "Q1",
    "revenue": 13798000000,
    "costOfRevenue": 11011000000,
    "grossProfit": 2787000000,
    "grossProfitRatio": 0.201985795,
    "researchAndDevelopmentExpenses": 403000000,
    "generalAndAdministrativeExpenses": 0,
    "sellingAndMarketingExpenses": 0,
    "sellingGeneralAndAdministrativeExpenses": 1331000000,
    "otherExpenses": 310000000,
    "operatingExpenses": 2044000000,
    "costAndExpenses": 13055000000,
    "interestIncome": 0,
    "interestExpense": 175000000,
    "depreciationAndAmortization": 209000000,
    "ebitda": 946000000,
    "ebitdaratio": 0.068560661,
    "operatingIncome": 743000000,
    "operatingIncomeRatio": 0.0538483838,
    "totalOtherIncomeExpensesNet": -181000000,
    "incomeBeforeTax": 562000000,
    "incomeBeforeTaxRatio": 0.0407305407,
    "incomeTaxExpense": 93000000,
    "netIncome": 469000000,
    "netIncomeRatio": 0.0339904334,
    "eps": 0.47,
    "epsdiluted": 0.47,
    "weightedAverageShsOut": 989000000,
    "weightedAverageShsOutDil": 996000000,
    "link": "https://www.sec.gov/Archives/edgar/data/47217/000004721723000019/0000047217-23-000019-index.htm",
    "finalLink": "https://www.sec.gov/Archives/edgar/data/47217/000004721723000019/hpq-20230131.htm"
  },
  {
    "date": "2022-10-31",
    "symbol": "HPQ",
    "reportedCurrency": "USD",
    "cik": "0000047217",
    "fillingDate": "2023-09-11",
    "acceptedDate": "2023-09-11 17:08:38",
    "calendarYear": "2022",
    "period": "Q4",
    "revenue": 14801000000,
    "costOfRevenue": 12084000000,
    "grossProfit": 2717000000,
    "grossProfitRatio": 0.1835686778,
    "researchAndDevelopmentExpenses": 382000000,
    "generalAndAdministrativeExpenses": 0,
    "sellingAndMarketingExpenses": 0,
    "sellingGeneralAndAdministrativeExpenses": 1189000000,
    "otherExpenses": 379000000,
    "operatingExpenses": 1950000000,
    "costAndExpenses": 14034000000,
    "interestIncome": 0,
    "interestExpense": 130000000,
    "depreciationAndAmortization": 209000000,
    "ebitda": 1012000000,
    "ebitdaratio": 0.0683737585,
    "operatingIncome": 767000000,
    "operatingIncomeRatio": 0.0518208229,
    "totalOtherIncomeExpensesNet": -94000000,
    "incomeBeforeTax": 673000000,
    "incomeBeforeTaxRatio": 0.0454699007,
    "incomeTaxExpense": 675000000,
    "netIncome": -2000000,
    "netIncomeRatio": -0.000135126,
    "eps": -0.002,
    "epsdiluted": -0.002,
    "weightedAverageShsOut": 979869000,
    "weightedAverageShsOutDil": 979869000,
    "link": "https://www.sec.gov/Archives/edgar/data/47217/000004721723000075/0000047217-23-000075-index.htm",
    "finalLink": "https://www.sec.gov/Archives/edgar/data/47217/000004721723000075/hpq-20221031.htm"
  },
  {
    "date": "2022-07-31",
    "symbol": "HPQ",
    "reportedCurrency": "USD",
    "cik": "0000047217",
    "fillingDate": "2022-09-02",
    "acceptedDate": "2022-09-02 16:19:25",
    "calendarYear": "2022",
    "period": "Q3",
    "revenue": 14648000000,
    "costOfRevenue": 11764000000,
    "grossProfit": 2884000000,
    "grossProfitRatio": 0.196886947,
    "researchAndDevelopmentExpenses": 368000000,
    "generalAndAdministrativeExpenses": 0,
    "sellingAndMarketingExpenses": 0,
    "sellingGeneralAndAdministrativeExpenses": 1143000000,
    "otherExpenses": 117000000,
    "operatingExpenses": 1628000000,
    "costAndExpenses": 13392000000,
    "interestIncome": 0,
    "interestExpense": 96000000,
    "depreciationAndAmortization": 181000000,
    "ebitda": 1463000000,
    "ebitdaratio": 0.0998771163,
    "operatingIncome": 1256000000,
    "operatingIncomeRatio": 0.0857454943,
    "totalOtherIncomeExpensesNet": -70000000,
    "incomeBeforeTax": 1186000000,
    "incomeBeforeTaxRatio": 0.0809666849,
    "incomeTaxExpense": 64000000,
    "netIncome": 1119000000,
    "netIncomeRatio": 0.0763926816,
    "eps": 1.09,
    "epsdiluted": 1.08,
    "weightedAverageShsOut": 1024000000,
    "weightedAverageShsOutDil": 1035000000,
    "link": "https://www.sec.gov/Archives/edgar/data/47217/000004721722000054/0000047217-22-000054-index.htm",
    "finalLink": "https://www.sec.gov/Archives/edgar/data/47217/000004721722000054/hpq-20220731.htm"
  },
  {
    "date": "2022-04-30",
    "symbol": "HPQ",
    "reportedCurrency": "USD",
    "cik": "0000047217",
    "fillingDate": "2022-06-03",
    "acceptedDate": "2022-06-03 16:16:45",
    "calendarYear": "2022",
    "period": "Q2",
    "revenue": 16490000000,
    "costOfRevenue": 13157000000,
    "grossProfit": 3333000000,
    "grossProfitRatio": 0.2021224985,
    "researchAndDevelopmentExpenses": 425000000,
    "generalAndAdministrativeExpenses": 0,
    "sellingAndMarketingExpenses": 0,
    "sellingGeneralAndAdministrativeExpenses": 1464000000,
    "otherExpenses": 166000000,
    "operatingExpenses": 2055000000,
    "costAndExpenses": 15212000000,
    "interestIncome": 0,
    "interestExpense": 74000000,
    "depreciationAndAmortization": 193000000,
    "ebitda": 1506000000,
    "ebitdaratio": 0.0913280776,
    "operatingIncome": 1278000000,
    "operatingIncomeRatio": 0.0775015161,
    "totalOtherIncomeExpensesNet": -39000000,
    "incomeBeforeTax": 1239000000,
    "incomeBeforeTaxRatio": 0.0751364463,
    "incomeTaxExpense": 239000000,
    "netIncome": 1000000000,
    "netIncomeRatio": 0.0606428138,
    "eps": 0.95,
    "epsdiluted": 0.94,
    "weightedAverageShsOut": 1050000000,
    "weightedAverageShsOutDil": 1062000000,
    "link": "https://www.sec.gov/Archives/edgar/data/47217/000004721722000037/0000047217-22-000037-index.htm",
    "finalLink": "https://www.sec.gov/Archives/edgar/data/47217/000004721722000037/hpq-20220430.htm"
  },
  {
    "date": "2022-01-31",
    "symbol": "HPQ",
    "reportedCurrency": "USD",
    "cik": "0000047217",
    "fillingDate": "2022-03-07",
    "acceptedDate": "2022-03-07 16:16:24",
    "calendarYear": "2022",
    "period": "Q1",
    "revenue": 17028000000,
    "costOfRevenue": 13643000000,
    "grossProfit": 3385000000,
    "grossProfitRatio": 0.1987902279,
    "researchAndDevelopmentExpenses": 418000000,
    "generalAndAdministrativeExpenses": 0,
    "sellingAndMarketingExpenses": 0,
    "sellingGeneralAndAdministrativeExpenses": 1468000000,
    "otherExpenses": 140000000,
    "operatingExpenses": 2026000000,
    "costAndExpenses": 15669000000,
    "interestIncome": 0,
    "interestExpense": 61000000,
    "depreciationAndAmortization": 197000000,
    "ebitda": 1585000000,
    "ebitdaratio": 0.0930819826,
    "operatingIncome": 1359000000,
    "operatingIncomeRatio": 0.0798097252,
    "totalOtherIncomeExpensesNet": -32000000,
    "incomeBeforeTax": 1327000000,
    "incomeBeforeTaxRatio": 0.0779304675,
    "incomeTaxExpense": 241000000,
    "netIncome": 1086000000,
    "netIncomeRatio": 0.063777308,
    "eps": 1,
    "epsdiluted": 0.99,
    "weightedAverageShsOut": 1081000000,
    "weightedAverageShsOutDil": 1094000000,
    "link": "https://www.sec.gov/Archives/edgar/data/47217/000004721722000013/0000047217-22-000013-index.htm",
    "finalLink": "https://www.sec.gov/Archives/edgar/data/47217/000004721722000013/hpq-20220131.htm"
  },
  {
    "date": "2021-10-31",
    "symbol": "HPQ",
    "reportedCurrency": "USD",
    "cik": "0000047217",
    "fillingDate": "2021-12-09",
    "acceptedDate": "2021-12-09 16:46:38",
    "calendarYear": "2021",
    "period": "Q4",
    "revenue": 16675000000,
    "costOfRevenue": 13410000000,
    "grossProfit": 3265000000,
    "grossProfitRatio": 0.195802099,
    "researchAndDevelopmentExpenses": 445000000,
    "generalAndAdministrativeExpenses": 0,
    "sellingAndMarketingExpenses": 0,
    "sellingGeneralAndAdministrativeExpenses": 1474000000,
    "otherExpenses": 108000000,
    "operatingExpenses": 2027000000,
    "costAndExpenses": 15437000000,
    "interestIncome": 0,
    "interestExpense": 61000000,
    "depreciationAndAmortization": 200000000,
    "ebitda": 3814000000,
    "ebitdaratio": 0.2287256372,
    "operatingIncome": 1238000000,
    "operatingIncomeRatio": 0.0742428786,
    "totalOtherIncomeExpensesNet": 2315000000,
    "incomeBeforeTax": 3553000000,
    "incomeBeforeTaxRatio": 0.2130734633,
    "incomeTaxExpense": 454000000,
    "netIncome": 3099000000,
    "netIncomeRatio": 0.1858470765,
    "eps": 2.75,
    "epsdiluted": 2.71,
    "weightedAverageShsOut": 1128000000,
    "weightedAverageShsOutDil": 1142000000,
    "link": "https://www.sec.gov/Archives/edgar/data/47217/000004721721000060/0000047217-21-000060-index.htm",
    "finalLink": "https://www.sec.gov/Archives/edgar/data/47217/000004721721000060/hpq-20211031.htm"
  },
  {
    "date": "2021-07-31",
    "symbol": "HPQ",
    "reportedCurrency": "USD",
    "cik": "0000047217",
    "fillingDate": "2021-09-03",
    "acceptedDate": "2021-09-03 16:11:26",
    "calendarYear": "2021",
    "period": "Q3",
    "revenue": 15289000000,
    "costOfRevenue": 11901000000,
    "grossProfit": 3388000000,
    "grossProfitRatio": 0.2215972268,
    "researchAndDevelopmentExpenses": 477000000,
    "generalAndAdministrativeExpenses": 0,
    "sellingAndMarketingExpenses": 0,
    "sellingGeneralAndAdministrativeExpenses": 1408000000,
    "otherExpenses": 122000000,
    "operatingExpenses": 2007000000,
    "costAndExpenses": 13908000000,
    "interestIncome": 0,
    "interestExpense": 68000000,
    "depreciationAndAmortization": 196000000,
    "ebitda": 1590000000,
    "ebitdaratio": 0.1039963372,
    "operatingIncome": 1381000000,
    "operatingIncomeRatio": 0.0903263784,
    "totalOtherIncomeExpensesNet": -55000000,
    "incomeBeforeTax": 1326000000,
    "incomeBeforeTaxRatio": 0.0867290209,
    "incomeTaxExpense": 218000000,
    "netIncome": 1108000000,
    "netIncomeRatio": 0.0724704036,
    "eps": 0.94,
    "epsdiluted": 0.92,
    "weightedAverageShsOut": 1185000000,
    "weightedAverageShsOutDil": 1199000000,
    "link": "https://www.sec.gov/Archives/edgar/data/47217/000004721721000048/0000047217-21-000048-index.htm",
    "finalLink": "https://www.sec.gov/Archives/edgar/data/47217/000004721721000048/hpq-20210731.htm"
  },
  {
    "date": "2021-04-30",
    "symbol": "HPQ",
    "reportedCurrency": "USD",
    "cik": "0000047217",
    "fillingDate": "2021-06-04",
    "acceptedDate": "2021-06-04 16:08:30",
    "calendarYear": "2021",
    "period": "Q2",
    "revenue": 15877000000,
    "costOfRevenue": 12437000000,
    "grossProfit": 3440000000,
    "grossProfitRatio": 0.2166656169,
    "researchAndDevelopmentExpenses": 514000000,
    "generalAndAdministrativeExpenses": 0,
    "sellingAndMarketingExpenses": 0,
    "sellingGeneralAndAdministrativeExpenses": 1483000000,
    "otherExpenses": 81000000,
    "operatingExpenses": 2078000000,
    "costAndExpenses": 14515000000,
    "interestIncome": 0,
    "interestExpense": 64000000,
    "depreciationAndAmortization": 186000000,
    "ebitda": 1586000000,
    "ebitdaratio": 0.0998929269,
    "operatingIncome": 1362000000,
    "operatingIncomeRatio": 0.0857844681,
    "totalOtherIncomeExpensesNet": -26000000,
    "incomeBeforeTax": 1336000000,
    "incomeBeforeTaxRatio": 0.0841468791,
    "incomeTaxExpense": 108000000,
    "netIncome": 1228000000,
    "netIncomeRatio": 0.0773445865,
    "eps": 1,
    "epsdiluted": 0.98,
    "weightedAverageShsOut": 1234000000,
    "weightedAverageShsOutDil": 1247000000,
    "link": "https://www.sec.gov/Archives/edgar/data/47217/000004721721000031/0000047217-21-000031-index.htm",
    "finalLink": "https://www.sec.gov/Archives/edgar/data/47217/000004721721000031/hpq-20210430.htm"
  },
  {
    "date": "2021-01-31",
    "symbol": "HPQ",
    "reportedCurrency": "USD",
    "cik": "0000047217",
    "fillingDate": "2021-03-05",
    "acceptedDate": "2021-03-05 16:11:24",
    "calendarYear": "2021",
    "period": "Q1",
    "revenue": 15646000000,
    "costOfRevenue": 12322000000,
    "grossProfit": 3324000000,
    "grossProfitRatio": 0.2124504666,
    "researchAndDevelopmentExpenses": 471000000,
    "generalAndAdministrativeExpenses": 0,
    "sellingAndMarketingExpenses": 0,
    "sellingGeneralAndAdministrativeExpenses": 1376000000,
    "otherExpenses": 156000000,
    "operatingExpenses": 2003000000,
    "costAndExpenses": 14325000000,
    "interestIncome": 0,
    "interestExpense": 63000000,
    "depreciationAndAmortization": 203000000,
    "ebitda": 1562000000,
    "ebitdaratio": 0.0998338233,
    "operatingIncome": 1321000000,
    "operatingIncomeRatio": 0.0844305254,
    "totalOtherIncomeExpensesNet": -25000000,
    "incomeBeforeTax": 1296000000,
    "incomeBeforeTaxRatio": 0.0828326729,
    "incomeTaxExpense": 228000000,
    "netIncome": 1068000000,
    "netIncomeRatio": 0.0682602582,
    "eps": 0.83,
    "epsdiluted": 0.83,
    "weightedAverageShsOut": 1285000000,
    "weightedAverageShsOutDil": 1293000000,
    "link": "https://www.sec.gov/Archives/edgar/data/47217/000004721721000012/0000047217-21-000012-index.htm",
    "finalLink": "https://www.sec.gov/Archives/edgar/data/47217/000004721721000012/hpq-20210131.htm"
  },
  {
    "date": "2020-10-31",
    "symbol": "HPQ",
    "reportedCurrency": "USD",
    "cik": "0000047217",
    "fillingDate": "2020-12-10",
    "acceptedDate": "2020-12-10 16:12:57",
    "calendarYear": "2020",
    "period": "Q4",
    "revenue": 15258000000,
    "costOfRevenue": 12579000000,
    "grossProfit": 2679000000,
    "grossProfitRatio": 0.1755800236,
    "researchAndDevelopmentExpenses": 381000000,
    "generalAndAdministrativeExpenses": 0,
    "sellingAndMarketingExpenses": 0,
    "sellingGeneralAndAdministrativeExpenses": 1244000000,
    "otherExpenses": 62000000,
    "operatingExpenses": 1687000000,
    "costAndExpenses": 14266000000,
    "interestIncome": 0,
    "interestExpense": 63000000,
    "depreciationAndAmortization": 196000000,
    "ebitda": 1035000000,
    "ebitdaratio": 0.0678332678,
    "operatingIncome": 992000000,
    "operatingIncomeRatio": 0.0650150741,
    "totalOtherIncomeExpensesNet": -216000000,
    "incomeBeforeTax": 776000000,
    "incomeBeforeTaxRatio": 0.050858566,
    "incomeTaxExpense": 108000000,
    "netIncome": 668000000,
    "netIncomeRatio": 0.043780312,
    "eps": 0.5,
    "epsdiluted": 0.49,
    "weightedAverageShsOut": 1347000000,
    "weightedAverageShsOutDil": 1356000000,
    "link": "https://www.sec.gov/Archives/edgar/data/47217/000004721720000045/0000047217-20-000045-index.htm",
    "finalLink": "https://www.sec.gov/Archives/edgar/data/47217/000004721720000045/hpq-20201031.htm"
  },
  {
    "date": "2020-07-31",
    "symbol": "HPQ",
    "reportedCurrency": "USD",
    "cik": "0000047217",
    "fillingDate": "2020-09-04",
    "acceptedDate": "2020-09-04 16:08:36",
    "calendarYear": "2020",
    "period": "Q3",
    "revenue": 14294000000,
    "costOfRevenue": 11901000000,
    "grossProfit": 2393000000,
    "grossProfitRatio": 0.1674129005,
    "researchAndDevelopmentExpenses": 359000000,
    "generalAndAdministrativeExpenses": 0,
    "sellingAndMarketingExpenses": 0,
    "sellingGeneralAndAdministrativeExpenses": 1156000000,
    "otherExpenses": 99000000,
    "operatingExpenses": 1614000000,
    "costAndExpenses": 13515000000,
    "interestIncome": 0,
    "interestExpense": 55000000,
    "depreciationAndAmortization": 197000000,
    "ebitda": 1003000000,
    "ebitdaratio": 0.0701693018,
    "operatingIncome": 779000000,
    "operatingIncomeRatio": 0.0544983909,
    "totalOtherIncomeExpensesNet": -28000000,
    "incomeBeforeTax": 751000000,
    "incomeBeforeTaxRatio": 0.0525395271,
    "incomeTaxExpense": 17000000,
    "netIncome": 734000000,
    "netIncomeRatio": 0.0513502169,
    "eps": 0.52,
    "epsdiluted": 0.52,
    "weightedAverageShsOut": 1417000000,
    "weightedAverageShsOutDil": 1423000000,
    "link": "https://www.sec.gov/Archives/edgar/data/47217/000004721720000034/0000047217-20-000034-index.htm",
    "finalLink": "https://www.sec.gov/Archives/edgar/data/47217/000004721720000034/hpq-20200731.htm"
  },
  {
    "date": "2020-04-30",
    "symbol": "HPQ",
    "reportedCurrency": "USD",
    "cik": "0000047217",
    "fillingDate": "2020-06-05",
    "acceptedDate": "2020-06-05 16:22:43",
    "calendarYear": "2020",
    "period": "Q2",
    "revenue": 12469000000,
    "costOfRevenue": 9976000000,
    "grossProfit": 2493000000,
    "grossProfitRatio": 0.1999358409,
    "researchAndDevelopmentExpenses": 338000000,
    "generalAndAdministrativeExpenses": 0,
    "sellingAndMarketingExpenses": 0,
    "sellingGeneralAndAdministrativeExpenses": 1216000000,
    "otherExpenses": 113000000,
    "operatingExpenses": 1667000000,
    "costAndExpenses": 11643000000,
    "interestIncome": 0,
    "interestExpense": 64000000,
    "depreciationAndAmortization": 198000000,
    "ebitda": 1088000000,
    "ebitdaratio": 0.0872563959,
    "operatingIncome": 826000000,
    "operatingIncomeRatio": 0.0662442858,
    "totalOtherIncomeExpensesNet": 0,
    "incomeBeforeTax": 826000000,
    "incomeBeforeTaxRatio": 0.0662442858,
    "incomeTaxExpense": 62000000,
    "netIncome": 764000000,
    "netIncomeRatio": 0.0612719544,
    "eps": 0.53,
    "epsdiluted": 0.53,
    "weightedAverageShsOut": 1435000000,
    "weightedAverageShsOutDil": 1440000000,
    "link": "https://www.sec.gov/Archives/edgar/data/47217/000004721720000020/0000047217-20-000020-index.htm",
    "finalLink": "https://www.sec.gov/Archives/edgar/data/47217/000004721720000020/hp-43020x10q.htm"
  },
  {
    "date": "2020-01-31",
    "symbol": "HPQ",
    "reportedCurrency": "USD",
    "cik": "0000047217",
    "fillingDate": "2020-03-05",
    "acceptedDate": "2020-03-05 16:12:09",
    "calendarYear": "2020",
    "period": "Q1",
    "revenue": 14618000000,
    "costOfRevenue": 11746000000,
    "grossProfit": 2872000000,
    "grossProfitRatio": 0.1964701053,
    "researchAndDevelopmentExpenses": 400000000,
    "generalAndAdministrativeExpenses": 0,
    "sellingAndMarketingExpenses": 0,
    "sellingGeneralAndAdministrativeExpenses": 1290000000,
    "otherExpenses": 317000000,
    "operatingExpenses": 2007000000,
    "costAndExpenses": 13753000000,
    "interestIncome": 0,
    "interestExpense": 58000000,
    "depreciationAndAmortization": 198000000,
    "ebitda": 1134000000,
    "ebitdaratio": 0.0775755917,
    "operatingIncome": 865000000,
    "operatingIncomeRatio": 0.0591736216,
    "totalOtherIncomeExpensesNet": 13000000,
    "incomeBeforeTax": 878000000,
    "incomeBeforeTaxRatio": 0.0600629361,
    "incomeTaxExpense": 200000000,
    "netIncome": 678000000,
    "netIncomeRatio": 0.0463811739,
    "eps": 0.47,
    "epsdiluted": 0.46,
    "weightedAverageShsOut": 1454000000,
    "weightedAverageShsOutDil": 1460000000,
    "link": "https://www.sec.gov/Archives/edgar/data/47217/000004721720000006/0000047217-20-000006-index.htm",
    "finalLink": "https://www.sec.gov/Archives/edgar/data/47217/000004721720000006/hp-13120x10q.htm"
  },
  {
    "date": "2019-10-31",
    "symbol": "HPQ",
    "reportedCurrency": "USD",
    "cik": "0000047217",
    "fillingDate": "2019-12-12",
    "acceptedDate": "2019-12-12 16:26:03",
    "calendarYear": "2019",
    "period": "Q4",
    "revenue": 15407000000,
    "costOfRevenue": 12483000000,
    "grossProfit": 2924000000,
    "grossProfitRatio": 0.1897838645,
    "researchAndDevelopmentExpenses": 389000000,
    "generalAndAdministrativeExpenses": 3790000000,
    "sellingAndMarketingExpenses": 0,
    "sellingGeneralAndAdministrativeExpenses": 1405000000,
    "otherExpenses": 186000000,
    "operatingExpenses": 1980000000,
    "costAndExpenses": 14463000000,
    "interestIncome": 0,
    "interestExpense": 60000000,
    "depreciationAndAmortization": 205000000,
    "ebitda": 757000000,
    "ebitdaratio": 0.0491335107,
    "operatingIncome": 944000000,
    "operatingIncomeRatio": 0.0612708509,
    "totalOtherIncomeExpensesNet": -452000000,
    "incomeBeforeTax": 492000000,
    "incomeBeforeTaxRatio": 0.0319335367,
    "incomeTaxExpense": 104000000,
    "netIncome": 388000000,
    "netIncomeRatio": 0.0251833582,
    "eps": 0.26,
    "epsdiluted": 0.26,
    "weightedAverageShsOut": 1476000000,
    "weightedAverageShsOutDil": 1486000000,
    "link": "https://www.sec.gov/Archives/edgar/data/47217/000004721719000071/0000047217-19-000071-index.htm",
    "finalLink": "https://www.sec.gov/Archives/edgar/data/47217/000004721719000071/hp-103119x10k.htm"
  },
  {
    "date": "2019-07-31",
    "symbol": "HPQ",
    "reportedCurrency": "USD",
    "cik": "0000047217",
    "fillingDate": "2019-08-29",
    "acceptedDate": "2019-08-29 16:07:02",
    "calendarYear": "2019",
    "period": "Q3",
    "revenue": 14603000000,
    "costOfRevenue": 11698000000,
    "grossProfit": 2905000000,
    "grossProfitRatio": 0.1989317264,
    "researchAndDevelopmentExpenses": 413000000,
    "generalAndAdministrativeExpenses": 0,
    "sellingAndMarketingExpenses": 0,
    "sellingGeneralAndAdministrativeExpenses": 1376000000,
    "otherExpenses": 37000000,
    "operatingExpenses": 1826000000,
    "costAndExpenses": 13524000000,
    "interestIncome": 0,
    "interestExpense": 57000000,
    "depreciationAndAmortization": 190000000,
    "ebitda": 495000000,
    "ebitdaratio": 0.0338971444,
    "operatingIncome": 1079000000,
    "operatingIncomeRatio": 0.0738889269,
    "totalOtherIncomeExpensesNet": -831000000,
    "incomeBeforeTax": 248000000,
    "incomeBeforeTaxRatio": 0.0169828118,
    "incomeTaxExpense": -931000000,
    "netIncome": 1179000000,
    "netIncomeRatio": 0.0807368349,
    "eps": 0.79,
    "epsdiluted": 0.78,
    "weightedAverageShsOut": 1499000000,
    "weightedAverageShsOutDil": 1508000000,
    "link": "https://www.sec.gov/Archives/edgar/data/47217/000004721719000048/0000047217-19-000048-index.htm",
    "finalLink": "https://www.sec.gov/Archives/edgar/data/47217/000004721719000048/hp-073119x10qxq319.htm"
  },
  {
    "date": "2019-04-30",
    "symbol": "HPQ",
    "reportedCurrency": "USD",
    "cik": "0000047217",
    "fillingDate": "2019-05-30",
    "acceptedDate": "2019-05-30 16:10:52",
    "calendarYear": "2019",
    "period": "Q2",
    "revenue": 14036000000,
    "costOfRevenue": 11307000000,
    "grossProfit": 2729000000,
    "grossProfitRatio": 0.1944286121,
    "researchAndDevelopmentExpenses": 353000000,
    "generalAndAdministrativeExpenses": 0,
    "sellingAndMarketingExpenses": 0,
    "sellingGeneralAndAdministrativeExpenses": 1339000000,
    "otherExpenses": 109000000,
    "operatingExpenses": 1801000000,
    "costAndExpenses": 13108000000,
    "interestIncome": 0,
    "interestExpense": 61000000,
    "depreciationAndAmortization": 181000000,
    "ebitda": 1125000000,
    "ebitdaratio": 0.0801510402,
    "operatingIncome": 928000000,
    "operatingIncomeRatio": 0.0661157025,
    "totalOtherIncomeExpensesNet": -45000000,
    "incomeBeforeTax": 883000000,
    "incomeBeforeTaxRatio": 0.0629096609,
    "incomeTaxExpense": 101000000,
    "netIncome": 782000000,
    "netIncomeRatio": 0.0557138786,
    "eps": 0.51,
    "epsdiluted": 0.51,
    "weightedAverageShsOut": 1529000000,
    "weightedAverageShsOutDil": 1536000000,
    "link": "https://www.sec.gov/Archives/edgar/data/47217/000004721719000034/0000047217-19-000034-index.htm",
    "finalLink": "https://www.sec.gov/Archives/edgar/data/47217/000004721719000034/hp-43019x10qq219.htm"
  },
  {
    "date": "2019-01-31",
    "symbol": "HPQ",
    "reportedCurrency": "USD",
    "cik": "0000047217",
    "fillingDate": "2019-03-05",
    "acceptedDate": "2019-03-05 16:19:52",
    "calendarYear": "2019",
    "period": "Q1",
    "revenue": 14710000000,
    "costOfRevenue": 12098000000,
    "grossProfit": 2612000000,
    "grossProfitRatio": 0.1775662814,
    "researchAndDevelopmentExpenses": 344000000,
    "generalAndAdministrativeExpenses": 0,
    "sellingAndMarketingExpenses": 0,
    "sellingGeneralAndAdministrativeExpenses": 1248000000,
    "otherExpenses": 94000000,
    "operatingExpenses": 1686000000,
    "costAndExpenses": 13784000000,
    "interestIncome": 0,
    "interestExpense": 64000000,
    "depreciationAndAmortization": 168000000,
    "ebitda": 1132000000,
    "ebitdaratio": 0.0769544528,
    "operatingIncome": 926000000,
    "operatingIncomeRatio": 0.0629503739,
    "totalOtherIncomeExpensesNet": -26000000,
    "incomeBeforeTax": 900000000,
    "incomeBeforeTaxRatio": 0.0611828688,
    "incomeTaxExpense": 97000000,
    "netIncome": 803000000,
    "netIncomeRatio": 0.0545887152,
    "eps": 0.52,
    "epsdiluted": 0.51,
    "weightedAverageShsOut": 1556000000,
    "weightedAverageShsOutDil": 1567000000,
    "link": "https://www.sec.gov/Archives/edgar/data/47217/000004721719000017/0000047217-19-000017-index.htm",
    "finalLink": "https://www.sec.gov/Archives/edgar/data/47217/000004721719000017/hp-13119x10q.htm"
  },
  {
    "date": "2018-10-31",
    "symbol": "HPQ",
    "reportedCurrency": "USD",
    "cik": "0000047217",
    "fillingDate": "2018-12-13",
    "acceptedDate": "2018-12-13 16:07:39",
    "calendarYear": "2018",
    "period": "Q4",
    "revenue": 15366000000,
    "costOfRevenue": 12669000000,
    "grossProfit": 2697000000,
    "grossProfitRatio": 0.175517376,
    "researchAndDevelopmentExpenses": 354000000,
    "generalAndAdministrativeExpenses": 0,
    "sellingAndMarketingExpenses": -1000000,
    "sellingGeneralAndAdministrativeExpenses": 1203000000,
    "otherExpenses": 93000000,
    "operatingExpenses": 1650000000,
    "costAndExpenses": 14319000000,
    "interestIncome": 0,
    "interestExpense": 71000000,
    "depreciationAndAmortization": 140000000,
    "ebitda": 1218000000,
    "ebitdaratio": 0.0792659118,
    "operatingIncome": 1047000000,
    "operatingIncomeRatio": 0.0681374463,
    "totalOtherIncomeExpensesNet": -40000000,
    "incomeBeforeTax": 1007000000,
    "incomeBeforeTaxRatio": 0.0655342965,
    "incomeTaxExpense": -444000000,
    "netIncome": 1451000000,
    "netIncomeRatio": 0.0944292594,
    "eps": 0.92,
    "epsdiluted": 0.91,
    "weightedAverageShsOut": 1578000000,
    "weightedAverageShsOutDil": 1598000000,
    "link": "https://www.sec.gov/Archives/edgar/data/47217/000004721718000052/0000047217-18-000052-index.htm",
    "finalLink": "https://www.sec.gov/Archives/edgar/data/47217/000004721718000052/hp-103118x10k.htm"
  },
  {
    "date": "2018-07-31",
    "symbol": "HPQ",
    "reportedCurrency": "USD",
    "cik": "0000047217",
    "fillingDate": "2018-08-28",
    "acceptedDate": "2018-08-28 16:27:14",
    "calendarYear": "2018",
    "period": "Q3",
    "revenue": 14586000000,
    "costOfRevenue": 11898000000,
    "grossProfit": 2688000000,
    "grossProfitRatio": 0.1842863019,
    "researchAndDevelopmentExpenses": 347000000,
    "generalAndAdministrativeExpenses": 0,
    "sellingAndMarketingExpenses": 0,
    "sellingGeneralAndAdministrativeExpenses": 1289000000,
    "otherExpenses": 34000000,
    "operatingExpenses": 1670000000,
    "costAndExpenses": 13568000000,
    "interestIncome": 0,
    "interestExpense": 66000000,
    "depreciationAndAmortization": 132000000,
    "ebitda": 1216000000,
    "ebitdaratio": 0.0833676128,
    "operatingIncome": 1018000000,
    "operatingIncomeRatio": 0.0697929521,
    "totalOtherIncomeExpensesNet": 0,
    "incomeBeforeTax": 1018000000,
    "incomeBeforeTaxRatio": 0.0697929521,
    "incomeTaxExpense": 138000000,
    "netIncome": 880000000,
    "netIncomeRatio": 0.060331825,
    "eps": 0.55,
    "epsdiluted": 0.54,
    "weightedAverageShsOut": 1582408508,
    "weightedAverageShsOutDil": 1582408508,
    "link": "https://www.sec.gov/Archives/edgar/data/47217/000004721718000044/0000047217-18-000044-index.htm",
    "finalLink": "https://www.sec.gov/Archives/edgar/data/47217/000004721718000044/hp-73118x10q.htm"
  },
  {
    "date": "2018-04-30",
    "symbol": "HPQ",
    "reportedCurrency": "USD",
    "cik": "0000047217",
    "fillingDate": "2018-06-05",
    "acceptedDate": "2018-06-05 16:04:14",
    "calendarYear": "2018",
    "period": "Q2",
    "revenue": 14003000000,
    "costOfRevenue": 11301000000,
    "grossProfit": 2702000000,
    "grossProfitRatio": 0.1929586517,
    "researchAndDevelopmentExpenses": 356000000,
    "generalAndAdministrativeExpenses": 0,
    "sellingAndMarketingExpenses": 0,
    "sellingGeneralAndAdministrativeExpenses": 1318000000,
    "otherExpenses": 122000000,
    "operatingExpenses": 1796000000,
    "costAndExpenses": 13097000000,
    "interestIncome": 0,
    "interestExpense": 88000000,
    "depreciationAndAmortization": 127000000,
    "ebitda": 298000000,
    "ebitdaratio": 0.021281154,
    "operatingIncome": 906000000,
    "operatingIncomeRatio": 0.0647004213,
    "totalOtherIncomeExpensesNet": -823000000,
    "incomeBeforeTax": 83000000,
    "incomeBeforeTaxRatio": 0.0059273013,
    "incomeTaxExpense": -975000000,
    "netIncome": 1058000000,
    "netIncomeRatio": 0.0755552382,
    "eps": 0.65,
    "epsdiluted": 0.64,
    "weightedAverageShsOut": 1630000000,
    "weightedAverageShsOutDil": 1646000000,
    "link": "https://www.sec.gov/Archives/edgar/data/47217/000004721718000026/0000047217-18-000026-index.htm",
    "finalLink": "https://www.sec.gov/Archives/edgar/data/47217/000004721718000026/hp-43018x10q.htm"
  },
  {
    "date": "2018-01-31",
    "symbol": "HPQ",
    "reportedCurrency": "USD",
    "cik": "0000047217",
    "fillingDate": "2018-03-01",
    "acceptedDate": "2018-03-01 16:37:26",
    "calendarYear": "2018",
    "period": "Q1",
    "revenue": 14517000000,
    "costOfRevenue": 11935000000,
    "grossProfit": 2582000000,
    "grossProfitRatio": 0.1778604395,
    "researchAndDevelopmentExpenses": 347000000,
    "generalAndAdministrativeExpenses": 0,
    "sellingAndMarketingExpenses": 0,
    "sellingGeneralAndAdministrativeExpenses": 1229000000,
    "otherExpenses": 33000000,
    "operatingExpenses": 1609000000,
    "costAndExpenses": 13544000000,
    "interestIncome": 0,
    "interestExpense": 87000000,
    "depreciationAndAmortization": 129000000,
    "ebitda": 1121000000,
    "ebitdaratio": 0.0772198113,
    "operatingIncome": 973000000,
    "operatingIncomeRatio": 0.0670248674,
    "totalOtherIncomeExpensesNet": -68000000,
    "incomeBeforeTax": 905000000,
    "incomeBeforeTaxRatio": 0.062340704,
    "incomeTaxExpense": -1033000000,
    "netIncome": 1938000000,
    "netIncomeRatio": 0.1334986567,
    "eps": 1.17,
    "epsdiluted": 1.16,
    "weightedAverageShsOut": 1650000000,
    "weightedAverageShsOutDil": 1669000000,
    "link": "https://www.sec.gov/Archives/edgar/data/47217/000004721718000008/0000047217-18-000008-index.htm",
    "finalLink": "https://www.sec.gov/Archives/edgar/data/47217/000004721718000008/hp-13118x10q.htm"
  },
  {
    "date": "2017-10-31",
    "symbol": "HPQ",
    "reportedCurrency": "USD",
    "cik": "0000047217",
    "fillingDate": "2017-12-14",
    "acceptedDate": "2017-12-14 16:27:00",
    "calendarYear": "2017",
    "period": "Q4",
    "revenue": 13927000000,
    "costOfRevenue": 11407000000,
    "grossProfit": 2520000000,
    "grossProfitRatio": 0.1809434911,
    "researchAndDevelopmentExpenses": 291000000,
    "generalAndAdministrativeExpenses": 0,
    "sellingAndMarketingExpenses": 1176000000,
    "sellingGeneralAndAdministrativeExpenses": 1176000000,
    "otherExpenses": 163000000,
    "operatingExpenses": 1630000000,
    "costAndExpenses": 13037000000,
    "interestIncome": 0,
    "interestExpense": 0,
    "depreciationAndAmortization": 91000000,
    "ebitda": 718000000,
    "ebitdaratio": 0.0515545344,
    "operatingIncome": 890000000,
    "operatingIncomeRatio": 0.0639046457,
    "totalOtherIncomeExpensesNet": -42000000,
    "incomeBeforeTax": 848000000,
    "incomeBeforeTaxRatio": 0.0608889208,
    "incomeTaxExpense": 188000000,
    "netIncome": 660000000,
    "netIncomeRatio": 0.0473899619,
    "eps": 0.4,
    "epsdiluted": 0.39,
    "weightedAverageShsOut": 1670000000,
    "weightedAverageShsOutDil": 1687000000,
    "link": "https://www.sec.gov/Archives/edgar/data/47217/000004721717000043/0000047217-17-000043-index.htm",
    "finalLink": "https://www.sec.gov/Archives/edgar/data/47217/000004721717000043/hp-103117x10k1.htm"
  },
  {
    "date": "2017-07-31",
    "symbol": "HPQ",
    "reportedCurrency": "USD",
    "cik": "0000047217",
    "fillingDate": "2017-08-31",
    "acceptedDate": "2017-08-31 16:08:39",
    "calendarYear": "2017",
    "period": "Q3",
    "revenue": 13060000000,
    "costOfRevenue": 10633000000,
    "grossProfit": 2427000000,
    "grossProfitRatio": 0.1858346095,
    "researchAndDevelopmentExpenses": 289000000,
    "generalAndAdministrativeExpenses": 0,
    "sellingAndMarketingExpenses": 1096000000,
    "sellingGeneralAndAdministrativeExpenses": 1097000000,
    "otherExpenses": 86000000,
    "operatingExpenses": 1472000000,
    "costAndExpenses": 12105000000,
    "interestIncome": 0,
    "interestExpense": 79000000,
    "depreciationAndAmortization": 90000000,
    "ebitda": 1068000000,
    "ebitdaratio": 0.0817764165,
    "operatingIncome": 955000000,
    "operatingIncomeRatio": 0.0731240429,
    "totalOtherIncomeExpensesNet": -56000000,
    "incomeBeforeTax": 899000000,
    "incomeBeforeTaxRatio": 0.0688361409,
    "incomeTaxExpense": 203000000,
    "netIncome": 696000000,
    "netIncomeRatio": 0.0532924962,
    "eps": 0.41,
    "epsdiluted": 0.41,
    "weightedAverageShsOut": 1681000000,
    "weightedAverageShsOutDil": 1695000000,
    "link": "https://www.sec.gov/Archives/edgar/data/47217/000004721717000029/0000047217-17-000029-index.htm",
    "finalLink": "https://www.sec.gov/Archives/edgar/data/47217/000004721717000029/hp-73117x10q.htm"
  },
  {
    "date": "2017-04-30",
    "symbol": "HPQ",
    "reportedCurrency": "USD",
    "cik": "0000047217",
    "fillingDate": "2017-06-01",
    "acceptedDate": "2017-06-01 16:15:07",
    "calendarYear": "2017",
    "period": "Q2",
    "revenue": 12385000000,
    "costOfRevenue": 10002000000,
    "grossProfit": 2383000000,
    "grossProfitRatio": 0.1924101736,
    "researchAndDevelopmentExpenses": 314000000,
    "generalAndAdministrativeExpenses": 0,
    "sellingAndMarketingExpenses": 1087000000,
    "sellingGeneralAndAdministrativeExpenses": 1090000000,
    "otherExpenses": 161000000,
    "operatingExpenses": 1565000000,
    "costAndExpenses": 11567000000,
    "interestIncome": 0,
    "interestExpense": 73000000,
    "depreciationAndAmortization": 89000000,
    "ebitda": 916000000,
    "ebitdaratio": 0.073960436,
    "operatingIncome": 818000000,
    "operatingIncomeRatio": 0.0660476383,
    "totalOtherIncomeExpensesNet": -64000000,
    "incomeBeforeTax": 754000000,
    "incomeBeforeTaxRatio": 0.0608800969,
    "incomeTaxExpense": 195000000,
    "netIncome": 559000000,
    "netIncomeRatio": 0.0451352442,
    "eps": 0.33,
    "epsdiluted": 0.33,
    "weightedAverageShsOut": 1688000000,
    "weightedAverageShsOutDil": 1709000000,
    "link": "https://www.sec.gov/Archives/edgar/data/47217/000004721717000019/0000047217-17-000019-index.htm",
    "finalLink": "https://www.sec.gov/Archives/edgar/data/47217/000004721717000019/hp-43017x10q.htm"
  },
  {
    "date": "2017-01-31",
    "symbol": "HPQ",
    "reportedCurrency": "USD",
    "cik": "0000047217",
    "fillingDate": "2017-03-02",
    "acceptedDate": "2017-03-02 16:44:18",
    "calendarYear": "2017",
    "period": "Q1",
    "revenue": 12684000000,
    "costOfRevenue": 10436000000,
    "grossProfit": 2248000000,
    "grossProfitRatio": 0.1772311574,
    "researchAndDevelopmentExpenses": 296000000,
    "generalAndAdministrativeExpenses": 1017000000,
    "sellingAndMarketingExpenses": 0,
    "sellingGeneralAndAdministrativeExpenses": 1017000000,
    "otherExpenses": 79000000,
    "operatingExpenses": 1392000000,
    "costAndExpenses": 11828000000,
    "interestIncome": 0,
    "interestExpense": 73000000,
    "depreciationAndAmortization": 84000000,
    "ebitda": 932000000,
    "ebitdaratio": 0.073478398,
    "operatingIncome": 856000000,
    "operatingIncomeRatio": 0.0674865973,
    "totalOtherIncomeExpensesNet": -81000000,
    "incomeBeforeTax": 775000000,
    "incomeBeforeTaxRatio": 0.0611005992,
    "incomeTaxExpense": 164000000,
    "netIncome": 611000000,
    "netIncomeRatio": 0.048170924,
    "eps": 0.36,
    "epsdiluted": 0.36,
    "weightedAverageShsOut": 1704000000,
    "weightedAverageShsOutDil": 1721000000,
    "link": "https://www.sec.gov/Archives/edgar/data/47217/000004721717000008/0000047217-17-000008-index.htm",
    "finalLink": "https://www.sec.gov/Archives/edgar/data/47217/000004721717000008/hp-13117x10q.htm"
  },
  {
    "date": "2016-10-31",
    "symbol": "HPQ",
    "reportedCurrency": "USD",
    "cik": "0000047217",
    "fillingDate": "2016-12-15",
    "acceptedDate": "2016-12-15 16:44:36",
    "calendarYear": "2016",
    "period": "Q4",
    "revenue": 12512000000,
    "costOfRevenue": 10221000000,
    "grossProfit": 2291000000,
    "grossProfitRatio": 0.1831042199,
    "researchAndDevelopmentExpenses": 318000000,
    "generalAndAdministrativeExpenses": 0,
    "sellingAndMarketingExpenses": 1082000000,
    "sellingGeneralAndAdministrativeExpenses": 1082000000,
    "otherExpenses": 228000000,
    "operatingExpenses": 1628000000,
    "costAndExpenses": 11849000000,
    "interestIncome": 0,
    "interestExpense": 0,
    "depreciationAndAmortization": 83000000,
    "ebitda": 974000000,
    "ebitdaratio": 0.0778452685,
    "operatingIncome": 663000000,
    "operatingIncomeRatio": 0.0529891304,
    "totalOtherIncomeExpensesNet": 347000000,
    "incomeBeforeTax": 1010000000,
    "incomeBeforeTaxRatio": 0.0807225064,
    "incomeTaxExpense": 497000000,
    "netIncome": 492000000,
    "netIncomeRatio": 0.0393222506,
    "eps": 0.29,
    "epsdiluted": 0.28,
    "weightedAverageShsOut": 1712000000,
    "weightedAverageShsOutDil": 1729000000,
    "link": "https://www.sec.gov/Archives/edgar/data/47217/000004721716000093/0000047217-16-000093-index.htm",
    "finalLink": "https://www.sec.gov/Archives/edgar/data/47217/000004721716000093/hp-103116x10k1.htm"
  },
  {
    "date": "2016-07-31",
    "symbol": "HPQ",
    "reportedCurrency": "USD",
    "cik": "0000047217",
    "fillingDate": "2016-09-01",
    "acceptedDate": "2016-09-01 16:47:26",
    "calendarYear": "2016",
    "period": "Q3",
    "revenue": 11892000000,
    "costOfRevenue": 9720000000,
    "grossProfit": 2172000000,
    "grossProfitRatio": 0.1826437941,
    "researchAndDevelopmentExpenses": 298000000,
    "generalAndAdministrativeExpenses": 0,
    "sellingAndMarketingExpenses": 719000000,
    "sellingGeneralAndAdministrativeExpenses": 719000000,
    "otherExpenses": 38000000,
    "operatingExpenses": 1055000000,
    "costAndExpenses": 10775000000,
    "interestIncome": 0,
    "interestExpense": 0,
    "depreciationAndAmortization": 85000000,
    "ebitda": 1238000000,
    "ebitdaratio": 0.1041035991,
    "operatingIncome": 1117000000,
    "operatingIncomeRatio": 0.0939286916,
    "totalOtherIncomeExpensesNet": -36000000,
    "incomeBeforeTax": 1081000000,
    "incomeBeforeTaxRatio": 0.0909014464,
    "incomeTaxExpense": 238000000,
    "netIncome": 783000000,
    "netIncomeRatio": 0.0658425832,
    "eps": 0.46,
    "epsdiluted": 0.45,
    "weightedAverageShsOut": 1711000000,
    "weightedAverageShsOutDil": 1725000000,
    "link": "https://www.sec.gov/Archives/edgar/data/47217/000004721716000082/0000047217-16-000082-index.htm",
    "finalLink": "https://www.sec.gov/Archives/edgar/data/47217/000004721716000082/hp-73116x10q.htm"
  },
  {
    "date": "2016-04-30",
    "symbol": "HPQ",
    "reportedCurrency": "USD",
    "cik": "0000047217",
    "fillingDate": "2016-06-03",
    "acceptedDate": "2016-06-02 17:33:55",
    "calendarYear": "2016",
    "period": "Q2",
    "revenue": 11588000000,
    "costOfRevenue": 9338000000,
    "grossProfit": 2250000000,
    "grossProfitRatio": 0.194166379,
    "researchAndDevelopmentExpenses": 301000000,
    "generalAndAdministrativeExpenses": 0,
    "sellingAndMarketingExpenses": 1002000000,
    "sellingGeneralAndAdministrativeExpenses": 1002000000,
    "otherExpenses": 106000000,
    "operatingExpenses": 1409000000,
    "costAndExpenses": 10747000000,
    "interestIncome": 0,
    "interestExpense": 0,
    "depreciationAndAmortization": 85000000,
    "ebitda": 1026000000,
    "ebitdaratio": 0.0885398688,
    "operatingIncome": 841000000,
    "operatingIncomeRatio": 0.0725750777,
    "totalOtherIncomeExpensesNet": -5000000,
    "incomeBeforeTax": 836000000,
    "incomeBeforeTaxRatio": 0.0721435968,
    "incomeTaxExpense": 176000000,
    "netIncome": 629000000,
    "netIncomeRatio": 0.05428029,
    "eps": 0.37,
    "epsdiluted": 0.36,
    "weightedAverageShsOut": 1720000000,
    "weightedAverageShsOutDil": 1731000000,
    "link": "https://www.sec.gov/Archives/edgar/data/47217/000104746916013586/0001047469-16-013586-index.htm",
    "finalLink": "https://www.sec.gov/Archives/edgar/data/47217/000104746916013586/a2228818z10-q.htm"
  },
  {
    "date": "2016-01-31",
    "symbol": "HPQ",
    "reportedCurrency": "USD",
    "cik": "0000047217",
    "fillingDate": "2016-03-03",
    "acceptedDate": "2016-03-02 18:03:18",
    "calendarYear": "2016",
    "period": "Q1",
    "revenue": 12246000000,
    "costOfRevenue": 9961000000,
    "grossProfit": 2285000000,
    "grossProfitRatio": 0.1865915401,
    "researchAndDevelopmentExpenses": 292000000,
    "generalAndAdministrativeExpenses": 1030000000,
    "sellingAndMarketingExpenses": 0,
    "sellingGeneralAndAdministrativeExpenses": 1037000000,
    "otherExpenses": 28000000,
    "operatingExpenses": 1357000000,
    "costAndExpenses": 11318000000,
    "interestIncome": 0,
    "interestExpense": 0,
    "depreciationAndAmortization": 79000000,
    "ebitda": 1027000000,
    "ebitdaratio": 0.0838641189,
    "operatingIncome": 928000000,
    "operatingIncomeRatio": 0.0757798465,
    "totalOtherIncomeExpensesNet": -94000000,
    "incomeBeforeTax": 834000000,
    "incomeBeforeTaxRatio": 0.0681038707,
    "incomeTaxExpense": 184000000,
    "netIncome": 592000000,
    "netIncomeRatio": 0.0483423159,
    "eps": 0.33,
    "epsdiluted": 0.33,
    "weightedAverageShsOut": 1776000000,
    "weightedAverageShsOutDil": 1785000000,
    "link": "https://www.sec.gov/Archives/edgar/data/47217/000104746916010678/0001047469-16-010678-index.htm",
    "finalLink": "https://www.sec.gov/Archives/edgar/data/47217/000104746916010678/a2227395z10-q.htm"
  },
  {
    "date": "2015-10-31",
    "symbol": "HPQ",
    "reportedCurrency": "USD",
    "cik": "0000047217",
    "fillingDate": "2015-12-16",
    "acceptedDate": "2015-12-16 17:25:42",
    "calendarYear": "2015",
    "period": "Q4",
    "revenue": 25714000000,
    "costOfRevenue": 19363000000,
    "grossProfit": 6351000000,
    "grossProfitRatio": 0.2469860776,
    "researchAndDevelopmentExpenses": 934000000,
    "generalAndAdministrativeExpenses": 0,
    "sellingAndMarketingExpenses": 3089000000,
    "sellingGeneralAndAdministrativeExpenses": 3089000000,
    "otherExpenses": 1420000000,
    "operatingExpenses": 5443000000,
    "costAndExpenses": 24806000000,
    "interestIncome": 0,
    "interestExpense": 0,
    "depreciationAndAmortization": 1007000000,
    "ebitda": 3089000000,
    "ebitdaratio": 0.1201291125,
    "operatingIncome": 908000000,
    "operatingIncomeRatio": 0.0353115035,
    "totalOtherIncomeExpensesNet": -318000000,
    "incomeBeforeTax": 590000000,
    "incomeBeforeTaxRatio": 0.0229446994,
    "incomeTaxExpense": -733000000,
    "netIncome": 1323000000,
    "netIncomeRatio": 0.0514505717,
    "eps": 0.73,
    "epsdiluted": 0.73,
    "weightedAverageShsOut": 1802000000,
    "weightedAverageShsOutDil": 1821000000,
    "link": "https://www.sec.gov/Archives/edgar/data/47217/000104746915009251/0001047469-15-009251-index.htm",
    "finalLink": "https://www.sec.gov/Archives/edgar/data/47217/000104746915009251/a2226745z10-k.htm"
  },
  {
    "date": "2015-07-31",
    "symbol": "HPQ",
    "reportedCurrency": "USD",
    "cik": "0000047217",
    "fillingDate": "2015-09-08",
    "acceptedDate": "2015-09-08 17:21:06",
    "calendarYear": "2015",
    "period": "Q3",
    "revenue": 12362000000,
    "costOfRevenue": 10036000000,
    "grossProfit": 2326000000,
    "grossProfitRatio": 0.1881572561,
    "researchAndDevelopmentExpenses": 300000000,
    "generalAndAdministrativeExpenses": 0,
    "sellingAndMarketingExpenses": 1058000000,
    "sellingGeneralAndAdministrativeExpenses": 1058000000,
    "otherExpenses": -39000000,
    "operatingExpenses": 1319000000,
    "costAndExpenses": 11355000000,
    "interestIncome": 0,
    "interestExpense": 0,
    "depreciationAndAmortization": 1023000000,
    "ebitda": 1967000000,
    "ebitdaratio": 0.1591166478,
    "operatingIncome": 1007000000,
    "operatingIncomeRatio": 0.0814593108,
    "totalOtherIncomeExpensesNet": -90000000,
    "incomeBeforeTax": 917000000,
    "incomeBeforeTaxRatio": 0.0741789354,
    "incomeTaxExpense": 217000000,
    "netIncome": 854000000,
    "netIncomeRatio": 0.0690826727,
    "eps": 0.47,
    "epsdiluted": 0.47,
    "weightedAverageShsOut": 1805000000,
    "weightedAverageShsOutDil": 1828000000,
    "link": "https://www.sec.gov/Archives/edgar/data/47217/000104746915007197/0001047469-15-007197-index.htm",
    "finalLink": "https://www.sec.gov/Archives/edgar/data/47217/000104746915007197/a2225780z10-q.htm"
  },
  {
    "date": "2015-04-30",
    "symbol": "HPQ",
    "reportedCurrency": "USD",
    "cik": "0000047217",
    "fillingDate": "2015-06-08",
    "acceptedDate": "2015-06-08 17:18:50",
    "calendarYear": "2015",
    "period": "Q2",
    "revenue": 12977000000,
    "costOfRevenue": 10415000000,
    "grossProfit": 2562000000,
    "grossProfitRatio": 0.1974262156,
    "researchAndDevelopmentExpenses": 305000000,
    "generalAndAdministrativeExpenses": 0,
    "sellingAndMarketingExpenses": 0,
    "sellingGeneralAndAdministrativeExpenses": 1228000000,
    "otherExpenses": 32000000,
    "operatingExpenses": 1565000000,
    "costAndExpenses": 11980000000,
    "interestIncome": 0,
    "interestExpense": 0,
    "depreciationAndAmortization": 1003000000,
    "ebitda": 2007000000,
    "ebitdaratio": 0.1546582415,
    "operatingIncome": 997000000,
    "operatingIncomeRatio": 0.0768282346,
    "totalOtherIncomeExpensesNet": -78000000,
    "incomeBeforeTax": 919000000,
    "incomeBeforeTaxRatio": 0.0708176004,
    "incomeTaxExpense": 186000000,
    "netIncome": 1011000000,
    "netIncomeRatio": 0.0779070663,
    "eps": 0.56,
    "epsdiluted": 0.55,
    "weightedAverageShsOut": 1814000000,
    "weightedAverageShsOutDil": 1836000000,
    "link": "https://www.sec.gov/Archives/edgar/data/47217/000104746915005313/0001047469-15-005313-index.htm",
    "finalLink": "https://www.sec.gov/Archives/edgar/data/47217/000104746915005313/a2224881z10-q.htm"
  },
  {
    "date": "2015-01-31",
    "symbol": "HPQ",
    "reportedCurrency": "USD",
    "cik": "0000047217",
    "fillingDate": "2015-03-11",
    "acceptedDate": "2015-03-11 17:23:41",
    "calendarYear": "2015",
    "period": "Q1",
    "revenue": 13858000000,
    "costOfRevenue": 11173000000,
    "grossProfit": 2685000000,
    "grossProfitRatio": 0.193750902,
    "researchAndDevelopmentExpenses": 304000000,
    "generalAndAdministrativeExpenses": 0,
    "sellingAndMarketingExpenses": 0,
    "sellingGeneralAndAdministrativeExpenses": 1222000000,
    "otherExpenses": 41000000,
    "operatingExpenses": 1567000000,
    "costAndExpenses": 12740000000,
    "interestIncome": 0,
    "interestExpense": 0,
    "depreciationAndAmortization": 1028000000,
    "ebitda": 2160000000,
    "ebitdaratio": 0.1558666474,
    "operatingIncome": 1118000000,
    "operatingIncomeRatio": 0.0806754221,
    "totalOtherIncomeExpensesNet": -121000000,
    "incomeBeforeTax": 997000000,
    "incomeBeforeTaxRatio": 0.0719440035,
    "incomeTaxExpense": 227000000,
    "netIncome": 1366000000,
    "netIncomeRatio": 0.0985712224,
    "eps": 0.75,
    "epsdiluted": 0.73,
    "weightedAverageShsOut": 1833000000,
    "weightedAverageShsOutDil": 1861000000,
    "link": "https://www.sec.gov/Archives/edgar/data/47217/000104746915001999/0001047469-15-001999-index.htm",
    "finalLink": "https://www.sec.gov/Archives/edgar/data/47217/000104746915001999/a2223235z10-q.htm"
  },
  {
    "date": "2014-10-31",
    "symbol": "HPQ",
    "reportedCurrency": "USD",
    "cik": "0000047217",
    "fillingDate": "2014-12-18",
    "acceptedDate": "2014-12-17 19:07:33",
    "calendarYear": "2014",
    "period": "Q4",
    "revenue": 28406000000,
    "costOfRevenue": 21425000000,
    "grossProfit": 6981000000,
    "grossProfitRatio": 0.2457579385,
    "researchAndDevelopmentExpenses": 876000000,
    "generalAndAdministrativeExpenses": 9989000000,
    "sellingAndMarketingExpenses": 0,
    "sellingGeneralAndAdministrativeExpenses": 3364000000,
    "otherExpenses": 833000000,
    "operatingExpenses": 5073000000,
    "costAndExpenses": 26498000000,
    "interestIncome": 0,
    "interestExpense": 0,
    "depreciationAndAmortization": 1075000000,
    "ebitda": 3590000000,
    "ebitdaratio": 0.1263817503,
    "operatingIncome": 1908000000,
    "operatingIncomeRatio": 0.067168908,
    "totalOtherIncomeExpensesNet": -146000000,
    "incomeBeforeTax": 1762000000,
    "incomeBeforeTaxRatio": 0.0620291488,
    "incomeTaxExpense": 432000000,
    "netIncome": 1330000000,
    "netIncomeRatio": 0.0468210941,
    "eps": 0.71,
    "epsdiluted": 0.7,
    "weightedAverageShsOut": 1862000000,
    "weightedAverageShsOutDil": 1896000000,
    "link": "https://www.sec.gov/Archives/edgar/data/47217/000104746914009977/0001047469-14-009977-index.htm",
    "finalLink": "https://www.sec.gov/Archives/edgar/data/47217/000104746914009977/a2222365z10-k.htm"
  },
  {
    "date": "2014-07-31",
    "symbol": "HPQ",
    "reportedCurrency": "USD",
    "cik": "0000047217",
    "fillingDate": "2014-09-09",
    "acceptedDate": "2014-09-08 19:16:37",
    "calendarYear": "2014",
    "period": "Q3",
    "revenue": 27585000000,
    "costOfRevenue": 20974000000,
    "grossProfit": 6611000000,
    "grossProfitRatio": 0.2396592351,
    "researchAndDevelopmentExpenses": 887000000,
    "generalAndAdministrativeExpenses": 0,
    "sellingAndMarketingExpenses": 3388000000,
    "sellingGeneralAndAdministrativeExpenses": 3388000000,
    "otherExpenses": 878000000,
    "operatingExpenses": 5153000000,
    "costAndExpenses": 26127000000,
    "interestIncome": 0,
    "interestExpense": 0,
    "depreciationAndAmortization": 1055000000,
    "ebitda": 3164000000,
    "ebitdaratio": 0.1147000181,
    "operatingIncome": 1458000000,
    "operatingIncomeRatio": 0.0528548124,
    "totalOtherIncomeExpensesNet": -145000000,
    "incomeBeforeTax": 1313000000,
    "incomeBeforeTaxRatio": 0.0475983324,
    "incomeTaxExpense": 328000000,
    "netIncome": 985000000,
    "netIncomeRatio": 0.0357078122,
    "eps": 0.53,
    "epsdiluted": 0.52,
    "weightedAverageShsOut": 1870000000,
    "weightedAverageShsOutDil": 1899000000,
    "link": "https://www.sec.gov/Archives/edgar/data/47217/000104746914007462/0001047469-14-007462-index.htm",
    "finalLink": "https://www.sec.gov/Archives/edgar/data/47217/000104746914007462/a2221140z10-q.htm"
  },
  {
    "date": "2014-04-30",
    "symbol": "HPQ",
    "reportedCurrency": "USD",
    "cik": "0000047217",
    "fillingDate": "2014-06-09",
    "acceptedDate": "2014-06-06 18:46:13",
    "calendarYear": "2014",
    "period": "Q2",
    "revenue": 27309000000,
    "costOfRevenue": 20704000000,
    "grossProfit": 6605000000,
    "grossProfitRatio": 0.2418616573,
    "researchAndDevelopmentExpenses": 873000000,
    "generalAndAdministrativeExpenses": 0,
    "sellingAndMarketingExpenses": 0,
    "sellingGeneralAndAdministrativeExpenses": 3391000000,
    "otherExpenses": 519000000,
    "operatingExpenses": 4783000000,
    "costAndExpenses": 25487000000,
    "interestIncome": 0,
    "interestExpense": 0,
    "depreciationAndAmortization": 1087000000,
    "ebitda": 3164000000,
    "ebitdaratio": 0.1158592405,
    "operatingIncome": 1822000000,
    "operatingIncomeRatio": 0.0667179318,
    "totalOtherIncomeExpensesNet": -174000000,
    "incomeBeforeTax": 1648000000,
    "incomeBeforeTaxRatio": 0.0603464059,
    "incomeTaxExpense": 375000000,
    "netIncome": 1273000000,
    "netIncomeRatio": 0.0466146692,
    "eps": 0.67,
    "epsdiluted": 0.66,
    "weightedAverageShsOut": 1890000000,
    "weightedAverageShsOutDil": 1916000000,
    "link": "https://www.sec.gov/Archives/edgar/data/47217/000104746914005424/0001047469-14-005424-index.htm",
    "finalLink": "https://www.sec.gov/Archives/edgar/data/47217/000104746914005424/a2220300z10-q.htm"
  },
  {
    "date": "2014-01-31",
    "symbol": "HPQ",
    "reportedCurrency": "USD",
    "cik": "0000047217",
    "fillingDate": "2014-03-11",
    "acceptedDate": "2014-03-11 17:19:30",
    "calendarYear": "2014",
    "period": "Q1",
    "revenue": 28154000000,
    "costOfRevenue": 21736000000,
    "grossProfit": 6418000000,
    "grossProfitRatio": 0.2279605029,
    "researchAndDevelopmentExpenses": 811000000,
    "generalAndAdministrativeExpenses": 0,
    "sellingAndMarketingExpenses": 0,
    "sellingGeneralAndAdministrativeExpenses": 3210000000,
    "otherExpenses": 400000000,
    "operatingExpenses": 4421000000,
    "costAndExpenses": 26157000000,
    "interestIncome": 0,
    "interestExpense": 0,
    "depreciationAndAmortization": 1117000000,
    "ebitda": 3231000000,
    "ebitdaratio": 0.114761668,
    "operatingIncome": 1997000000,
    "operatingIncomeRatio": 0.0709313064,
    "totalOtherIncomeExpensesNet": -163000000,
    "incomeBeforeTax": 1834000000,
    "incomeBeforeTaxRatio": 0.0651417205,
    "incomeTaxExpense": 409000000,
    "netIncome": 1425000000,
    "netIncomeRatio": 0.0506144775,
    "eps": 0.75,
    "epsdiluted": 0.74,
    "weightedAverageShsOut": 1907000000,
    "weightedAverageShsOutDil": 1935000000,
    "link": "https://www.sec.gov/Archives/edgar/data/47217/000104746914002153/0001047469-14-002153-index.htm",
    "finalLink": "https://www.sec.gov/Archives/edgar/data/47217/000104746914002153/a2218511z10-q.htm"
  },
  {
    "date": "2013-10-31",
    "symbol": "HPQ",
    "reportedCurrency": "USD",
    "cik": "0000047217",
    "fillingDate": "2013-12-30",
    "acceptedDate": "2013-12-27 21:39:08",
    "calendarYear": "2013",
    "period": "Q4",
    "revenue": 29131000000,
    "costOfRevenue": 22437000000,
    "grossProfit": 6694000000,
    "grossProfitRatio": 0.2297895712,
    "researchAndDevelopmentExpenses": 729000000,
    "generalAndAdministrativeExpenses": 0,
    "sellingAndMarketingExpenses": 0,
    "sellingGeneralAndAdministrativeExpenses": 3351000000,
    "otherExpenses": 691000000,
    "operatingExpenses": 4771000000,
    "costAndExpenses": 27208000000,
    "interestIncome": 0,
    "interestExpense": 0,
    "depreciationAndAmortization": 1120000000,
    "ebitda": 3417000000,
    "ebitdaratio": 0.1172977241,
    "operatingIncome": 1923000000,
    "operatingIncomeRatio": 0.066012152,
    "totalOtherIncomeExpensesNet": -103000000,
    "incomeBeforeTax": 1820000000,
    "incomeBeforeTaxRatio": 0.0624763997,
    "incomeTaxExpense": 406000000,
    "netIncome": 1414000000,
    "netIncomeRatio": 0.0485393567,
    "eps": 0.74,
    "epsdiluted": 0.73,
    "weightedAverageShsOut": 1918000000,
    "weightedAverageShsOutDil": 1940000000,
    "link": "https://www.sec.gov/Archives/edgar/data/47217/000104746913011417/0001047469-13-011417-index.htm",
    "finalLink": "https://www.sec.gov/Archives/edgar/data/47217/000104746913011417/a2217554z10-k.htm"
  },
  {
    "date": "2013-07-31",
    "symbol": "HPQ",
    "reportedCurrency": "USD",
    "cik": "0000047217",
    "fillingDate": "2013-09-09",
    "acceptedDate": "2013-09-06 21:44:02",
    "calendarYear": "2013",
    "period": "Q3",
    "revenue": 27226000000,
    "costOfRevenue": 20859000000,
    "grossProfit": 6367000000,
    "grossProfitRatio": 0.2338573422,
    "researchAndDevelopmentExpenses": 797000000,
    "generalAndAdministrativeExpenses": 0,
    "sellingAndMarketingExpenses": 0,
    "sellingGeneralAndAdministrativeExpenses": 3274000000,
    "otherExpenses": 441000000,
    "operatingExpenses": 4512000000,
    "costAndExpenses": 25371000000,
    "interestIncome": 0,
    "interestExpense": 0,
    "depreciationAndAmortization": 1158000000,
    "ebitda": 3098000000,
    "ebitdaratio": 0.1137882906,
    "operatingIncome": 1855000000,
    "operatingIncomeRatio": 0.0681334019,
    "totalOtherIncomeExpensesNet": -146000000,
    "incomeBeforeTax": 1709000000,
    "incomeBeforeTaxRatio": 0.0627708808,
    "incomeTaxExpense": 319000000,
    "netIncome": 1709000000,
    "netIncomeRatio": 0.0627708808,
    "eps": 0.72,
    "epsdiluted": 0.71,
    "weightedAverageShsOut": 1929000000,
    "weightedAverageShsOutDil": 1948000000,
    "link": "https://www.sec.gov/Archives/edgar/data/47217/000104746913008916/0001047469-13-008916-index.htm",
    "finalLink": "https://www.sec.gov/Archives/edgar/data/47217/000104746913008916/a2216474z10-q.htm"
  },
  {
    "date": "2013-04-30",
    "symbol": "HPQ",
    "reportedCurrency": "USD",
    "cik": "0000047217",
    "fillingDate": "2013-06-06",
    "acceptedDate": "2013-06-06 17:27:24",
    "calendarYear": "2013",
    "period": "Q2",
    "revenue": 27582000000,
    "costOfRevenue": 21055000000,
    "grossProfit": 6527000000,
    "grossProfitRatio": 0.2366398376,
    "researchAndDevelopmentExpenses": 815000000,
    "generalAndAdministrativeExpenses": 0,
    "sellingAndMarketingExpenses": 0,
    "sellingGeneralAndAdministrativeExpenses": 3342000000,
    "otherExpenses": 769000000,
    "operatingExpenses": 4926000000,
    "costAndExpenses": 25981000000,
    "interestIncome": 0,
    "interestExpense": 0,
    "depreciationAndAmortization": 1170000000,
    "ebitda": 3190000000,
    "ebitdaratio": 0.1156551374,
    "operatingIncome": 1601000000,
    "operatingIncomeRatio": 0.0580451019,
    "totalOtherIncomeExpensesNet": -193000000,
    "incomeBeforeTax": 1408000000,
    "incomeBeforeTaxRatio": 0.0510477848,
    "incomeTaxExpense": 331000000,
    "netIncome": 1077000000,
    "netIncomeRatio": 0.0390472047,
    "eps": 0.56,
    "epsdiluted": 0.55,
    "weightedAverageShsOut": 1935000000,
    "weightedAverageShsOutDil": 1947000000,
    "link": "https://www.sec.gov/Archives/edgar/data/47217/000104746913006802/0001047469-13-006802-index.htm",
    "finalLink": "https://www.sec.gov/Archives/edgar/data/47217/000104746913006802/a2215416z10-q.htm"
  },
  {
    "date": "2013-01-31",
    "symbol": "HPQ",
    "reportedCurrency": "USD",
    "cik": "0000047217",
    "fillingDate": "2013-03-11",
    "acceptedDate": "2013-03-11 17:29:05",
    "calendarYear": "2013",
    "period": "Q1",
    "revenue": 28359000000,
    "costOfRevenue": 22029000000,
    "grossProfit": 6330000000,
    "grossProfitRatio": 0.2232095631,
    "researchAndDevelopmentExpenses": 794000000,
    "generalAndAdministrativeExpenses": 0,
    "sellingAndMarketingExpenses": 0,
    "sellingGeneralAndAdministrativeExpenses": 3300000000,
    "otherExpenses": 484000000,
    "operatingExpenses": 4578000000,
    "costAndExpenses": 26607000000,
    "interestIncome": 0,
    "interestExpense": 0,
    "depreciationAndAmortization": 1163000000,
    "ebitda": 3049000000,
    "ebitdaratio": 0.1075143693,
    "operatingIncome": 1752000000,
    "operatingIncomeRatio": 0.0617793293,
    "totalOtherIncomeExpensesNet": -179000000,
    "incomeBeforeTax": 1573000000,
    "incomeBeforeTaxRatio": 0.0554674001,
    "incomeTaxExpense": 341000000,
    "netIncome": 1232000000,
    "netIncomeRatio": 0.0434429987,
    "eps": 0.63,
    "epsdiluted": 0.63,
    "weightedAverageShsOut": 1953000000,
    "weightedAverageShsOutDil": 1956000000,
    "link": "https://www.sec.gov/Archives/edgar/data/47217/000104746913002541/0001047469-13-002541-index.htm",
    "finalLink": "https://www.sec.gov/Archives/edgar/data/47217/000104746913002541/a2213220z10-q.htm"
  },
  {
    "date": "2012-10-31",
    "symbol": "HPQ",
    "reportedCurrency": "USD",
    "cik": "0000047217",
    "fillingDate": "2012-12-27",
    "acceptedDate": "2012-12-27 16:55:25",
    "calendarYear": "2012",
    "period": "Q4",
    "revenue": 29959000000,
    "costOfRevenue": 22711000000,
    "grossProfit": 7248000000,
    "grossProfitRatio": 0.2419306385,
    "researchAndDevelopmentExpenses": 909000000,
    "generalAndAdministrativeExpenses": 10273000000,
    "sellingAndMarketingExpenses": 0,
    "sellingGeneralAndAdministrativeExpenses": 3227000000,
    "otherExpenses": 9600000000,
    "operatingExpenses": 13736000000,
    "costAndExpenses": 36447000000,
    "interestIncome": 0,
    "interestExpense": 0,
    "depreciationAndAmortization": 1201000000,
    "ebitda": 3941000000,
    "ebitdaratio": 0.1315464468,
    "operatingIncome": -6488000000,
    "operatingIncomeRatio": -0.2165626356,
    "totalOtherIncomeExpensesNet": -188000000,
    "incomeBeforeTax": -6676000000,
    "incomeBeforeTaxRatio": -0.2228378784,
    "incomeTaxExpense": 178000000,
    "netIncome": -6854000000,
    "netIncomeRatio": -0.2287793318,
    "eps": -3.51,
    "epsdiluted": -3.51,
    "weightedAverageShsOut": 1953000000,
    "weightedAverageShsOutDil": 1953000000,
    "link": "https://www.sec.gov/Archives/edgar/data/47217/000104746912011417/0001047469-12-011417-index.htm",
    "finalLink": "https://www.sec.gov/Archives/edgar/data/47217/000104746912011417/a2211959z10-k.htm"
  },
  {
    "date": "2012-07-31",
    "symbol": "HPQ",
    "reportedCurrency": "USD",
    "cik": "0000047217",
    "fillingDate": "2012-09-10",
    "acceptedDate": "2012-09-07 21:51:12",
    "calendarYear": "2012",
    "period": "Q3",
    "revenue": 29669000000,
    "costOfRevenue": 22820000000,
    "grossProfit": 6849000000,
    "grossProfitRatio": 0.230847012,
    "researchAndDevelopmentExpenses": 854000000,
    "generalAndAdministrativeExpenses": 0,
    "sellingAndMarketingExpenses": 0,
    "sellingGeneralAndAdministrativeExpenses": 3366000000,
    "otherExpenses": 11462000000,
    "operatingExpenses": 15682000000,
    "costAndExpenses": 38502000000,
    "interestIncome": 0,
    "interestExpense": 0,
    "depreciationAndAmortization": 1306000000,
    "ebitda": 3459000000,
    "ebitdaratio": 0.1165863359,
    "operatingIncome": -8833000000,
    "operatingIncomeRatio": -0.297718157,
    "totalOtherIncomeExpensesNet": -224000000,
    "incomeBeforeTax": -9057000000,
    "incomeBeforeTaxRatio": -0.305268125,
    "incomeTaxExpense": -200000000,
    "netIncome": -8857000000,
    "netIncomeRatio": -0.2985270821,
    "eps": -4.49,
    "epsdiluted": -4.49,
    "weightedAverageShsOut": 1971000000,
    "weightedAverageShsOutDil": 1971000000,
    "link": "https://www.sec.gov/Archives/edgar/data/47217/000104746912008732/0001047469-12-008732-index.htm",
    "finalLink": "https://www.sec.gov/Archives/edgar/data/47217/000104746912008732/a2210845z10-q.htm"
  },
  {
    "date": "2012-04-30",
    "symbol": "HPQ",
    "reportedCurrency": "USD",
    "cik": "0000047217",
    "fillingDate": "2012-06-08",
    "acceptedDate": "2012-06-08 17:19:52",
    "calendarYear": "2012",
    "period": "Q2",
    "revenue": 30693000000,
    "costOfRevenue": 23541000000,
    "grossProfit": 7152000000,
    "grossProfitRatio": 0.2330173004,
    "researchAndDevelopmentExpenses": 850000000,
    "generalAndAdministrativeExpenses": 0,
    "sellingAndMarketingExpenses": 0,
    "sellingGeneralAndAdministrativeExpenses": 3540000000,
    "otherExpenses": 540000000,
    "operatingExpenses": 4930000000,
    "costAndExpenses": 28471000000,
    "interestIncome": 0,
    "interestExpense": 243000000,
    "depreciationAndAmortization": 1285000000,
    "ebitda": 3577000000,
    "ebitdaratio": 0.1165412309,
    "operatingIncome": 2222000000,
    "operatingIncomeRatio": 0.072394357,
    "totalOtherIncomeExpensesNet": -243000000,
    "incomeBeforeTax": 1979000000,
    "incomeBeforeTaxRatio": 0.0644772424,
    "incomeTaxExpense": 386000000,
    "netIncome": 1593000000,
    "netIncomeRatio": 0.0519010849,
    "eps": 0.8,
    "epsdiluted": 0.8,
    "weightedAverageShsOut": 1979000000,
    "weightedAverageShsOutDil": 1987000000,
    "link": "https://www.sec.gov/Archives/edgar/data/47217/000104746912006550/0001047469-12-006550-index.htm",
    "finalLink": "https://www.sec.gov/Archives/edgar/data/47217/000104746912006550/a2209764z10-q.htm"
  },
  {
    "date": "2012-01-31",
    "symbol": "HPQ",
    "reportedCurrency": "USD",
    "cik": "0000047217",
    "fillingDate": "2012-03-12",
    "acceptedDate": "2012-03-12 16:55:32",
    "calendarYear": "2012",
    "period": "Q1",
    "revenue": 30036000000,
    "costOfRevenue": 23313000000,
    "grossProfit": 6723000000,
    "grossProfitRatio": 0.2238314023,
    "researchAndDevelopmentExpenses": 786000000,
    "generalAndAdministrativeExpenses": 0,
    "sellingAndMarketingExpenses": 0,
    "sellingGeneralAndAdministrativeExpenses": 3367000000,
    "otherExpenses": 528000000,
    "operatingExpenses": 4681000000,
    "costAndExpenses": 27994000000,
    "interestIncome": 0,
    "interestExpense": 0,
    "depreciationAndAmortization": 1303000000,
    "ebitda": 3407000000,
    "ebitdaratio": 0.11343055,
    "operatingIncome": 2042000000,
    "operatingIncomeRatio": 0.0679850846,
    "totalOtherIncomeExpensesNet": -221000000,
    "incomeBeforeTax": 1821000000,
    "incomeBeforeTaxRatio": 0.0606272473,
    "incomeTaxExpense": 353000000,
    "netIncome": 1468000000,
    "netIncomeRatio": 0.0488746837,
    "eps": 0.74,
    "epsdiluted": 0.73,
    "weightedAverageShsOut": 1981000000,
    "weightedAverageShsOutDil": 1998000000,
    "link": "https://www.sec.gov/Archives/edgar/data/47217/000104746912002476/0001047469-12-002476-index.htm",
    "finalLink": "https://www.sec.gov/Archives/edgar/data/47217/000104746912002476/a2207600z10-q.htm"
  },
  {
    "date": "2011-10-31",
    "symbol": "HPQ",
    "reportedCurrency": "USD",
    "cik": "0000047217",
    "fillingDate": "2011-12-14",
    "acceptedDate": "2011-12-14 17:26:45",
    "calendarYear": "2011",
    "period": "Q4",
    "revenue": 32122000000,
    "costOfRevenue": 25561000000,
    "grossProfit": 6561000000,
    "grossProfitRatio": 0.2042525372,
    "researchAndDevelopmentExpenses": 829000000,
    "generalAndAdministrativeExpenses": 9889000000,
    "sellingAndMarketingExpenses": 0,
    "sellingGeneralAndAdministrativeExpenses": 3577000000,
    "otherExpenses": 1360000000,
    "operatingExpenses": 5766000000,
    "costAndExpenses": 31327000000,
    "interestIncome": 0,
    "interestExpense": 0,
    "depreciationAndAmortization": 1262000000,
    "ebitda": 3540000000,
    "ebitdaratio": 0.110204844,
    "operatingIncome": 795000000,
    "operatingIncomeRatio": 0.0247493929,
    "totalOtherIncomeExpensesNet": -401000000,
    "incomeBeforeTax": 394000000,
    "incomeBeforeTaxRatio": 0.0122657369,
    "incomeTaxExpense": 155000000,
    "netIncome": 239000000,
    "netIncomeRatio": 0.0074403835,
    "eps": 0.12,
    "epsdiluted": 0.12,
    "weightedAverageShsOut": 1981000000,
    "weightedAverageShsOutDil": 1981000000,
    "link": "https://www.sec.gov/Archives/edgar/data/47217/000104746911010094/0001047469-11-010094-index.htm",
    "finalLink": "https://www.sec.gov/Archives/edgar/data/47217/000104746911010094/a2206500z10-k.htm"
  },
  {
    "date": "2011-07-31",
    "symbol": "HPQ",
    "reportedCurrency": "USD",
    "cik": "0000047217",
    "fillingDate": "2011-09-09",
    "acceptedDate": "2011-09-09 16:55:48",
    "calendarYear": "2011",
    "period": "Q3",
    "revenue": 31189000000,
    "costOfRevenue": 23901000000,
    "grossProfit": 7288000000,
    "grossProfitRatio": 0.233672128,
    "researchAndDevelopmentExpenses": 812000000,
    "generalAndAdministrativeExpenses": 0,
    "sellingAndMarketingExpenses": 0,
    "sellingGeneralAndAdministrativeExpenses": 3430000000,
    "otherExpenses": 526000000,
    "operatingExpenses": 4768000000,
    "costAndExpenses": 28669000000,
    "interestIncome": 0,
    "interestExpense": 201000000,
    "depreciationAndAmortization": 1225000000,
    "ebitda": 3913000000,
    "ebitdaratio": 0.1254608997,
    "operatingIncome": 2520000000,
    "operatingIncomeRatio": 0.0807977171,
    "totalOtherIncomeExpensesNet": -121000000,
    "incomeBeforeTax": 2399000000,
    "incomeBeforeTaxRatio": 0.0769181442,
    "incomeTaxExpense": 473000000,
    "netIncome": 1926000000,
    "netIncomeRatio": 0.061752541,
    "eps": 0.94,
    "epsdiluted": 0.93,
    "weightedAverageShsOut": 2054000000,
    "weightedAverageShsOutDil": 2080000000,
    "link": "https://www.sec.gov/Archives/edgar/data/47217/000104746911007947/0001047469-11-007947-index.htm",
    "finalLink": "https://www.sec.gov/Archives/edgar/data/47217/000104746911007947/a2205371z10-q.htm"
  },
  {
    "date": "2011-04-30",
    "symbol": "HPQ",
    "reportedCurrency": "USD",
    "cik": "0000047217",
    "fillingDate": "2011-06-08",
    "acceptedDate": "2011-06-08 17:15:37",
    "calendarYear": "2011",
    "period": "Q2",
    "revenue": 31632000000,
    "costOfRevenue": 23832000000,
    "grossProfit": 7800000000,
    "grossProfitRatio": 0.246585736,
    "researchAndDevelopmentExpenses": 815000000,
    "generalAndAdministrativeExpenses": 0,
    "sellingAndMarketingExpenses": 0,
    "sellingGeneralAndAdministrativeExpenses": 3425000000,
    "otherExpenses": 592000000,
    "operatingExpenses": 4832000000,
    "costAndExpenses": 28664000000,
    "interestIncome": 0,
    "interestExpense": 76000000,
    "depreciationAndAmortization": 1242000000,
    "ebitda": 4210000000,
    "ebitdaratio": 0.1330930703,
    "operatingIncome": 2968000000,
    "operatingIncomeRatio": 0.0938290339,
    "totalOtherIncomeExpensesNet": -76000000,
    "incomeBeforeTax": 2892000000,
    "incomeBeforeTaxRatio": 0.0914264036,
    "incomeTaxExpense": 588000000,
    "netIncome": 2304000000,
    "netIncomeRatio": 0.0728376328,
    "eps": 1.07,
    "epsdiluted": 1.05,
    "weightedAverageShsOut": 2150000000,
    "weightedAverageShsOutDil": 2184000000,
    "link": "https://www.sec.gov/Archives/edgar/data/47217/000104746911005755/0001047469-11-005755-index.htm",
    "finalLink": "https://www.sec.gov/Archives/edgar/data/47217/000104746911005755/a2204286z10-q.htm"
  },
  {
    "date": "2011-01-31",
    "symbol": "HPQ",
    "reportedCurrency": "USD",
    "cik": "0000047217",
    "fillingDate": "2011-03-11",
    "acceptedDate": "2011-03-10 21:52:39",
    "calendarYear": "2011",
    "period": "Q1",
    "revenue": 32302000000,
    "costOfRevenue": 24381000000,
    "grossProfit": 7921000000,
    "grossProfitRatio": 0.2452170144,
    "researchAndDevelopmentExpenses": 798000000,
    "generalAndAdministrativeExpenses": 0,
    "sellingAndMarketingExpenses": 0,
    "sellingGeneralAndAdministrativeExpenses": 3117000000,
    "otherExpenses": 612000000,
    "operatingExpenses": 4527000000,
    "costAndExpenses": 28908000000,
    "interestIncome": 0,
    "interestExpense": 0,
    "depreciationAndAmortization": 1255000000,
    "ebitda": 4836000000,
    "ebitdaratio": 0.1497120921,
    "operatingIncome": 3394000000,
    "operatingIncomeRatio": 0.1050708934,
    "totalOtherIncomeExpensesNet": -97000000,
    "incomeBeforeTax": 3297000000,
    "incomeBeforeTaxRatio": 0.1020679834,
    "incomeTaxExpense": 692000000,
    "netIncome": 2605000000,
    "netIncomeRatio": 0.0806451613,
    "eps": 1.19,
    "epsdiluted": 1.17,
    "weightedAverageShsOut": 2182000000,
    "weightedAverageShsOutDil": 2226000000,
    "link": "https://www.sec.gov/Archives/edgar/data/47217/000104746911002006/0001047469-11-002006-index.htm",
    "finalLink": "https://www.sec.gov/Archives/edgar/data/47217/000104746911002006/a2202283z10-q.htm"
  },
  {
    "date": "2010-10-31",
    "symbol": "HPQ",
    "reportedCurrency": "USD",
    "cik": "0000047217",
    "fillingDate": "2010-12-15",
    "acceptedDate": "2010-12-15 17:28:03",
    "calendarYear": "2010",
    "period": "Q4",
    "revenue": 33278000000,
    "costOfRevenue": 25024000000,
    "grossProfit": 8254000000,
    "grossProfitRatio": 0.2480317327,
    "researchAndDevelopmentExpenses": 814000000,
    "generalAndAdministrativeExpenses": 9150000000,
    "sellingAndMarketingExpenses": 0,
    "sellingGeneralAndAdministrativeExpenses": 3435000000,
    "otherExpenses": 710000000,
    "operatingExpenses": 4959000000,
    "costAndExpenses": 29983000000,
    "interestIncome": 0,
    "interestExpense": 81000000,
    "depreciationAndAmortization": 1264000000,
    "ebitda": 4559000000,
    "ebitdaratio": 0.1369974157,
    "operatingIncome": 3295000000,
    "operatingIncomeRatio": 0.0990143638,
    "totalOtherIncomeExpensesNet": -81000000,
    "incomeBeforeTax": 3214000000,
    "incomeBeforeTaxRatio": 0.0965803233,
    "incomeTaxExpense": 676000000,
    "netIncome": 2538000000,
    "netIncomeRatio": 0.0762666026,
    "eps": 1.16,
    "epsdiluted": 1.16,
    "weightedAverageShsOut": 2182000000,
    "weightedAverageShsOutDil": 2182000000,
    "link": "https://www.sec.gov/Archives/edgar/data/47217/000104746910010444/0001047469-10-010444-index.htm",
    "finalLink": "https://www.sec.gov/Archives/edgar/data/47217/000104746910010444/a2201180z10-k.htm"
  },
  {
    "date": "2010-07-31",
    "symbol": "HPQ",
    "reportedCurrency": "USD",
    "cik": "0000047217",
    "fillingDate": "2010-09-09",
    "acceptedDate": "2010-09-09 06:05:01",
    "calendarYear": "2010",
    "period": "Q3",
    "revenue": 30729000000,
    "costOfRevenue": 23290000000,
    "grossProfit": 7439000000,
    "grossProfitRatio": 0.2420840249,
    "researchAndDevelopmentExpenses": 742000000,
    "generalAndAdministrativeExpenses": 0,
    "sellingAndMarketingExpenses": 0,
    "sellingGeneralAndAdministrativeExpenses": 3191000000,
    "otherExpenses": 1183000000,
    "operatingExpenses": 5116000000,
    "costAndExpenses": 28406000000,
    "interestIncome": 0,
    "interestExpense": 209000000,
    "depreciationAndAmortization": 1210000000,
    "ebitda": 3608000000,
    "ebitdaratio": 0.1174135182,
    "operatingIncome": 2323000000,
    "operatingIncomeRatio": 0.0755963422,
    "totalOtherIncomeExpensesNet": -134000000,
    "incomeBeforeTax": 2189000000,
    "incomeBeforeTaxRatio": 0.0712356406,
    "incomeTaxExpense": 416000000,
    "netIncome": 1773000000,
    "netIncomeRatio": 0.0576979401,
    "eps": 0.76,
    "epsdiluted": 0.75,
    "weightedAverageShsOut": 2322000000,
    "weightedAverageShsOutDil": 2376000000,
    "link": "https://www.sec.gov/Archives/edgar/data/47217/000104746910007964/0001047469-10-007964-index.htm",
    "finalLink": "https://www.sec.gov/Archives/edgar/data/47217/000104746910007964/a2199982z10-q.htm"
  },
  {
    "date": "2010-04-30",
    "symbol": "HPQ",
    "reportedCurrency": "USD",
    "cik": "0000047217",
    "fillingDate": "2010-06-08",
    "acceptedDate": "2010-06-08 16:46:15",
    "calendarYear": "2010",
    "period": "Q2",
    "revenue": 30849000000,
    "costOfRevenue": 23569000000,
    "grossProfit": 7280000000,
    "grossProfitRatio": 0.2359882006,
    "researchAndDevelopmentExpenses": 722000000,
    "generalAndAdministrativeExpenses": 0,
    "sellingAndMarketingExpenses": 0,
    "sellingGeneralAndAdministrativeExpenses": 3096000000,
    "otherExpenses": 604000000,
    "operatingExpenses": 4422000000,
    "costAndExpenses": 27991000000,
    "interestIncome": 0,
    "interestExpense": 91000000,
    "depreciationAndAmortization": 1184000000,
    "ebitda": 4042000000,
    "ebitdaratio": 0.1310253169,
    "operatingIncome": 2858000000,
    "operatingIncomeRatio": 0.0926448183,
    "totalOtherIncomeExpensesNet": -91000000,
    "incomeBeforeTax": 2767000000,
    "incomeBeforeTaxRatio": 0.0896949658,
    "incomeTaxExpense": 567000000,
    "netIncome": 2200000000,
    "netIncomeRatio": 0.0713151156,
    "eps": 0.94,
    "epsdiluted": 0.91,
    "weightedAverageShsOut": 2345000000,
    "weightedAverageShsOutDil": 2406000000,
    "link": "https://www.sec.gov/Archives/edgar/data/47217/000104746910005835/0001047469-10-005835-index.htm",
    "finalLink": "https://www.sec.gov/Archives/edgar/data/47217/000104746910005835/a2198904z10-q.htm"
  },
  {
    "date": "2010-01-31",
    "symbol": "HPQ",
    "reportedCurrency": "USD",
    "cik": "0000047217",
    "fillingDate": "2010-03-11",
    "acceptedDate": "2010-03-11 16:16:22",
    "calendarYear": "2010",
    "period": "Q1",
    "revenue": 31177000000,
    "costOfRevenue": 24027000000,
    "grossProfit": 7150000000,
    "grossProfitRatio": 0.2293357283,
    "researchAndDevelopmentExpenses": 681000000,
    "generalAndAdministrativeExpenses": 0,
    "sellingAndMarketingExpenses": 0,
    "sellingGeneralAndAdministrativeExpenses": 2967000000,
    "otherExpenses": 499000000,
    "operatingExpenses": 4147000000,
    "costAndExpenses": 28174000000,
    "interestIncome": 0,
    "interestExpense": 199000000,
    "depreciationAndAmortization": 1162000000,
    "ebitda": 4334000000,
    "ebitdaratio": 0.1390127337,
    "operatingIncome": 3003000000,
    "operatingIncomeRatio": 0.0963210059,
    "totalOtherIncomeExpensesNet": -199000000,
    "incomeBeforeTax": 2804000000,
    "incomeBeforeTaxRatio": 0.0899380954,
    "incomeTaxExpense": 554000000,
    "netIncome": 2323000000,
    "netIncomeRatio": 0.0745100555,
    "eps": 0.99,
    "epsdiluted": 0.96,
    "weightedAverageShsOut": 2358000000,
    "weightedAverageShsOutDil": 2427000000,
    "link": "https://www.sec.gov/Archives/edgar/data/47217/000104746910002073/0001047469-10-002073-index.htm",
    "finalLink": "https://www.sec.gov/Archives/edgar/data/47217/000104746910002073/a2196584z10-q.htm"
  },
  {
    "date": "2009-10-31",
    "symbol": "HPQ",
    "reportedCurrency": "USD",
    "cik": "0000047217",
    "fillingDate": "2009-12-17",
    "acceptedDate": "2009-12-17 17:23:54",
    "calendarYear": "2009",
    "period": "Q4",
    "revenue": 30950000000,
    "costOfRevenue": 23600000000,
    "grossProfit": 7350000000,
    "grossProfitRatio": 0.2374798061,
    "researchAndDevelopmentExpenses": 704000000,
    "generalAndAdministrativeExpenses": 8647000000,
    "sellingAndMarketingExpenses": 0,
    "sellingGeneralAndAdministrativeExpenses": 2966000000,
    "otherExpenses": 499000000,
    "operatingExpenses": 4169000000,
    "costAndExpenses": 27769000000,
    "interestIncome": 0,
    "interestExpense": 0,
    "depreciationAndAmortization": 1227000000,
    "ebitda": 4507000000,
    "ebitdaratio": 0.1456219709,
    "operatingIncome": 3181000000,
    "operatingIncomeRatio": 0.1027786753,
    "totalOtherIncomeExpensesNet": -132000000,
    "incomeBeforeTax": 3049000000,
    "incomeBeforeTaxRatio": 0.0985137318,
    "incomeTaxExpense": 601000000,
    "netIncome": 2448000000,
    "netIncomeRatio": 0.079095315,
    "eps": 1.04,
    "epsdiluted": 1.04,
    "weightedAverageShsOut": 2358000000,
    "weightedAverageShsOutDil": 2358000000,
    "link": "https://www.sec.gov/Archives/edgar/data/47217/000104746909010806/0001047469-09-010806-index.htm",
    "finalLink": "https://www.sec.gov/Archives/edgar/data/47217/000104746909010806/a2195472z10-k.htm"
  },
  {
    "date": "2009-07-31",
    "symbol": "HPQ",
    "reportedCurrency": "USD",
    "cik": "0000047217",
    "fillingDate": "2009-09-04",
    "acceptedDate": "2009-09-04 17:27:24",
    "calendarYear": "2009",
    "period": "Q3",
    "revenue": 27585000000,
    "costOfRevenue": 21031000000,
    "grossProfit": 6554000000,
    "grossProfitRatio": 0.2375928947,
    "researchAndDevelopmentExpenses": 667000000,
    "generalAndAdministrativeExpenses": 0,
    "sellingAndMarketingExpenses": 0,
    "sellingGeneralAndAdministrativeExpenses": 2874000000,
    "otherExpenses": 800000000,
    "operatingExpenses": 4341000000,
    "costAndExpenses": 25372000000,
    "interestIncome": 0,
    "interestExpense": 177000000,
    "depreciationAndAmortization": 1179000000,
    "ebitda": 3392000000,
    "ebitdaratio": 0.1229653797,
    "operatingIncome": 2213000000,
    "operatingIncomeRatio": 0.0802247598,
    "totalOtherIncomeExpensesNet": -177000000,
    "incomeBeforeTax": 2036000000,
    "incomeBeforeTaxRatio": 0.0738082291,
    "incomeTaxExpense": 365000000,
    "netIncome": 1642000000,
    "netIncomeRatio": 0.0595251042,
    "eps": 0.69,
    "epsdiluted": 0.67,
    "weightedAverageShsOut": 2382000000,
    "weightedAverageShsOutDil": 2436000000,
    "link": "https://www.sec.gov/Archives/edgar/data/47217/000104746909008160/0001047469-09-008160-index.htm",
    "finalLink": "https://www.sec.gov/Archives/edgar/data/47217/000104746909008160/a2194317z10-q.htm"
  },
  {
    "date": "2009-04-30",
    "symbol": "HPQ",
    "reportedCurrency": "USD",
    "cik": "0000047217",
    "fillingDate": "2009-06-05",
    "acceptedDate": "2009-06-05 16:39:31",
    "calendarYear": "2009",
    "period": "Q2",
    "revenue": 27383000000,
    "costOfRevenue": 20945000000,
    "grossProfit": 6438000000,
    "grossProfitRatio": 0.2351093744,
    "researchAndDevelopmentExpenses": 716000000,
    "generalAndAdministrativeExpenses": 0,
    "sellingAndMarketingExpenses": 0,
    "sellingGeneralAndAdministrativeExpenses": 2880000000,
    "otherExpenses": 549000000,
    "operatingExpenses": 4145000000,
    "costAndExpenses": 25090000000,
    "interestIncome": 0,
    "interestExpense": 0,
    "depreciationAndAmortization": 1153000000,
    "ebitda": 3615000000,
    "ebitdaratio": 0.1320162144,
    "operatingIncome": 2293000000,
    "operatingIncomeRatio": 0.0837380857,
    "totalOtherIncomeExpensesNet": -180000000,
    "incomeBeforeTax": 2113000000,
    "incomeBeforeTaxRatio": 0.0771646642,
    "incomeTaxExpense": 392000000,
    "netIncome": 1716000000,
    "netIncomeRatio": 0.062666618,
    "eps": 0.72,
    "epsdiluted": 0.71,
    "weightedAverageShsOut": 2394000000,
    "weightedAverageShsOutDil": 2438000000,
    "link": "https://www.sec.gov/Archives/edgar/data/47217/000104746909006186/0001047469-09-006186-index.htm",
    "finalLink": "https://www.sec.gov/Archives/edgar/data/47217/000104746909006186/a2193216z10-q.htm"
  },
  {
    "date": "2009-01-31",
    "symbol": "HPQ",
    "reportedCurrency": "USD",
    "cik": "0000047217",
    "fillingDate": "2009-03-10",
    "acceptedDate": "2009-03-10 17:20:25",
    "calendarYear": "2009",
    "period": "Q1",
    "revenue": 28807000000,
    "costOfRevenue": 22073000000,
    "grossProfit": 6734000000,
    "grossProfitRatio": 0.2337626271,
    "researchAndDevelopmentExpenses": 732000000,
    "generalAndAdministrativeExpenses": 0,
    "sellingAndMarketingExpenses": 0,
    "sellingGeneralAndAdministrativeExpenses": 2893000000,
    "otherExpenses": 612000000,
    "operatingExpenses": 4237000000,
    "costAndExpenses": 26310000000,
    "interestIncome": 0,
    "interestExpense": 232000000,
    "depreciationAndAmortization": 1214000000,
    "ebitda": 3711000000,
    "ebitdaratio": 0.1288228556,
    "operatingIncome": 2497000000,
    "operatingIncomeRatio": 0.0866803208,
    "totalOtherIncomeExpensesNet": -232000000,
    "incomeBeforeTax": 2265000000,
    "incomeBeforeTaxRatio": 0.0786267227,
    "incomeTaxExpense": 409000000,
    "netIncome": 1854000000,
    "netIncomeRatio": 0.0643593571,
    "eps": 0.77,
    "epsdiluted": 0.75,
    "weightedAverageShsOut": 2410000000,
    "weightedAverageShsOutDil": 2464000000,
    "link": "https://www.sec.gov/Archives/edgar/data/47217/000104746909002433/0001047469-09-002433-index.htm",
    "finalLink": "https://www.sec.gov/Archives/edgar/data/47217/000104746909002433/a2190921z10-q.htm"
  },
  {
    "date": "2008-10-31",
    "symbol": "HPQ",
    "reportedCurrency": "USD",
    "cik": "0000047217",
    "fillingDate": "2008-12-18",
    "acceptedDate": "2008-12-17 21:57:13",
    "calendarYear": "2008",
    "period": "Q4",
    "revenue": 33603000000,
    "costOfRevenue": 25441000000,
    "grossProfit": 8162000000,
    "grossProfitRatio": 0.2428949796,
    "researchAndDevelopmentExpenses": 842000000,
    "generalAndAdministrativeExpenses": 9788000000,
    "sellingAndMarketingExpenses": 0,
    "sellingGeneralAndAdministrativeExpenses": 3451000000,
    "otherExpenses": 1128000000,
    "operatingExpenses": 5421000000,
    "costAndExpenses": 30862000000,
    "interestIncome": 0,
    "interestExpense": 0,
    "depreciationAndAmortization": 1088000000,
    "ebitda": 4153000000,
    "ebitdaratio": 0.1235901556,
    "operatingIncome": 2741000000,
    "operatingIncomeRatio": 0.0815700979,
    "totalOtherIncomeExpensesNet": -98000000,
    "incomeBeforeTax": 2643000000,
    "incomeBeforeTaxRatio": 0.0786536916,
    "incomeTaxExpense": 531000000,
    "netIncome": 2112000000,
    "netIncomeRatio": 0.0628515311,
    "eps": 0.88,
    "epsdiluted": 0.88,
    "weightedAverageShsOut": 2410000000,
    "weightedAverageShsOutDil": 2410000000,
    "link": "https://www.sec.gov/Archives/edgar/data/47217/000104746908013240/0001047469-08-013240-index.htm",
    "finalLink": "https://www.sec.gov/Archives/edgar/data/47217/000104746908013240/a2189375z10-k.htm"
  },
  {
    "date": "2008-07-31",
    "symbol": "HPQ",
    "reportedCurrency": "USD",
    "cik": "0000047217",
    "fillingDate": "2008-09-05",
    "acceptedDate": "2008-09-04 21:57:43",
    "calendarYear": "2008",
    "period": "Q3",
    "revenue": 28032000000,
    "costOfRevenue": 21197000000,
    "grossProfit": 6835000000,
    "grossProfitRatio": 0.2438284817,
    "researchAndDevelopmentExpenses": 895000000,
    "generalAndAdministrativeExpenses": 0,
    "sellingAndMarketingExpenses": 0,
    "sellingGeneralAndAdministrativeExpenses": 3193000000,
    "otherExpenses": 218000000,
    "operatingExpenses": 4306000000,
    "costAndExpenses": 25503000000,
    "interestIncome": 0,
    "interestExpense": 0,
    "depreciationAndAmortization": 759000000,
    "ebitda": 3293000000,
    "ebitdaratio": 0.1174728881,
    "operatingIncome": 2529000000,
    "operatingIncomeRatio": 0.0902183219,
    "totalOtherIncomeExpensesNet": 23000000,
    "incomeBeforeTax": 2552000000,
    "incomeBeforeTaxRatio": 0.0910388128,
    "incomeTaxExpense": 525000000,
    "netIncome": 2027000000,
    "netIncomeRatio": 0.0723102169,
    "eps": 0.82,
    "epsdiluted": 0.8,
    "weightedAverageShsOut": 2459000000,
    "weightedAverageShsOutDil": 2533000000,
    "link": "https://www.sec.gov/Archives/edgar/data/47217/000104746908009881/0001047469-08-009881-index.htm",
    "finalLink": "https://www.sec.gov/Archives/edgar/data/47217/000104746908009881/a2187623z10-q.htm"
  },
  {
    "date": "2008-04-30",
    "symbol": "HPQ",
    "reportedCurrency": "USD",
    "cik": "0000047217",
    "fillingDate": "2008-06-06",
    "acceptedDate": "2008-06-06 17:19:43",
    "calendarYear": "2008",
    "period": "Q2",
    "revenue": 28262000000,
    "costOfRevenue": 21205000000,
    "grossProfit": 7057000000,
    "grossProfitRatio": 0.2496992428,
    "researchAndDevelopmentExpenses": 908000000,
    "generalAndAdministrativeExpenses": 0,
    "sellingAndMarketingExpenses": 0,
    "sellingGeneralAndAdministrativeExpenses": 3331000000,
    "otherExpenses": 228000000,
    "operatingExpenses": 4467000000,
    "costAndExpenses": 25672000000,
    "interestIncome": 0,
    "interestExpense": 0,
    "depreciationAndAmortization": 760000000,
    "ebitda": 3367000000,
    "ebitdaratio": 0.1191352346,
    "operatingIncome": 2590000000,
    "operatingIncomeRatio": 0.0916424881,
    "totalOtherIncomeExpensesNet": 3000000,
    "incomeBeforeTax": 2593000000,
    "incomeBeforeTaxRatio": 0.0917486377,
    "incomeTaxExpense": 536000000,
    "netIncome": 2057000000,
    "netIncomeRatio": 0.0727832425,
    "eps": 0.83,
    "epsdiluted": 0.8,
    "weightedAverageShsOut": 2473000000,
    "weightedAverageShsOutDil": 2557000000,
    "link": "https://www.sec.gov/Archives/edgar/data/47217/000104746908007277/0001047469-08-007277-index.htm",
    "finalLink": "https://www.sec.gov/Archives/edgar/data/47217/000104746908007277/a2185913z10-q.htm"
  },
  {
    "date": "2008-01-31",
    "symbol": "HPQ",
    "reportedCurrency": "USD",
    "cik": "0000047217",
    "fillingDate": "2008-03-10",
    "acceptedDate": "2008-03-10 17:26:54",
    "calendarYear": "2008",
    "period": "Q1",
    "revenue": 28467000000,
    "costOfRevenue": 21499000000,
    "grossProfit": 6968000000,
    "grossProfitRatio": 0.2447746514,
    "researchAndDevelopmentExpenses": 898000000,
    "generalAndAdministrativeExpenses": 0,
    "sellingAndMarketingExpenses": 0,
    "sellingGeneralAndAdministrativeExpenses": 3241000000,
    "otherExpenses": 216000000,
    "operatingExpenses": 4355000000,
    "costAndExpenses": 25854000000,
    "interestIncome": 0,
    "interestExpense": 0,
    "depreciationAndAmortization": 749000000,
    "ebitda": 3372000000,
    "ebitdaratio": 0.1184529455,
    "operatingIncome": 2613000000,
    "operatingIncomeRatio": 0.0917904943,
    "totalOtherIncomeExpensesNet": 72000000,
    "incomeBeforeTax": 2685000000,
    "incomeBeforeTaxRatio": 0.0943197386,
    "incomeTaxExpense": 552000000,
    "netIncome": 2133000000,
    "netIncomeRatio": 0.074928865,
    "eps": 0.83,
    "epsdiluted": 0.8,
    "weightedAverageShsOut": 2560000000,
    "weightedAverageShsOutDil": 2655000000,
    "link": "https://www.sec.gov/Archives/edgar/data/47217/000104746908002445/0001047469-08-002445-index.htm",
    "finalLink": "https://www.sec.gov/Archives/edgar/data/47217/000104746908002445/a2183022z10-q.htm"
  },
  {
    "date": "2007-10-31",
    "symbol": "HPQ",
    "reportedCurrency": "USD",
    "cik": "0000047217",
    "fillingDate": "2007-12-18",
    "acceptedDate": "2007-12-18 17:28:37",
    "calendarYear": "2007",
    "period": "Q4",
    "revenue": 28293000000,
    "costOfRevenue": 21304000000,
    "grossProfit": 6989000000,
    "grossProfitRatio": 0.2470222316,
    "researchAndDevelopmentExpenses": 914000000,
    "generalAndAdministrativeExpenses": 8829000000,
    "sellingAndMarketingExpenses": 0,
    "sellingGeneralAndAdministrativeExpenses": 3272000000,
    "otherExpenses": 171000000,
    "operatingExpenses": 4357000000,
    "costAndExpenses": 25661000000,
    "interestIncome": 0,
    "interestExpense": 0,
    "depreciationAndAmortization": 699000000,
    "ebitda": 3315000000,
    "ebitdaratio": 0.1171667904,
    "operatingIncome": 2632000000,
    "operatingIncomeRatio": 0.0930265437,
    "totalOtherIncomeExpensesNet": 67000000,
    "incomeBeforeTax": 2699000000,
    "incomeBeforeTaxRatio": 0.0953946206,
    "incomeTaxExpense": 535000000,
    "netIncome": 2164000000,
    "netIncomeRatio": 0.0764853497,
    "eps": 0.85,
    "epsdiluted": 0.85,
    "weightedAverageShsOut": 2560000000,
    "weightedAverageShsOutDil": 2560000000,
    "link": "https://www.sec.gov/Archives/edgar/data/47217/000104746907010151/0001047469-07-010151-index.htm",
    "finalLink": "https://www.sec.gov/Archives/edgar/data/47217/000104746907010151/a2181429z10-k.htm"
  },
  {
    "date": "2007-07-31",
    "symbol": "HPQ",
    "reportedCurrency": "USD",
    "cik": "0000047217",
    "fillingDate": "2007-09-07",
    "acceptedDate": "2007-09-07 16:16:45",
    "calendarYear": "2007",
    "period": "Q3",
    "revenue": 25377000000,
    "costOfRevenue": 19164000000,
    "grossProfit": 6213000000,
    "grossProfitRatio": 0.2448279939,
    "researchAndDevelopmentExpenses": 917000000,
    "generalAndAdministrativeExpenses": 0,
    "sellingAndMarketingExpenses": 0,
    "sellingGeneralAndAdministrativeExpenses": 3002000000,
    "otherExpenses": 178000000,
    "operatingExpenses": 4097000000,
    "costAndExpenses": 23261000000,
    "interestIncome": 0,
    "interestExpense": 0,
    "depreciationAndAmortization": 685000000,
    "ebitda": 2796000000,
    "ebitdaratio": 0.1101785081,
    "operatingIncome": 2116000000,
    "operatingIncomeRatio": 0.0833825905,
    "totalOtherIncomeExpensesNet": 170000000,
    "incomeBeforeTax": 2286000000,
    "incomeBeforeTaxRatio": 0.0900815699,
    "incomeTaxExpense": 508000000,
    "netIncome": 1778000000,
    "netIncomeRatio": 0.0700634433,
    "eps": 0.68,
    "epsdiluted": 0.66,
    "weightedAverageShsOut": 2600000000,
    "weightedAverageShsOutDil": 2697000000,
    "link": "https://www.sec.gov/Archives/edgar/data/47217/000104746907006879/0001047469-07-006879-index.htm",
    "finalLink": "https://www.sec.gov/Archives/edgar/data/47217/000104746907006879/a2179502z10-q.htm"
  },
  {
    "date": "2007-04-30",
    "symbol": "HPQ",
    "reportedCurrency": "USD",
    "cik": "0000047217",
    "fillingDate": "2007-06-08",
    "acceptedDate": "2007-06-08 17:21:51",
    "calendarYear": "2007",
    "period": "Q2",
    "revenue": 25534000000,
    "costOfRevenue": 19283000000,
    "grossProfit": 6251000000,
    "grossProfitRatio": 0.2448108404,
    "researchAndDevelopmentExpenses": 903000000,
    "generalAndAdministrativeExpenses": 0,
    "sellingAndMarketingExpenses": 0,
    "sellingGeneralAndAdministrativeExpenses": 3044000000,
    "otherExpenses": 176000000,
    "operatingExpenses": 4123000000,
    "costAndExpenses": 23406000000,
    "interestIncome": 0,
    "interestExpense": 0,
    "depreciationAndAmortization": 678000000,
    "ebitda": 3278000000,
    "ebitdaratio": 0.1283778491,
    "operatingIncome": 2128000000,
    "operatingIncomeRatio": 0.0833398606,
    "totalOtherIncomeExpensesNet": 100000000,
    "incomeBeforeTax": 2228000000,
    "incomeBeforeTaxRatio": 0.0872562074,
    "incomeTaxExpense": 453000000,
    "netIncome": 1775000000,
    "netIncomeRatio": 0.0695151563,
    "eps": 0.67,
    "epsdiluted": 0.65,
    "weightedAverageShsOut": 2638000000,
    "weightedAverageShsOutDil": 2731000000,
    "link": "https://www.sec.gov/Archives/edgar/data/47217/000104746907004865/0001047469-07-004865-index.htm",
    "finalLink": "https://www.sec.gov/Archives/edgar/data/47217/000104746907004865/a2178097z10-q.htm"
  },
  {
    "date": "2007-01-31",
    "symbol": "HPQ",
    "reportedCurrency": "USD",
    "cik": "0000047217",
    "fillingDate": "2007-03-09",
    "acceptedDate": "2007-03-09 17:27:05",
    "calendarYear": "2007",
    "period": "Q1",
    "revenue": 25082000000,
    "costOfRevenue": 19136000000,
    "grossProfit": 5946000000,
    "grossProfitRatio": 0.2370624352,
    "researchAndDevelopmentExpenses": 877000000,
    "generalAndAdministrativeExpenses": 0,
    "sellingAndMarketingExpenses": 0,
    "sellingGeneralAndAdministrativeExpenses": 2899000000,
    "otherExpenses": 327000000,
    "operatingExpenses": 4103000000,
    "costAndExpenses": 23239000000,
    "interestIncome": 0,
    "interestExpense": 0,
    "depreciationAndAmortization": 643000000,
    "ebitda": 2612000000,
    "ebitdaratio": 0.104138426,
    "operatingIncome": 1843000000,
    "operatingIncomeRatio": 0.0734789889,
    "totalOtherIncomeExpensesNet": 121000000,
    "incomeBeforeTax": 1964000000,
    "incomeBeforeTaxRatio": 0.0783031656,
    "incomeTaxExpense": 417000000,
    "netIncome": 1547000000,
    "netIncomeRatio": 0.0616776972,
    "eps": 0.57,
    "epsdiluted": 0.55,
    "weightedAverageShsOut": 2705000000,
    "weightedAverageShsOutDil": 2801000000,
    "link": "https://www.sec.gov/Archives/edgar/data/47217/000110465907017867/0001104659-07-017867-index.htm",
    "finalLink": "https://www.sec.gov/Archives/edgar/data/47217/000110465907017867/a07-6571_310q.htm"
  },
  {
    "date": "2006-10-31",
    "symbol": "HPQ",
    "reportedCurrency": "USD",
    "cik": "0000047217",
    "fillingDate": "2006-12-22",
    "acceptedDate": "2006-12-22 16:55:42",
    "calendarYear": "2006",
    "period": "Q4",
    "revenue": 24555000000,
    "costOfRevenue": 18593000000,
    "grossProfit": 5962000000,
    "grossProfitRatio": 0.2428018733,
    "researchAndDevelopmentExpenses": 870000000,
    "generalAndAdministrativeExpenses": 8336000000,
    "sellingAndMarketingExpenses": 0,
    "sellingGeneralAndAdministrativeExpenses": 2886000000,
    "otherExpenses": 305000000,
    "operatingExpenses": 4061000000,
    "costAndExpenses": 22654000000,
    "interestIncome": 0,
    "interestExpense": 0,
    "depreciationAndAmortization": 596000000,
    "ebitda": 2649000000,
    "ebitdaratio": 0.1078802688,
    "operatingIncome": 1901000000,
    "operatingIncomeRatio": 0.0774180411,
    "totalOtherIncomeExpensesNet": 204000000,
    "incomeBeforeTax": 2105000000,
    "incomeBeforeTaxRatio": 0.0857259214,
    "incomeTaxExpense": 408000000,
    "netIncome": 1697000000,
    "netIncomeRatio": 0.0691101609,
    "eps": 0.63,
    "epsdiluted": 0.63,
    "weightedAverageShsOut": 2705000000,
    "weightedAverageShsOutDil": 2705000000,
    "link": "https://www.sec.gov/Archives/edgar/data/47217/000104746906015253/0001047469-06-015253-index.htm",
    "finalLink": "https://www.sec.gov/Archives/edgar/data/47217/000104746906015253/a2174889z10-k.htm"
  },
  {
    "date": "2006-07-31",
    "symbol": "HPQ",
    "reportedCurrency": "USD",
    "cik": "0000047217",
    "fillingDate": "2006-09-11",
    "acceptedDate": "2006-09-11 06:09:43",
    "calendarYear": "2006",
    "period": "Q3",
    "revenue": 21890000000,
    "costOfRevenue": 16472000000,
    "grossProfit": 5418000000,
    "grossProfitRatio": 0.2475102787,
    "researchAndDevelopmentExpenses": 920000000,
    "generalAndAdministrativeExpenses": 0,
    "sellingAndMarketingExpenses": 0,
    "sellingGeneralAndAdministrativeExpenses": 2830000000,
    "otherExpenses": 158000000,
    "operatingExpenses": 3908000000,
    "costAndExpenses": 20380000000,
    "interestIncome": 0,
    "interestExpense": 0,
    "depreciationAndAmortization": 598000000,
    "ebitda": 2113000000,
    "ebitdaratio": 0.096528095,
    "operatingIncome": 1510000000,
    "operatingIncomeRatio": 0.06898127,
    "totalOtherIncomeExpensesNet": 228000000,
    "incomeBeforeTax": 1738000000,
    "incomeBeforeTaxRatio": 0.0793969849,
    "incomeTaxExpense": 363000000,
    "netIncome": 1375000000,
    "netIncomeRatio": 0.0628140704,
    "eps": 0.5,
    "epsdiluted": 0.48,
    "weightedAverageShsOut": 2768000000,
    "weightedAverageShsOutDil": 2839000000,
    "link": "https://www.sec.gov/Archives/edgar/data/47217/000104746906011706/0001047469-06-011706-index.htm",
    "finalLink": "https://www.sec.gov/Archives/edgar/data/47217/000104746906011706/a2172808z10-q.htm"
  },
  {
    "date": "2006-04-30",
    "symbol": "HPQ",
    "reportedCurrency": "USD",
    "cik": "0000047217",
    "fillingDate": "2006-06-08",
    "acceptedDate": "2006-06-08 17:25:52",
    "calendarYear": "2006",
    "period": "Q2",
    "revenue": 22554000000,
    "costOfRevenue": 16970000000,
    "grossProfit": 5584000000,
    "grossProfitRatio": 0.2475835772,
    "researchAndDevelopmentExpenses": 930000000,
    "generalAndAdministrativeExpenses": 0,
    "sellingAndMarketingExpenses": 0,
    "sellingGeneralAndAdministrativeExpenses": 2858000000,
    "otherExpenses": 139000000,
    "operatingExpenses": 3927000000,
    "costAndExpenses": 20897000000,
    "interestIncome": 0,
    "interestExpense": 0,
    "depreciationAndAmortization": 596000000,
    "ebitda": 2241000000,
    "ebitdaratio": 0.0993615323,
    "operatingIncome": 1657000000,
    "operatingIncomeRatio": 0.073468121,
    "totalOtherIncomeExpensesNet": 163000000,
    "incomeBeforeTax": 1820000000,
    "incomeBeforeTaxRatio": 0.0806952204,
    "incomeTaxExpense": -79000000,
    "netIncome": 1899000000,
    "netIncomeRatio": 0.084197925,
    "eps": 0.68,
    "epsdiluted": 0.66,
    "weightedAverageShsOut": 2809000000,
    "weightedAverageShsOutDil": 2887000000,
    "link": "https://www.sec.gov/Archives/edgar/data/47217/000104746906008201/0001047469-06-008201-index.htm",
    "finalLink": "https://www.sec.gov/Archives/edgar/data/47217/000104746906008201/a2170661z10-q.htm"
  },
  {
    "date": "2006-01-31",
    "symbol": "HPQ",
    "reportedCurrency": "USD",
    "cik": "0000047217",
    "fillingDate": "2006-03-10",
    "acceptedDate": "2006-03-10 17:26:07",
    "calendarYear": "2006",
    "period": "Q1",
    "revenue": 22659000000,
    "costOfRevenue": 17392000000,
    "grossProfit": 5267000000,
    "grossProfitRatio": 0.2324462686,
    "researchAndDevelopmentExpenses": 871000000,
    "generalAndAdministrativeExpenses": 0,
    "sellingAndMarketingExpenses": 0,
    "sellingGeneralAndAdministrativeExpenses": 2692000000,
    "otherExpenses": 212000000,
    "operatingExpenses": 3775000000,
    "costAndExpenses": 21167000000,
    "interestIncome": 0,
    "interestExpense": 0,
    "depreciationAndAmortization": 563000000,
    "ebitda": 2120000000,
    "ebitdaratio": 0.0935610574,
    "operatingIncome": 1492000000,
    "operatingIncomeRatio": 0.0658458008,
    "totalOtherIncomeExpensesNet": 36000000,
    "incomeBeforeTax": 1528000000,
    "incomeBeforeTaxRatio": 0.0674345735,
    "incomeTaxExpense": 301000000,
    "netIncome": 1227000000,
    "netIncomeRatio": 0.0541506686,
    "eps": 0.43,
    "epsdiluted": 0.42,
    "weightedAverageShsOut": 2822000000,
    "weightedAverageShsOutDil": 2893000000,
    "link": "https://www.sec.gov/Archives/edgar/data/47217/000104746906003210/0001047469-06-003210-index.htm",
    "finalLink": "https://www.sec.gov/Archives/edgar/data/47217/000104746906003210/a2167734z10-q.htm"
  },
  {
    "date": "2005-10-31",
    "symbol": "HPQ",
    "reportedCurrency": "USD",
    "cik": "0000047217",
    "fillingDate": "2005-12-21",
    "acceptedDate": "2005-12-20 18:43:27",
    "calendarYear": "2005",
    "period": "Q4",
    "revenue": 22913000000,
    "costOfRevenue": 17532000000,
    "grossProfit": 5381000000,
    "grossProfitRatio": 0.2348448479,
    "researchAndDevelopmentExpenses": 859000000,
    "generalAndAdministrativeExpenses": 8388000000,
    "sellingAndMarketingExpenses": 0,
    "sellingGeneralAndAdministrativeExpenses": 2786000000,
    "otherExpenses": 1504000000,
    "operatingExpenses": 5149000000,
    "costAndExpenses": 22681000000,
    "interestIncome": 0,
    "interestExpense": 0,
    "depreciationAndAmortization": 545000000,
    "ebitda": 2344000000,
    "ebitdaratio": 0.1023000044,
    "operatingIncome": 232000000,
    "operatingIncomeRatio": 0.0101252564,
    "totalOtherIncomeExpensesNet": 149000000,
    "incomeBeforeTax": 381000000,
    "incomeBeforeTaxRatio": 0.016628115,
    "incomeTaxExpense": -35000000,
    "netIncome": 416000000,
    "netIncomeRatio": 0.0181556322,
    "eps": 0.15,
    "epsdiluted": 0.15,
    "weightedAverageShsOut": 2822000000,
    "weightedAverageShsOutDil": 2822000000,
    "link": "https://www.sec.gov/Archives/edgar/data/47217/000104746905028479/0001047469-05-028479-index.htm",
    "finalLink": "https://www.sec.gov/Archives/edgar/data/47217/000104746905028479/a2165549z10-k.htm"
  },
  {
    "date": "2005-07-31",
    "symbol": "HPQ",
    "reportedCurrency": "USD",
    "cik": "0000047217",
    "fillingDate": "2005-09-08",
    "acceptedDate": "2005-09-08 17:15:05",
    "calendarYear": "2005",
    "period": "Q3",
    "revenue": 20759000000,
    "costOfRevenue": 15942000000,
    "grossProfit": 4817000000,
    "grossProfitRatio": 0.2320439328,
    "researchAndDevelopmentExpenses": 863000000,
    "generalAndAdministrativeExpenses": 0,
    "sellingAndMarketingExpenses": 0,
    "sellingGeneralAndAdministrativeExpenses": 2761000000,
    "otherExpenses": 280000000,
    "operatingExpenses": 3904000000,
    "costAndExpenses": 19846000000,
    "interestIncome": 0,
    "interestExpense": 0,
    "depreciationAndAmortization": 588000000,
    "ebitda": 1613000000,
    "ebitdaratio": 0.077701238,
    "operatingIncome": 913000000,
    "operatingIncomeRatio": 0.0439809239,
    "totalOtherIncomeExpensesNet": 120000000,
    "incomeBeforeTax": 1033000000,
    "incomeBeforeTaxRatio": 0.0497615492,
    "incomeTaxExpense": 960000000,
    "netIncome": 73000000,
    "netIncomeRatio": 0.003516547,
    "eps": 0.03,
    "epsdiluted": 0.03,
    "weightedAverageShsOut": 2873000000,
    "weightedAverageShsOutDil": 2907000000,
    "link": "https://www.sec.gov/Archives/edgar/data/47217/000104746905022690/0001047469-05-022690-index.htm",
    "finalLink": "https://www.sec.gov/Archives/edgar/data/47217/000104746905022690/a2160914z10-q.htm"
  },
  {
    "date": "2005-04-30",
    "symbol": "HPQ",
    "reportedCurrency": "USD",
    "cik": "0000047217",
    "fillingDate": "2005-06-08",
    "acceptedDate": "2005-06-08 17:14:17",
    "calendarYear": "2005",
    "period": "Q2",
    "revenue": 21570000000,
    "costOfRevenue": 16429000000,
    "grossProfit": 5141000000,
    "grossProfitRatio": 0.2383402874,
    "researchAndDevelopmentExpenses": 890000000,
    "generalAndAdministrativeExpenses": 0,
    "sellingAndMarketingExpenses": 0,
    "sellingGeneralAndAdministrativeExpenses": 2933000000,
    "otherExpenses": 155000000,
    "operatingExpenses": 3978000000,
    "costAndExpenses": 20407000000,
    "interestIncome": 0,
    "interestExpense": 0,
    "depreciationAndAmortization": 599000000,
    "ebitda": 1766000000,
    "ebitdaratio": 0.0818729717,
    "operatingIncome": 1163000000,
    "operatingIncomeRatio": 0.053917478,
    "totalOtherIncomeExpensesNet": -84000000,
    "incomeBeforeTax": 1079000000,
    "incomeBeforeTaxRatio": 0.0500231803,
    "incomeTaxExpense": 113000000,
    "netIncome": 966000000,
    "netIncomeRatio": 0.0447844228,
    "eps": 0.33,
    "epsdiluted": 0.33,
    "weightedAverageShsOut": 2886000000,
    "weightedAverageShsOutDil": 2917000000,
    "link": "https://www.sec.gov/Archives/edgar/data/47217/000104746905016805/0001047469-05-016805-index.htm",
    "finalLink": "https://www.sec.gov/Archives/edgar/data/47217/000104746905016805/a2155974z10-q.htm"
  },
  {
    "date": "2005-01-31",
    "symbol": "HPQ",
    "reportedCurrency": "USD",
    "cik": "0000047217",
    "fillingDate": "2005-03-11",
    "acceptedDate": "2005-03-11 17:27:34",
    "calendarYear": "2005",
    "period": "Q1",
    "revenue": 21454000000,
    "costOfRevenue": 16537000000,
    "grossProfit": 4917000000,
    "grossProfitRatio": 0.2291880302,
    "researchAndDevelopmentExpenses": 878000000,
    "generalAndAdministrativeExpenses": 0,
    "sellingAndMarketingExpenses": 0,
    "sellingGeneralAndAdministrativeExpenses": 2704000000,
    "otherExpenses": 170000000,
    "operatingExpenses": 3752000000,
    "costAndExpenses": 20289000000,
    "interestIncome": 0,
    "interestExpense": 0,
    "depreciationAndAmortization": 612000000,
    "ebitda": 1780000000,
    "ebitdaratio": 0.0829682111,
    "operatingIncome": 1165000000,
    "operatingIncomeRatio": 0.054302228,
    "totalOtherIncomeExpensesNet": -115000000,
    "incomeBeforeTax": 1050000000,
    "incomeBeforeTaxRatio": 0.0489419223,
    "incomeTaxExpense": 107000000,
    "netIncome": 943000000,
    "netIncomeRatio": 0.0439545073,
    "eps": 0.32,
    "epsdiluted": 0.32,
    "weightedAverageShsOut": 2908000000,
    "weightedAverageShsOutDil": 2936000000,
    "link": "https://www.sec.gov/Archives/edgar/data/47217/000104746905006240/0001047469-05-006240-index.htm",
    "finalLink": "https://www.sec.gov/Archives/edgar/data/47217/000104746905006240/a2152338z10-q.htm"
  },
  {
    "date": "2004-10-31",
    "symbol": "HPQ",
    "reportedCurrency": "USD",
    "cik": "0000047217",
    "fillingDate": "2005-01-14",
    "acceptedDate": "2005-01-14 16:49:57",
    "calendarYear": "2004",
    "period": "Q4",
    "revenue": 21389000000,
    "costOfRevenue": 16288000000,
    "grossProfit": 5101000000,
    "grossProfitRatio": 0.2384870728,
    "researchAndDevelopmentExpenses": 859000000,
    "generalAndAdministrativeExpenses": 8242000000,
    "sellingAndMarketingExpenses": 0,
    "sellingGeneralAndAdministrativeExpenses": 2751000000,
    "otherExpenses": 202000000,
    "operatingExpenses": 3812000000,
    "costAndExpenses": 20100000000,
    "interestIncome": 0,
    "interestExpense": 0,
    "depreciationAndAmortization": 602000000,
    "ebitda": 1928000000,
    "ebitdaratio": 0.0901397915,
    "operatingIncome": 1289000000,
    "operatingIncomeRatio": 0.060264622,
    "totalOtherIncomeExpensesNet": 1000000,
    "incomeBeforeTax": 1290000000,
    "incomeBeforeTaxRatio": 0.060311375,
    "incomeTaxExpense": 199000000,
    "netIncome": 1091000000,
    "netIncomeRatio": 0.0510075272,
    "eps": 0.38,
    "epsdiluted": 0.38,
    "weightedAverageShsOut": 2908000000,
    "weightedAverageShsOutDil": 2908000000,
    "link": "https://www.sec.gov/Archives/edgar/data/47217/000104746905000929/0001047469-05-000929-index.htm",
    "finalLink": "https://www.sec.gov/Archives/edgar/data/47217/000104746905000929/a2148694z10-k.htm"
  },
  {
    "date": "2004-07-31",
    "symbol": "HPQ",
    "reportedCurrency": "USD",
    "cik": "0000047217",
    "fillingDate": "2004-09-10",
    "acceptedDate": "2004-09-10 16:30:00",
    "calendarYear": "2004",
    "period": "Q3",
    "revenue": 18889000000,
    "costOfRevenue": 14545000000,
    "grossProfit": 4344000000,
    "grossProfitRatio": 0.2299751178,
    "researchAndDevelopmentExpenses": 877000000,
    "generalAndAdministrativeExpenses": 0,
    "sellingAndMarketingExpenses": 0,
    "sellingGeneralAndAdministrativeExpenses": 2621000000,
    "otherExpenses": 189000000,
    "operatingExpenses": 3687000000,
    "costAndExpenses": 18232000000,
    "interestIncome": 0,
    "interestExpense": 0,
    "depreciationAndAmortization": 602000000,
    "ebitda": 1302000000,
    "ebitdaratio": 0.0689290063,
    "operatingIncome": 657000000,
    "operatingIncomeRatio": 0.0347821483,
    "totalOtherIncomeExpensesNet": 21000000,
    "incomeBeforeTax": 678000000,
    "incomeBeforeTaxRatio": 0.0358939065,
    "incomeTaxExpense": 92000000,
    "netIncome": 586000000,
    "netIncomeRatio": 0.0310233469,
    "eps": 0.19,
    "epsdiluted": 0.19,
    "weightedAverageShsOut": 3037000000,
    "weightedAverageShsOutDil": 3057000000,
    "link": "https://www.sec.gov/Archives/edgar/data/47217/000104746904028470/0001047469-04-028470-index.htm",
    "finalLink": "https://www.sec.gov/Archives/edgar/data/47217/000104746904028470/a2142989z10-q.htm"
  },
  {
    "date": "2004-04-30",
    "symbol": "HPQ",
    "reportedCurrency": "USD",
    "cik": "0000047217",
    "fillingDate": "2004-06-09",
    "acceptedDate": "2004-06-09 17:02:12",
    "calendarYear": "2004",
    "period": "Q2",
    "revenue": 20113000000,
    "costOfRevenue": 15182000000,
    "grossProfit": 4931000000,
    "grossProfitRatio": 0.2451648188,
    "researchAndDevelopmentExpenses": 924000000,
    "generalAndAdministrativeExpenses": 0,
    "sellingAndMarketingExpenses": 0,
    "sellingGeneralAndAdministrativeExpenses": 2665000000,
    "otherExpenses": 204000000,
    "operatingExpenses": 3793000000,
    "costAndExpenses": 18975000000,
    "interestIncome": 0,
    "interestExpense": 0,
    "depreciationAndAmortization": 626000000,
    "ebitda": 1820000000,
    "ebitdaratio": 0.0904887386,
    "operatingIncome": 1138000000,
    "operatingIncomeRatio": 0.0565803212,
    "totalOtherIncomeExpensesNet": -73000000,
    "incomeBeforeTax": 1065000000,
    "incomeBeforeTaxRatio": 0.0529508278,
    "incomeTaxExpense": 181000000,
    "netIncome": 884000000,
    "netIncomeRatio": 0.043951673,
    "eps": 0.29,
    "epsdiluted": 0.29,
    "weightedAverageShsOut": 3043000000,
    "weightedAverageShsOutDil": 3081000000,
    "link": "https://www.sec.gov/Archives/edgar/data/47217/000104746904019957/0001047469-04-019957-index.htm",
    "finalLink": "https://www.sec.gov/Archives/edgar/data/47217/000104746904019957/a2137541z10-q.htm"
  },
  {
    "date": "2004-01-31",
    "symbol": "HPQ",
    "reportedCurrency": "USD",
    "cik": "0000047217",
    "fillingDate": "2004-03-11",
    "acceptedDate": "2004-03-11 17:15:05",
    "calendarYear": "2004",
    "period": "Q1",
    "revenue": 19514000000,
    "costOfRevenue": 14691000000,
    "grossProfit": 4823000000,
    "grossProfitRatio": 0.2471558881,
    "researchAndDevelopmentExpenses": 889000000,
    "generalAndAdministrativeExpenses": 0,
    "sellingAndMarketingExpenses": 0,
    "sellingGeneralAndAdministrativeExpenses": 2578000000,
    "otherExpenses": 213000000,
    "operatingExpenses": 3680000000,
    "costAndExpenses": 18371000000,
    "interestIncome": 0,
    "interestExpense": 0,
    "depreciationAndAmortization": 565000000,
    "ebitda": 1777000000,
    "ebitdaratio": 0.0910628267,
    "operatingIncome": 1143000000,
    "operatingIncomeRatio": 0.058573332,
    "totalOtherIncomeExpensesNet": 20000000,
    "incomeBeforeTax": 1163000000,
    "incomeBeforeTaxRatio": 0.0595982372,
    "incomeTaxExpense": 227000000,
    "netIncome": 936000000,
    "netIncomeRatio": 0.0479655632,
    "eps": 0.31,
    "epsdiluted": 0.3,
    "weightedAverageShsOut": 3050000000,
    "weightedAverageShsOutDil": 3088000000,
    "link": "https://www.sec.gov/Archives/edgar/data/47217/000104746904007523/0001047469-04-007523-index.htm",
    "finalLink": "https://www.sec.gov/Archives/edgar/data/47217/000104746904007523/a2130012z10-q.htm"
  },
  {
    "date": "2003-10-31",
    "symbol": "HPQ",
    "reportedCurrency": "USD",
    "cik": "0000047217",
    "fillingDate": "2004-01-20",
    "acceptedDate": "2004-01-16 19:34:55",
    "calendarYear": "2003",
    "period": "Q4",
    "revenue": 19853000000,
    "costOfRevenue": 14804000000,
    "grossProfit": 5049000000,
    "grossProfitRatio": 0.2543192465,
    "researchAndDevelopmentExpenses": 907000000,
    "generalAndAdministrativeExpenses": 0,
    "sellingAndMarketingExpenses": 0,
    "sellingGeneralAndAdministrativeExpenses": 2707000000,
    "otherExpenses": 362000000,
    "operatingExpenses": 3976000000,
    "costAndExpenses": 18780000000,
    "interestIncome": 0,
    "interestExpense": 0,
    "depreciationAndAmortization": 601000000,
    "ebitda": 1893000000,
    "ebitdaratio": 0.0953508286,
    "operatingIncome": 1073000000,
    "operatingIncomeRatio": 0.0540472473,
    "totalOtherIncomeExpensesNet": -8000000,
    "incomeBeforeTax": 1065000000,
    "incomeBeforeTaxRatio": 0.0536442855,
    "incomeTaxExpense": 203000000,
    "netIncome": 862000000,
    "netIncomeRatio": 0.0434191306,
    "eps": 0.28,
    "epsdiluted": 0.28,
    "weightedAverageShsOut": 3044000000,
    "weightedAverageShsOutDil": 3050000000,
    "link": "https://www.sec.gov/Archives/edgar/data/47217/000104746904001113/0001047469-04-001113-index.htm",
    "finalLink": "https://www.sec.gov/Archives/edgar/data/47217/000104746904001113/a2125373z10-k.htm"
  },
  {
    "date": "2003-07-31",
    "symbol": "HPQ",
    "reportedCurrency": "USD",
    "cik": "0000047217",
    "fillingDate": "2003-09-11",
    "acceptedDate": "2003-09-11 09:02:42",
    "calendarYear": "2003",
    "period": "Q3",
    "revenue": 17348000000,
    "costOfRevenue": 12810000000,
    "grossProfit": 4538000000,
    "grossProfitRatio": 0.26158635,
    "researchAndDevelopmentExpenses": 896000000,
    "generalAndAdministrativeExpenses": 0,
    "sellingAndMarketingExpenses": 0,
    "sellingGeneralAndAdministrativeExpenses": 2785000000,
    "otherExpenses": 556000000,
    "operatingExpenses": 4237000000,
    "costAndExpenses": 17047000000,
    "interestIncome": 0,
    "interestExpense": 0,
    "depreciationAndAmortization": 606000000,
    "ebitda": 1323000000,
    "ebitdaratio": 0.0762623934,
    "operatingIncome": 301000000,
    "operatingIncomeRatio": 0.0173507033,
    "totalOtherIncomeExpensesNet": -14000000,
    "incomeBeforeTax": 287000000,
    "incomeBeforeTaxRatio": 0.0165436938,
    "incomeTaxExpense": -10000000,
    "netIncome": 297000000,
    "netIncomeRatio": 0.0171201291,
    "eps": 0.1,
    "epsdiluted": 0.1,
    "weightedAverageShsOut": 3048000000,
    "weightedAverageShsOutDil": 3071000000,
    "link": "https://www.sec.gov/Archives/edgar/data/47217/000104746903030355/0001047469-03-030355-index.htm",
    "finalLink": "https://www.sec.gov/Archives/edgar/data/47217/000104746903030355/a2117743z10-q.htm"
  },
  {
    "date": "2003-04-30",
    "symbol": "HPQ",
    "reportedCurrency": "USD",
    "cik": "0000047217",
    "fillingDate": "2003-06-12",
    "acceptedDate": "2003-06-12 16:52:23",
    "calendarYear": "2003",
    "period": "Q2",
    "revenue": 17983000000,
    "costOfRevenue": 13103000000,
    "grossProfit": 4880000000,
    "grossProfitRatio": 0.2713674025,
    "researchAndDevelopmentExpenses": 941000000,
    "generalAndAdministrativeExpenses": 0,
    "sellingAndMarketingExpenses": 0,
    "sellingGeneralAndAdministrativeExpenses": 2795000000,
    "otherExpenses": 501000000,
    "operatingExpenses": 4237000000,
    "costAndExpenses": 17340000000,
    "interestIncome": 0,
    "interestExpense": 0,
    "depreciationAndAmortization": 630000000,
    "ebitda": 1633000000,
    "ebitdaratio": 0.0908079853,
    "operatingIncome": 643000000,
    "operatingIncomeRatio": 0.0357559918,
    "totalOtherIncomeExpensesNet": -32000000,
    "incomeBeforeTax": 611000000,
    "incomeBeforeTaxRatio": 0.0339765334,
    "incomeTaxExpense": -48000000,
    "netIncome": 659000000,
    "netIncomeRatio": 0.036645721,
    "eps": 0.22,
    "epsdiluted": 0.22,
    "weightedAverageShsOut": 3047000000,
    "weightedAverageShsOutDil": 3059000000,
    "link": "https://www.sec.gov/Archives/edgar/data/47217/000104746903021213/0001047469-03-021213-index.htm",
    "finalLink": "https://www.sec.gov/Archives/edgar/data/47217/000104746903021213/a2112234z10-q.htm"
  },
  {
    "date": "2003-01-31",
    "symbol": "HPQ",
    "reportedCurrency": "USD",
    "cik": "0000047217",
    "fillingDate": "2003-03-12",
    "acceptedDate": "2003-03-12 17:29:12",
    "calendarYear": "2003",
    "period": "Q1",
    "revenue": 17877000000,
    "costOfRevenue": 13141000000,
    "grossProfit": 4736000000,
    "grossProfitRatio": 0.2649214074,
    "researchAndDevelopmentExpenses": 908000000,
    "generalAndAdministrativeExpenses": 0,
    "sellingAndMarketingExpenses": 0,
    "sellingGeneralAndAdministrativeExpenses": 2725000000,
    "otherExpenses": 224000000,
    "operatingExpenses": 3857000000,
    "costAndExpenses": 16998000000,
    "interestIncome": 0,
    "interestExpense": 0,
    "depreciationAndAmortization": 690000000,
    "ebitda": 1655000000,
    "ebitdaratio": 0.0925770543,
    "operatingIncome": 879000000,
    "operatingIncomeRatio": 0.0491693237,
    "totalOtherIncomeExpensesNet": 46000000,
    "incomeBeforeTax": 925000000,
    "incomeBeforeTaxRatio": 0.0517424624,
    "incomeTaxExpense": 204000000,
    "netIncome": 721000000,
    "netIncomeRatio": 0.0403311518,
    "eps": 0.24,
    "epsdiluted": 0.24,
    "weightedAverageShsOut": 3004166667,
    "weightedAverageShsOutDil": 3004166667,
    "link": "https://www.sec.gov/Archives/edgar/data/47217/000104746903008500/0001047469-03-008500-index.htm",
    "finalLink": "https://www.sec.gov/Archives/edgar/data/47217/000104746903008500/a2104837z10-q.htm"
  },
  {
    "date": "2002-10-31",
    "symbol": "HPQ",
    "reportedCurrency": "USD",
    "cik": "0000047217",
    "fillingDate": "2003-01-21",
    "acceptedDate": "2003-01-21 17:26:08",
    "calendarYear": "2002",
    "period": "Q4",
    "revenue": 18049000000,
    "costOfRevenue": 13260000000,
    "grossProfit": 4789000000,
    "grossProfitRatio": 0.2653332595,
    "researchAndDevelopmentExpenses": 967000000,
    "generalAndAdministrativeExpenses": 0,
    "sellingAndMarketingExpenses": 0,
    "sellingGeneralAndAdministrativeExpenses": 2951000000,
    "otherExpenses": 446000000,
    "operatingExpenses": 4364000000,
    "costAndExpenses": 17624000000,
    "interestIncome": 0,
    "interestExpense": 0,
    "depreciationAndAmortization": 709000000,
    "ebitda": 1429000000,
    "ebitdaratio": 0.0791733614,
    "operatingIncome": 425000000,
    "operatingIncomeRatio": 0.0235470109,
    "totalOtherIncomeExpensesNet": 30000000,
    "incomeBeforeTax": 455000000,
    "incomeBeforeTaxRatio": 0.0252091529,
    "incomeTaxExpense": 65000000,
    "netIncome": 390000000,
    "netIncomeRatio": 0.0216078453,
    "eps": 0.13,
    "epsdiluted": 0.13,
    "weightedAverageShsOut": 3004166667,
    "weightedAverageShsOutDil": 3004166667,
    "link": "https://www.sec.gov/Archives/edgar/data/47217/000104746903002015/0001047469-03-002015-index.htm",
    "finalLink": "https://www.sec.gov/Archives/edgar/data/47217/000104746903002015/a2096381z10-k.htm"
  },
  {
    "date": "2002-07-31",
    "symbol": "HPQ",
    "reportedCurrency": "USD",
    "cik": "0000047217",
    "fillingDate": "2002-09-13",
    "acceptedDate": "2002-09-13 17:04:08",
    "calendarYear": "2002",
    "period": "Q3",
    "revenue": 16536000000,
    "costOfRevenue": 12419000000,
    "grossProfit": 4117000000,
    "grossProfitRatio": 0.24897194,
    "researchAndDevelopmentExpenses": 983000000,
    "generalAndAdministrativeExpenses": 0,
    "sellingAndMarketingExpenses": 0,
    "sellingGeneralAndAdministrativeExpenses": 2738000000,
    "otherExpenses": 2872000000,
    "operatingExpenses": 6593000000,
    "costAndExpenses": 19012000000,
    "interestIncome": 0,
    "interestExpense": 0,
    "depreciationAndAmortization": 714000000,
    "ebitda": 963000000,
    "ebitdaratio": 0.0582365747,
    "operatingIncome": -2476000000,
    "operatingIncomeRatio": -0.1497339139,
    "totalOtherIncomeExpensesNet": -19000000,
    "incomeBeforeTax": -2495000000,
    "incomeBeforeTaxRatio": -0.1508829221,
    "incomeTaxExpense": -466000000,
    "netIncome": -2029000000,
    "netIncomeRatio": -0.1227019836,
    "eps": -0.67,
    "epsdiluted": -0.67,
    "weightedAverageShsOut": 3028358209,
    "weightedAverageShsOutDil": 3028358209,
    "link": "https://www.sec.gov/Archives/edgar/data/47217/000091205702035524/0000912057-02-035524-index.htm",
    "finalLink": "https://www.sec.gov/Archives/edgar/data/47217/000091205702035524/a2088541z10-q.htm"
  },
  {
    "date": "2002-04-30",
    "symbol": "HPQ",
    "reportedCurrency": "USD",
    "cik": "0000047217",
    "fillingDate": "2002-06-13",
    "acceptedDate": "2002-06-13 17:26:24",
    "calendarYear": "2002",
    "period": "Q2",
    "revenue": 10621000000,
    "costOfRevenue": 7583000000,
    "grossProfit": 3038000000,
    "grossProfitRatio": 0.2860370963,
    "researchAndDevelopmentExpenses": 742000000,
    "generalAndAdministrativeExpenses": 0,
    "sellingAndMarketingExpenses": 0,
    "sellingGeneralAndAdministrativeExpenses": 1724000000,
    "otherExpenses": 158000000,
    "operatingExpenses": 2624000000,
    "costAndExpenses": 10207000000,
    "interestIncome": 0,
    "interestExpense": 0,
    "depreciationAndAmortization": 381000000,
    "ebitda": 953000000,
    "ebitdaratio": 0.0897278976,
    "operatingIncome": 414000000,
    "operatingIncomeRatio": 0.0389793805,
    "totalOtherIncomeExpensesNet": -61000000,
    "incomeBeforeTax": 353000000,
    "incomeBeforeTaxRatio": 0.0332360418,
    "incomeTaxExpense": 115000000,
    "netIncome": 252000000,
    "netIncomeRatio": 0.0237265794,
    "eps": 0.13,
    "epsdiluted": 0.13,
    "weightedAverageShsOut": 1938461538,
    "weightedAverageShsOutDil": 1938461538,
    "link": "https://www.sec.gov/Archives/edgar/data/47217/000091205702024138/0000912057-02-024138-index.htm",
    "finalLink": "https://www.sec.gov/Archives/edgar/data/47217/000091205702024138/a2081435z10-q.htm"
  },
  {
    "date": "2002-01-31",
    "symbol": "HPQ",
    "reportedCurrency": "USD",
    "cik": "0000047217",
    "fillingDate": "2002-03-12",
    "acceptedDate": "2002-03-12 00:00:00",
    "calendarYear": "2002",
    "period": "Q1",
    "revenue": 11383000000,
    "costOfRevenue": 8330000000,
    "grossProfit": 3053000000,
    "grossProfitRatio": 0.2682069753,
    "researchAndDevelopmentExpenses": 678000000,
    "generalAndAdministrativeExpenses": 0,
    "sellingAndMarketingExpenses": 0,
    "sellingGeneralAndAdministrativeExpenses": 1750000000,
    "otherExpenses": 0,
    "operatingExpenses": 2428000000,
    "costAndExpenses": 10758000000,
    "interestIncome": 0,
    "interestExpense": 0,
    "depreciationAndAmortization": 315000000,
    "ebitda": 940000000,
    "ebitdaratio": 0.0825792849,
    "operatingIncome": 625000000,
    "operatingIncomeRatio": 0.0549064394,
    "totalOtherIncomeExpensesNet": 10000000,
    "incomeBeforeTax": 635000000,
    "incomeBeforeTaxRatio": 0.0557849425,
    "incomeTaxExpense": 157000000,
    "netIncome": 484000000,
    "netIncomeRatio": 0.0425195467,
    "eps": 0.25,
    "epsdiluted": 0.25,
    "weightedAverageShsOut": 1936000000,
    "weightedAverageShsOutDil": 1936000000,
    "link": "https://www.sec.gov/Archives/edgar/data/47217/000091205702009662/0000912057-02-009662-index.htm",
    "finalLink": "https://www.sec.gov/Archives/edgar/data/47217/000091205702009662/a2072639z10-q.txt"
  },
  {
    "date": "2001-10-31",
    "symbol": "HPQ",
    "reportedCurrency": "USD",
    "cik": "0000047217",
    "fillingDate": "2002-01-29",
    "acceptedDate": "2002-01-29 00:00:00",
    "calendarYear": "2001",
    "period": "Q4",
    "revenue": 11524000000,
    "costOfRevenue": 8584000000,
    "grossProfit": 2940000000,
    "grossProfitRatio": 0.2551197501,
    "researchAndDevelopmentExpenses": 650000000,
    "generalAndAdministrativeExpenses": 0,
    "sellingAndMarketingExpenses": 0,
    "sellingGeneralAndAdministrativeExpenses": 1573000000,
    "otherExpenses": 384000000,
    "operatingExpenses": 2607000000,
    "costAndExpenses": 11191000000,
    "interestIncome": 0,
    "interestExpense": 0,
    "depreciationAndAmortization": 363000000,
    "ebitda": 1080000000,
    "ebitdaratio": 0.0937174592,
    "operatingIncome": 333000000,
    "operatingIncomeRatio": 0.0288962166,
    "totalOtherIncomeExpensesNet": -133000000,
    "incomeBeforeTax": 200000000,
    "incomeBeforeTaxRatio": 0.017355085,
    "incomeTaxExpense": 39000000,
    "netIncome": 161000000,
    "netIncomeRatio": 0.0139708435,
    "eps": 0.0832,
    "epsdiluted": 0.0832,
    "weightedAverageShsOut": 1936000000,
    "weightedAverageShsOutDil": 1936000000,
    "link": "https://www.sec.gov/Archives/edgar/data/47217/000101287002000299/0001012870-02-000299-index.htm",
    "finalLink": "https://www.sec.gov/Archives/edgar/data/47217/000101287002000299/d10k.txt"
  },
  {
    "date": "2001-07-31",
    "symbol": "HPQ",
    "reportedCurrency": "USD",
    "cik": "0000047217",
    "fillingDate": "2001-09-14",
    "acceptedDate": "2001-09-14 00:00:00",
    "calendarYear": "2001",
    "period": "Q3",
    "revenue": 10284000000,
    "costOfRevenue": 7620000000,
    "grossProfit": 2664000000,
    "grossProfitRatio": 0.2590431739,
    "researchAndDevelopmentExpenses": 682000000,
    "generalAndAdministrativeExpenses": 0,
    "sellingAndMarketingExpenses": 0,
    "sellingGeneralAndAdministrativeExpenses": 1729000000,
    "otherExpenses": 49000000,
    "operatingExpenses": 2460000000,
    "costAndExpenses": 10080000000,
    "interestIncome": 0,
    "interestExpense": 0,
    "depreciationAndAmortization": 374000000,
    "ebitda": 578000000,
    "ebitdaratio": 0.0562038117,
    "operatingIncome": 204000000,
    "operatingIncomeRatio": 0.0198366394,
    "totalOtherIncomeExpensesNet": -89000000,
    "incomeBeforeTax": 115000000,
    "incomeBeforeTaxRatio": 0.0111824193,
    "incomeTaxExpense": -3000000,
    "netIncome": 111000000,
    "netIncomeRatio": 0.0107934656,
    "eps": 0.07,
    "epsdiluted": 0.07,
    "weightedAverageShsOut": 1936000000,
    "weightedAverageShsOutDil": 1967000000,
    "link": "https://www.sec.gov/Archives/edgar/data/47217/000091205701532182/0000912057-01-532182-index.htm",
    "finalLink": "https://www.sec.gov/Archives/edgar/data/47217/000091205701532182/a2058428z10-q.txt"
  },
  {
    "date": "2001-04-30",
    "symbol": "HPQ",
    "reportedCurrency": "USD",
    "cik": "0000047217",
    "fillingDate": "2001-06-13",
    "acceptedDate": "2001-06-13 00:00:00",
    "calendarYear": "2001",
    "period": "Q2",
    "revenue": 11668000000,
    "costOfRevenue": 8738000000,
    "grossProfit": 2930000000,
    "grossProfitRatio": 0.2511141584,
    "researchAndDevelopmentExpenses": 706000000,
    "generalAndAdministrativeExpenses": 0,
    "sellingAndMarketingExpenses": 0,
    "sellingGeneralAndAdministrativeExpenses": 1881000000,
    "otherExpenses": 0,
    "operatingExpenses": 2587000000,
    "costAndExpenses": 11325000000,
    "interestIncome": 0,
    "interestExpense": 0,
    "depreciationAndAmortization": 346000000,
    "ebitda": 689000000,
    "ebitdaratio": 0.0590503942,
    "operatingIncome": 343000000,
    "operatingIncomeRatio": 0.0293966404,
    "totalOtherIncomeExpensesNet": -361000000,
    "incomeBeforeTax": -18000000,
    "incomeBeforeTaxRatio": -0.0015426808,
    "incomeTaxExpense": -53000000,
    "netIncome": 67000000,
    "netIncomeRatio": 0.0057422009,
    "eps": 0.02,
    "epsdiluted": 0.02,
    "weightedAverageShsOut": 1935000000,
    "weightedAverageShsOutDil": 1987000000,
    "link": "https://www.sec.gov/Archives/edgar/data/47217/000091205701519769/0000912057-01-519769-index.htm",
    "finalLink": "https://www.sec.gov/Archives/edgar/data/47217/000091205701519769/a2050788z10-q.txt"
  },
  {
    "date": "2001-01-31",
    "symbol": "HPQ",
    "reportedCurrency": "USD",
    "cik": "0000047217",
    "fillingDate": "2001-03-16",
    "acceptedDate": "2001-03-16 00:00:00",
    "calendarYear": "2001",
    "period": "Q1",
    "revenue": 12398000000,
    "costOfRevenue": 9059000000,
    "grossProfit": 3339000000,
    "grossProfitRatio": 0.2693176319,
    "researchAndDevelopmentExpenses": 704000000,
    "generalAndAdministrativeExpenses": 0,
    "sellingAndMarketingExpenses": 0,
    "sellingGeneralAndAdministrativeExpenses": 1763000000,
    "otherExpenses": 102000000,
    "operatingExpenses": 2569000000,
    "costAndExpenses": 11628000000,
    "interestIncome": 0,
    "interestExpense": 0,
    "depreciationAndAmortization": 286000000,
    "ebitda": 1158000000,
    "ebitdaratio": 0.0934021616,
    "operatingIncome": 770000000,
    "operatingIncomeRatio": 0.0621067914,
    "totalOtherIncomeExpensesNet": -268000000,
    "incomeBeforeTax": 502000000,
    "incomeBeforeTaxRatio": 0.0404904017,
    "incomeTaxExpense": 112000000,
    "netIncome": 328000000,
    "netIncomeRatio": 0.02645588,
    "eps": 0.07,
    "epsdiluted": 0.07,
    "weightedAverageShsOut": 1930000000,
    "weightedAverageShsOutDil": 1996000000,
    "link": "https://www.sec.gov/Archives/edgar/data/47217/000091205701007696/0000912057-01-007696-index.htm",
    "finalLink": "https://www.sec.gov/Archives/edgar/data/47217/000091205701007696/a2040165z10-q.txt"
  },
  {
    "date": "2000-10-31",
    "symbol": "HPQ",
    "reportedCurrency": "USD",
    "cik": "0000047217",
    "fillingDate": "2001-01-25",
    "acceptedDate": "2001-01-25 00:00:00",
    "calendarYear": "2000",
    "period": "Q4",
    "revenue": 13263000000,
    "costOfRevenue": 9612000000,
    "grossProfit": 3651000000,
    "grossProfitRatio": 0.2752770866,
    "researchAndDevelopmentExpenses": 705000000,
    "generalAndAdministrativeExpenses": 0,
    "sellingAndMarketingExpenses": 0,
    "sellingGeneralAndAdministrativeExpenses": 1991000000,
    "otherExpenses": 0,
    "operatingExpenses": 2696000000,
    "costAndExpenses": 12308000000,
    "interestIncome": 0,
    "interestExpense": 0,
    "depreciationAndAmortization": 309000000,
    "ebitda": 1264000000,
    "ebitdaratio": 0.0953027219,
    "operatingIncome": 955000000,
    "operatingIncomeRatio": 0.0720048255,
    "totalOtherIncomeExpensesNet": 243000000,
    "incomeBeforeTax": 1198000000,
    "incomeBeforeTaxRatio": 0.0903264721,
    "incomeTaxExpense": 276000000,
    "netIncome": 922000000,
    "netIncomeRatio": 0.0695167006,
    "eps": 0.48,
    "epsdiluted": 0.48,
    "weightedAverageShsOut": 1929411765,
    "weightedAverageShsOutDil": 1929411765,
    "link": "https://www.sec.gov/Archives/edgar/data/47217/000091205701002796/0000912057-01-002796-index.htm",
    "finalLink": "https://www.sec.gov/Archives/edgar/data/47217/000091205701002796/a2032630z10-k.txt"
  },
  {
    "date": "2000-07-31",
    "symbol": "HPQ",
    "reportedCurrency": "USD",
    "cik": "0000047217",
    "fillingDate": "2000-09-12",
    "acceptedDate": "2000-09-12 00:00:00",
    "calendarYear": "2000",
    "period": "Q3",
    "revenue": 11818000000,
    "costOfRevenue": 8308000000,
    "grossProfit": 3510000000,
    "grossProfitRatio": 0.2970045693,
    "researchAndDevelopmentExpenses": 663000000,
    "generalAndAdministrativeExpenses": 0,
    "sellingAndMarketingExpenses": 0,
    "sellingGeneralAndAdministrativeExpenses": 1755000000,
    "otherExpenses": 0,
    "operatingExpenses": 2418000000,
    "costAndExpenses": 10726000000,
    "interestIncome": 0,
    "interestExpense": 0,
    "depreciationAndAmortization": 386000000,
    "ebitda": 1478000000,
    "ebitdaratio": 0.1250634625,
    "operatingIncome": 1092000000,
    "operatingIncomeRatio": 0.0924014216,
    "totalOtherIncomeExpensesNet": 216000000,
    "incomeBeforeTax": 1308000000,
    "incomeBeforeTaxRatio": 0.1106786258,
    "incomeTaxExpense": 279000000,
    "netIncome": 1046000000,
    "netIncomeRatio": 0.088509054,
    "eps": 0.53,
    "epsdiluted": 0.51,
    "weightedAverageShsOut": 1976000000,
    "weightedAverageShsOutDil": 2090000000,
    "link": "https://www.sec.gov/Archives/edgar/data/47217/000091205700041091/0000912057-00-041091-index.htm",
    "finalLink": "https://www.sec.gov/Archives/edgar/data/47217/000091205700041091/a10-q.txt"
  },
  {
    "date": "2000-04-30",
    "symbol": "HPQ",
    "reportedCurrency": "USD",
    "cik": "0000047217",
    "fillingDate": "2000-06-08",
    "acceptedDate": "2000-06-08 00:00:00",
    "calendarYear": "2000",
    "period": "Q2",
    "revenue": 12028000000,
    "costOfRevenue": 8595000000,
    "grossProfit": 3433000000,
    "grossProfitRatio": 0.2854173595,
    "researchAndDevelopmentExpenses": 671000000,
    "generalAndAdministrativeExpenses": 0,
    "sellingAndMarketingExpenses": 0,
    "sellingGeneralAndAdministrativeExpenses": 1872000000,
    "otherExpenses": 0,
    "operatingExpenses": 2543000000,
    "costAndExpenses": 11138000000,
    "interestIncome": 0,
    "interestExpense": 0,
    "depreciationAndAmortization": 398000000,
    "ebitda": 1288000000,
    "ebitdaratio": 0.1070834719,
    "operatingIncome": 890000000,
    "operatingIncomeRatio": 0.073994014,
    "totalOtherIncomeExpensesNet": 170000000,
    "incomeBeforeTax": 1060000000,
    "incomeBeforeTaxRatio": 0.088127702,
    "incomeTaxExpense": 244000000,
    "netIncome": 935000000,
    "netIncomeRatio": 0.0777352843,
    "eps": 0.47,
    "epsdiluted": 0.45,
    "weightedAverageShsOut": 1988000000,
    "weightedAverageShsOutDil": 2084000000,
    "link": "https://www.sec.gov/Archives/edgar/data/47217/000091205700027827/0000912057-00-027827-index.htm",
    "finalLink": "https://www.sec.gov/Archives/edgar/data/47217/000091205700027827/a10-q.txt"
  },
  {
    "date": "2000-01-31",
    "symbol": "HPQ",
    "reportedCurrency": "USD",
    "cik": "0000047217",
    "fillingDate": "2000-03-15",
    "acceptedDate": "2000-03-15 00:00:00",
    "calendarYear": "2000",
    "period": "Q1",
    "revenue": 11673000000,
    "costOfRevenue": 8349000000,
    "grossProfit": 3324000000,
    "grossProfitRatio": 0.2847597019,
    "researchAndDevelopmentExpenses": 607000000,
    "generalAndAdministrativeExpenses": 0,
    "sellingAndMarketingExpenses": 0,
    "sellingGeneralAndAdministrativeExpenses": 1765000000,
    "otherExpenses": 0,
    "operatingExpenses": 2372000000,
    "costAndExpenses": 10721000000,
    "interestIncome": 0,
    "interestExpense": 0,
    "depreciationAndAmortization": 275000000,
    "ebitda": 1227000000,
    "ebitdaratio": 0.1051143665,
    "operatingIncome": 952000000,
    "operatingIncomeRatio": 0.0815557269,
    "totalOtherIncomeExpensesNet": 107000000,
    "incomeBeforeTax": 1059000000,
    "incomeBeforeTaxRatio": 0.0907221794,
    "incomeTaxExpense": 265000000,
    "netIncome": 794000000,
    "netIncomeRatio": 0.0680202176,
    "eps": 0.4,
    "epsdiluted": 0.39,
    "weightedAverageShsOut": 1998000000,
    "weightedAverageShsOutDil": 2086000000,
    "link": "https://www.sec.gov/Archives/edgar/data/47217/000101287000001379/0001012870-00-001379-index.html",
    "finalLink": "https://www.sec.gov/Archives/edgar/data/47217/000101287000001379/"
  },
  {
    "date": "1999-10-31",
    "symbol": "HPQ",
    "reportedCurrency": "USD",
    "cik": "0000047217",
    "fillingDate": "2000-01-27",
    "acceptedDate": "2000-01-27 00:00:00",
    "calendarYear": "1999",
    "period": "Q4",
    "revenue": 11362000000,
    "costOfRevenue": 8102000000,
    "grossProfit": 3260000000,
    "grossProfitRatio": 0.2869213167,
    "researchAndDevelopmentExpenses": 612000000,
    "generalAndAdministrativeExpenses": 0,
    "sellingAndMarketingExpenses": 0,
    "sellingGeneralAndAdministrativeExpenses": 1739000000,
    "otherExpenses": 0,
    "operatingExpenses": 2351000000,
    "costAndExpenses": 10453000000,
    "interestIncome": 0,
    "interestExpense": 0,
    "depreciationAndAmortization": 351000000,
    "ebitda": 1260000000,
    "ebitdaratio": 0.110895969,
    "operatingIncome": 909000000,
    "operatingIncomeRatio": 0.0800035205,
    "totalOtherIncomeExpensesNet": 96000000,
    "incomeBeforeTax": 1005000000,
    "incomeBeforeTaxRatio": 0.0884527372,
    "incomeTaxExpense": 245000000,
    "netIncome": 760000000,
    "netIncomeRatio": 0.0668896321,
    "eps": 0.38,
    "epsdiluted": 0.38,
    "weightedAverageShsOut": 1998000000,
    "weightedAverageShsOutDil": 1998000000,
    "link": "https://www.sec.gov/Archives/edgar/data/47217/000091205700002692/0000912057-00-002692-index.html",
    "finalLink": "https://www.sec.gov/Archives/edgar/data/47217/000091205700002692/"
  },
  {
    "date": "1999-07-31",
    "symbol": "HPQ",
    "reportedCurrency": "USD",
    "cik": "0000047217",
    "fillingDate": "1999-09-20",
    "acceptedDate": "1999-09-20 00:00:00",
    "calendarYear": "1999",
    "period": "Q3",
    "revenue": 10318000000,
    "costOfRevenue": 7251000000,
    "grossProfit": 3067000000,
    "grossProfitRatio": 0.2972475286,
    "researchAndDevelopmentExpenses": 619000000,
    "generalAndAdministrativeExpenses": 0,
    "sellingAndMarketingExpenses": 0,
    "sellingGeneralAndAdministrativeExpenses": 1661000000,
    "otherExpenses": 0,
    "operatingExpenses": 2280000000,
    "costAndExpenses": 9531000000,
    "interestIncome": 0,
    "interestExpense": 0,
    "depreciationAndAmortization": 339000000,
    "ebitda": 1126000000,
    "ebitdaratio": 0.1091296763,
    "operatingIncome": 787000000,
    "operatingIncomeRatio": 0.0762744718,
    "totalOtherIncomeExpensesNet": 159000000,
    "incomeBeforeTax": 946000000,
    "incomeBeforeTaxRatio": 0.091684435,
    "incomeTaxExpense": 250000000,
    "netIncome": 853000000,
    "netIncomeRatio": 0.0826710603,
    "eps": 0.43,
    "epsdiluted": 0.41,
    "weightedAverageShsOut": 2020000000,
    "weightedAverageShsOutDil": 2112000000,
    "link": "https://www.sec.gov/Archives/edgar/data/47217/000101287099003266/0001012870-99-003266-index.html",
    "finalLink": "https://www.sec.gov/Archives/edgar/data/47217/000101287099003266/"
  },
  {
    "date": "1999-04-30",
    "symbol": "HPQ",
    "reportedCurrency": "USD",
    "cik": "0000047217",
    "fillingDate": "1999-06-11",
    "acceptedDate": "1999-06-11 00:00:00",
    "calendarYear": "1999",
    "period": "Q2",
    "revenue": 10455000000,
    "costOfRevenue": 7299000000,
    "grossProfit": 3156000000,
    "grossProfitRatio": 0.3018651363,
    "researchAndDevelopmentExpenses": 633000000,
    "generalAndAdministrativeExpenses": 0,
    "sellingAndMarketingExpenses": 0,
    "sellingGeneralAndAdministrativeExpenses": 1628000000,
    "otherExpenses": 0,
    "operatingExpenses": 2261000000,
    "costAndExpenses": 9560000000,
    "interestIncome": 0,
    "interestExpense": 0,
    "depreciationAndAmortization": 326000000,
    "ebitda": 1221000000,
    "ebitdaratio": 0.1167862267,
    "operatingIncome": 895000000,
    "operatingIncomeRatio": 0.0856049737,
    "totalOtherIncomeExpensesNet": 149000000,
    "incomeBeforeTax": 1044000000,
    "incomeBeforeTaxRatio": 0.099856528,
    "incomeTaxExpense": 278000000,
    "netIncome": 918000000,
    "netIncomeRatio": 0.087804878,
    "eps": 0.46,
    "epsdiluted": 0.45,
    "weightedAverageShsOut": 2020000000,
    "weightedAverageShsOutDil": 2102000000,
    "link": "https://www.sec.gov/Archives/edgar/data/47217/000004721799000007/0000047217-99-000007-index.html",
    "finalLink": "https://www.sec.gov/Archives/edgar/data/47217/000004721799000007/"
  },
  {
    "date": "1999-01-31",
    "symbol": "HPQ",
    "reportedCurrency": "USD",
    "cik": "0000047217",
    "fillingDate": "1999-02-26",
    "acceptedDate": "1999-02-26 00:00:00",
    "calendarYear": "1999",
    "period": "Q1",
    "revenue": 10235000000,
    "costOfRevenue": 7068000000,
    "grossProfit": 3167000000,
    "grossProfitRatio": 0.3094284319,
    "researchAndDevelopmentExpenses": 576000000,
    "generalAndAdministrativeExpenses": 0,
    "sellingAndMarketingExpenses": 0,
    "sellingGeneralAndAdministrativeExpenses": 1494000000,
    "otherExpenses": 0,
    "operatingExpenses": 2070000000,
    "costAndExpenses": 9138000000,
    "interestIncome": 0,
    "interestExpense": 0,
    "depreciationAndAmortization": 300000000,
    "ebitda": 1397000000,
    "ebitdaratio": 0.1364924279,
    "operatingIncome": 1097000000,
    "operatingIncomeRatio": 0.1071812408,
    "totalOtherIncomeExpensesNet": 102000000,
    "incomeBeforeTax": 1199000000,
    "incomeBeforeTaxRatio": 0.1171470445,
    "incomeTaxExpense": 317000000,
    "netIncome": 960000000,
    "netIncomeRatio": 0.0937957987,
    "eps": 0.48,
    "epsdiluted": 0.47,
    "weightedAverageShsOut": 2022000000,
    "weightedAverageShsOutDil": 2098000000,
    "link": "https://www.sec.gov/Archives/edgar/data/47217/000004721799000003/0000047217-99-000003-index.html",
    "finalLink": "https://www.sec.gov/Archives/edgar/data/47217/"
  },
  {
    "date": "1998-10-31",
    "symbol": "HPQ",
    "reportedCurrency": "USD",
    "cik": "0000047217",
    "fillingDate": "1999-01-15",
    "acceptedDate": "1999-01-15 00:00:00",
    "calendarYear": "1998",
    "period": "Q4",
    "revenue": 12226000000,
    "costOfRevenue": 8506000000,
    "grossProfit": 3720000000,
    "grossProfitRatio": 0.3042695894,
    "researchAndDevelopmentExpenses": 857000000,
    "generalAndAdministrativeExpenses": 0,
    "sellingAndMarketingExpenses": 0,
    "sellingGeneralAndAdministrativeExpenses": 1972000000,
    "otherExpenses": 0,
    "operatingExpenses": 2829000000,
    "costAndExpenses": 11335000000,
    "interestIncome": 0,
    "interestExpense": 0,
    "depreciationAndAmortization": 546000000,
    "ebitda": 1437000000,
    "ebitdaratio": 0.1175363978,
    "operatingIncome": 891000000,
    "operatingIncomeRatio": 0.0728774742,
    "totalOtherIncomeExpensesNet": 52000000,
    "incomeBeforeTax": 943000000,
    "incomeBeforeTaxRatio": 0.0771307051,
    "incomeTaxExpense": 233000000,
    "netIncome": 710000000,
    "netIncomeRatio": 0.0580729593,
    "eps": 0.35,
    "epsdiluted": 0.35,
    "weightedAverageShsOut": 2022000000,
    "weightedAverageShsOutDil": 2022000000,
    "link": "https://www.sec.gov/Archives/edgar/data/47217/000104746999001318/0001047469-99-001318-index.html",
    "finalLink": "https://www.sec.gov/Archives/edgar/data/47217/"
  },
  {
    "date": "1998-07-31",
    "symbol": "HPQ",
    "reportedCurrency": "USD",
    "cik": "0000047217",
    "fillingDate": "1998-09-14",
    "acceptedDate": "1998-09-14 00:00:00",
    "calendarYear": "1998",
    "period": "Q3",
    "revenue": 9182000000,
    "costOfRevenue": 6507000000,
    "grossProfit": 2675000000,
    "grossProfitRatio": 0.2913308647,
    "researchAndDevelopmentExpenses": 585000000,
    "generalAndAdministrativeExpenses": 0,
    "sellingAndMarketingExpenses": 0,
    "sellingGeneralAndAdministrativeExpenses": 1417000000,
    "otherExpenses": 0,
    "operatingExpenses": 2002000000,
    "costAndExpenses": 8509000000,
    "interestIncome": 0,
    "interestExpense": 0,
    "depreciationAndAmortization": 106000000,
    "ebitda": 779000000,
    "ebitdaratio": 0.0848399042,
    "operatingIncome": 673000000,
    "operatingIncomeRatio": 0.0732955783,
    "totalOtherIncomeExpensesNet": 101000000,
    "incomeBeforeTax": 774000000,
    "incomeBeforeTaxRatio": 0.0842953605,
    "incomeTaxExpense": 220000000,
    "netIncome": 621000000,
    "netIncomeRatio": 0.0676323241,
    "eps": 0.31,
    "epsdiluted": 0.29,
    "weightedAverageShsOut": 2070000000,
    "weightedAverageShsOutDil": 2152000000,
    "link": "https://www.sec.gov/Archives/edgar/data/47217/000004721798000023/0000047217-98-000023-index.html",
    "finalLink": "https://www.sec.gov/Archives/edgar/data/47217/"
  },
  {
    "date": "1998-04-30",
    "symbol": "HPQ",
    "reportedCurrency": "USD",
    "cik": "0000047217",
    "fillingDate": "1998-06-12",
    "acceptedDate": "1998-06-12 00:00:00",
    "calendarYear": "1998",
    "period": "Q2",
    "revenue": 12040000000,
    "costOfRevenue": 8224000000,
    "grossProfit": 3816000000,
    "grossProfitRatio": 0.3169435216,
    "researchAndDevelopmentExpenses": 880000000,
    "generalAndAdministrativeExpenses": 0,
    "sellingAndMarketingExpenses": 0,
    "sellingGeneralAndAdministrativeExpenses": 2064000000,
    "otherExpenses": 0,
    "operatingExpenses": 2944000000,
    "costAndExpenses": 11168000000,
    "interestIncome": 0,
    "interestExpense": 0,
    "depreciationAndAmortization": 458000000,
    "ebitda": 1330000000,
    "ebitdaratio": 0.1104651163,
    "operatingIncome": 872000000,
    "operatingIncomeRatio": 0.0724252492,
    "totalOtherIncomeExpensesNet": 75000000,
    "incomeBeforeTax": 947000000,
    "incomeBeforeTaxRatio": 0.078654485,
    "incomeTaxExpense": 262000000,
    "netIncome": 685000000,
    "netIncomeRatio": 0.0568936877,
    "eps": 0.33,
    "epsdiluted": 0.33,
    "weightedAverageShsOut": 2078000000,
    "weightedAverageShsOutDil": 2156000000,
    "link": "https://www.sec.gov/Archives/edgar/data/47217/000004721798000019/0000047217-98-000019-index.html",
    "finalLink": "https://www.sec.gov/Archives/edgar/data/47217/"
  },
  {
    "date": "1998-01-31",
    "symbol": "HPQ",
    "reportedCurrency": "USD",
    "cik": "0000047217",
    "fillingDate": "1998-03-17",
    "acceptedDate": "1998-03-17 00:00:00",
    "calendarYear": "1998",
    "period": "Q1",
    "revenue": 11816000000,
    "costOfRevenue": 7837000000,
    "grossProfit": 3979000000,
    "grossProfitRatio": 0.336746784,
    "researchAndDevelopmentExpenses": 803000000,
    "generalAndAdministrativeExpenses": 0,
    "sellingAndMarketingExpenses": 0,
    "sellingGeneralAndAdministrativeExpenses": 1872000000,
    "otherExpenses": 0,
    "operatingExpenses": 2675000000,
    "costAndExpenses": 10512000000,
    "interestIncome": 0,
    "interestExpense": 0,
    "depreciationAndAmortization": 411000000,
    "ebitda": 1715000000,
    "ebitdaratio": 0.1451421801,
    "operatingIncome": 1304000000,
    "operatingIncomeRatio": 0.1103588355,
    "totalOtherIncomeExpensesNet": 23000000,
    "incomeBeforeTax": 1327000000,
    "incomeBeforeTaxRatio": 0.1123053487,
    "incomeTaxExpense": 398000000,
    "netIncome": 929000000,
    "netIncomeRatio": 0.0786222072,
    "eps": 0.45,
    "epsdiluted": 0.43,
    "weightedAverageShsOut": 2076000000,
    "weightedAverageShsOutDil": 2152000000,
    "link": "https://www.sec.gov/Archives/edgar/data/47217/000101287098000677/0001012870-98-000677-index.html",
    "finalLink": "https://www.sec.gov/Archives/edgar/data/47217/"
  },
  {
    "date": "1997-10-31",
    "symbol": "HPQ",
    "reportedCurrency": "USD",
    "cik": "0000047217",
    "fillingDate": "1998-01-27",
    "acceptedDate": "1998-01-27 00:00:00",
    "calendarYear": "1997",
    "period": "Q4",
    "revenue": 11789000000,
    "costOfRevenue": 7829000000,
    "grossProfit": 3960000000,
    "grossProfitRatio": 0.3359063534,
    "researchAndDevelopmentExpenses": 858000000,
    "generalAndAdministrativeExpenses": 0,
    "sellingAndMarketingExpenses": 0,
    "sellingGeneralAndAdministrativeExpenses": 1971000000,
    "otherExpenses": 0,
    "operatingExpenses": 2829000000,
    "costAndExpenses": 10658000000,
    "interestIncome": 0,
    "interestExpense": 0,
    "depreciationAndAmortization": 451000000,
    "ebitda": 1582000000,
    "ebitdaratio": 0.1341928917,
    "operatingIncome": 1131000000,
    "operatingIncomeRatio": 0.0959368903,
    "totalOtherIncomeExpensesNet": 20000000,
    "incomeBeforeTax": 1151000000,
    "incomeBeforeTaxRatio": 0.0976333871,
    "incomeTaxExpense": 345000000,
    "netIncome": 806000000,
    "netIncomeRatio": 0.0683688184,
    "eps": 0.39,
    "epsdiluted": 0.39,
    "weightedAverageShsOut": 2076000000,
    "weightedAverageShsOutDil": 2076000000,
    "link": "https://www.sec.gov/Archives/edgar/data/47217/000089161898000244/0000891618-98-000244-index.html",
    "finalLink": "https://www.sec.gov/Archives/edgar/data/47217/"
  },
  {
    "date": "1997-07-31",
    "symbol": "HPQ",
    "reportedCurrency": "USD",
    "cik": "0000047217",
    "fillingDate": "1997-09-12",
    "acceptedDate": "1997-09-12 00:00:00",
    "calendarYear": "1997",
    "period": "Q3",
    "revenue": 10471000000,
    "costOfRevenue": 7053000000,
    "grossProfit": 3418000000,
    "grossProfitRatio": 0.3264253653,
    "researchAndDevelopmentExpenses": 777000000,
    "generalAndAdministrativeExpenses": 0,
    "sellingAndMarketingExpenses": 0,
    "sellingGeneralAndAdministrativeExpenses": 1816000000,
    "otherExpenses": 0,
    "operatingExpenses": 2593000000,
    "costAndExpenses": 9646000000,
    "interestIncome": 0,
    "interestExpense": 0,
    "depreciationAndAmortization": 408000000,
    "ebitda": 1233000000,
    "ebitdaratio": 0.1177537962,
    "operatingIncome": 825000000,
    "operatingIncomeRatio": 0.0787890364,
    "totalOtherIncomeExpensesNet": 56000000,
    "incomeBeforeTax": 881000000,
    "incomeBeforeTaxRatio": 0.0841371407,
    "incomeTaxExpense": 264000000,
    "netIncome": 617000000,
    "netIncomeRatio": 0.058924649,
    "eps": 0.3,
    "epsdiluted": 0.29,
    "weightedAverageShsOut": 2120000000,
    "weightedAverageShsOutDil": 2120000000,
    "link": "https://www.sec.gov/Archives/edgar/data/47217/000004721797000031/0000047217-97-000031-index.html",
    "finalLink": "https://www.sec.gov/Archives/edgar/data/47217/"
  },
  {
    "date": "1997-04-30",
    "symbol": "HPQ",
    "reportedCurrency": "USD",
    "cik": "0000047217",
    "fillingDate": "1997-06-16",
    "acceptedDate": "1997-06-16 00:00:00",
    "calendarYear": "1997",
    "period": "Q2",
    "revenue": 10340000000,
    "costOfRevenue": 6743000000,
    "grossProfit": 3597000000,
    "grossProfitRatio": 0.3478723404,
    "researchAndDevelopmentExpenses": 744000000,
    "generalAndAdministrativeExpenses": 0,
    "sellingAndMarketingExpenses": 0,
    "sellingGeneralAndAdministrativeExpenses": 1751000000,
    "otherExpenses": 0,
    "operatingExpenses": 2495000000,
    "costAndExpenses": 9238000000,
    "interestIncome": 0,
    "interestExpense": 0,
    "depreciationAndAmortization": 362000000,
    "ebitda": 1464000000,
    "ebitdaratio": 0.1415860735,
    "operatingIncome": 1102000000,
    "operatingIncomeRatio": 0.1065764023,
    "totalOtherIncomeExpensesNet": 18000000,
    "incomeBeforeTax": 1120000000,
    "incomeBeforeTaxRatio": 0.1083172147,
    "incomeTaxExpense": 336000000,
    "netIncome": 784000000,
    "netIncomeRatio": 0.0758220503,
    "eps": 0.38,
    "epsdiluted": 0.38,
    "weightedAverageShsOut": 2092000000,
    "weightedAverageShsOutDil": 2092000000,
    "link": "https://www.sec.gov/Archives/edgar/data/47217/000004721797000021/0000047217-97-000021-index.html",
    "finalLink": "https://www.sec.gov/Archives/edgar/data/47217/"
  },
  {
    "date": "1997-01-31",
    "symbol": "HPQ",
    "reportedCurrency": "USD",
    "cik": "0000047217",
    "fillingDate": "1997-03-17",
    "acceptedDate": "1997-03-17 00:00:00",
    "calendarYear": "1997",
    "period": "Q1",
    "revenue": 10295000000,
    "costOfRevenue": 6694000000,
    "grossProfit": 3601000000,
    "grossProfitRatio": 0.3497814473,
    "researchAndDevelopmentExpenses": 699000000,
    "generalAndAdministrativeExpenses": 0,
    "sellingAndMarketingExpenses": 0,
    "sellingGeneralAndAdministrativeExpenses": 1621000000,
    "otherExpenses": 0,
    "operatingExpenses": 2320000000,
    "costAndExpenses": 9014000000,
    "interestIncome": 0,
    "interestExpense": 0,
    "depreciationAndAmortization": 335000000,
    "ebitda": 1616000000,
    "ebitdaratio": 0.1569694026,
    "operatingIncome": 1281000000,
    "operatingIncomeRatio": 0.1244293346,
    "totalOtherIncomeExpensesNet": 22000000,
    "incomeBeforeTax": 1303000000,
    "incomeBeforeTaxRatio": 0.1265662943,
    "incomeTaxExpense": 391000000,
    "netIncome": 912000000,
    "netIncomeRatio": 0.0885866926,
    "eps": 0.44,
    "epsdiluted": 0.44,
    "weightedAverageShsOut": 2094000000,
    "weightedAverageShsOutDil": 2094000000,
    "link": "https://www.sec.gov/Archives/edgar/data/47217/000004721797000018/0000047217-97-000018-index.html",
    "finalLink": "https://www.sec.gov/Archives/edgar/data/47217/"
  },
  {
    "date": "1996-10-31",
    "symbol": "HPQ",
    "reportedCurrency": "USD",
    "cik": "0000047217",
    "fillingDate": "1997-01-29",
    "acceptedDate": "1997-01-29 00:00:00",
    "calendarYear": "1996",
    "period": "Q4",
    "revenue": 10147000000,
    "costOfRevenue": 6819000000,
    "grossProfit": 3328000000,
    "grossProfitRatio": 0.3279787129,
    "researchAndDevelopmentExpenses": 707000000,
    "generalAndAdministrativeExpenses": 0,
    "sellingAndMarketingExpenses": 0,
    "sellingGeneralAndAdministrativeExpenses": 1742000000,
    "otherExpenses": 0,
    "operatingExpenses": 2449000000,
    "costAndExpenses": 9268000000,
    "interestIncome": 0,
    "interestExpense": 0,
    "depreciationAndAmortization": 366000000,
    "ebitda": 1245000000,
    "ebitdaratio": 0.1226963635,
    "operatingIncome": 879000000,
    "operatingIncomeRatio": 0.0866265891,
    "totalOtherIncomeExpensesNet": 7000000,
    "incomeBeforeTax": 886000000,
    "incomeBeforeTaxRatio": 0.0873164482,
    "incomeTaxExpense": 238000000,
    "netIncome": 648000000,
    "netIncomeRatio": 0.0638612398,
    "eps": 0.31,
    "epsdiluted": 0.31,
    "weightedAverageShsOut": 2094000000,
    "weightedAverageShsOutDil": 2094000000,
    "link": "https://www.sec.gov/Archives/edgar/data/47217/000089161897000198/0000891618-97-000198-index.html",
    "finalLink": "https://www.sec.gov/Archives/edgar/data/47217/"
  },
  {
    "date": "1996-07-31",
    "symbol": "HPQ",
    "reportedCurrency": "USD",
    "cik": "0000047217",
    "fillingDate": "1996-09-16",
    "acceptedDate": "1996-09-16 00:00:00",
    "calendarYear": "1996",
    "period": "Q3",
    "revenue": 9105000000,
    "costOfRevenue": 6194000000,
    "grossProfit": 2911000000,
    "grossProfitRatio": 0.3197144426,
    "researchAndDevelopmentExpenses": 708000000,
    "generalAndAdministrativeExpenses": 0,
    "sellingAndMarketingExpenses": 0,
    "sellingGeneralAndAdministrativeExpenses": 1592000000,
    "otherExpenses": 0,
    "operatingExpenses": 2300000000,
    "costAndExpenses": 8494000000,
    "interestIncome": 0,
    "interestExpense": 0,
    "depreciationAndAmortization": 341000000,
    "ebitda": 952000000,
    "ebitdaratio": 0.1045579352,
    "operatingIncome": 611000000,
    "operatingIncomeRatio": 0.0671059857,
    "totalOtherIncomeExpensesNet": 5000000,
    "incomeBeforeTax": 616000000,
    "incomeBeforeTaxRatio": 0.0676551345,
    "incomeTaxExpense": 191000000,
    "netIncome": 425000000,
    "netIncomeRatio": 0.0466776496,
    "eps": 0.2,
    "epsdiluted": 0.2,
    "weightedAverageShsOut": 2106000000,
    "weightedAverageShsOutDil": 2106000000,
    "link": "https://www.sec.gov/Archives/edgar/data/47217/000004721796000019/0000047217-96-000019-index.html",
    "finalLink": "https://www.sec.gov/Archives/edgar/data/47217/"
  },
  {
    "date": "1996-04-30",
    "symbol": "HPQ",
    "reportedCurrency": "USD",
    "cik": "0000047217",
    "fillingDate": "1996-06-13",
    "acceptedDate": "1996-06-13 00:00:00",
    "calendarYear": "1996",
    "period": "Q2",
    "revenue": 9880000000,
    "costOfRevenue": 6498000000,
    "grossProfit": 3382000000,
    "grossProfitRatio": 0.3423076923,
    "researchAndDevelopmentExpenses": 691000000,
    "generalAndAdministrativeExpenses": 0,
    "sellingAndMarketingExpenses": 0,
    "sellingGeneralAndAdministrativeExpenses": 1650000000,
    "otherExpenses": 0,
    "operatingExpenses": 2341000000,
    "costAndExpenses": 8839000000,
    "interestIncome": 0,
    "interestExpense": 0,
    "depreciationAndAmortization": 301000000,
    "ebitda": 1342000000,
    "ebitdaratio": 0.1358299595,
    "operatingIncome": 1041000000,
    "operatingIncomeRatio": 0.1053643725,
    "totalOtherIncomeExpensesNet": -11000000,
    "incomeBeforeTax": 1030000000,
    "incomeBeforeTaxRatio": 0.1042510121,
    "incomeTaxExpense": 307000000,
    "netIncome": 723000000,
    "netIncomeRatio": 0.0731781377,
    "eps": 0.35,
    "epsdiluted": 0.35,
    "weightedAverageShsOut": 2112000000,
    "weightedAverageShsOutDil": 2112000000,
    "link": "https://www.sec.gov/Archives/edgar/data/47217/000004721796000010/0000047217-96-000010-index.html",
    "finalLink": "https://www.sec.gov/Archives/edgar/data/47217/"
  },
  {
    "date": "1996-01-31",
    "symbol": "HPQ",
    "reportedCurrency": "USD",
    "cik": "0000047217",
    "fillingDate": "1996-03-15",
    "acceptedDate": "1996-03-15 00:00:00",
    "calendarYear": "1996",
    "period": "Q1",
    "revenue": 9288000000,
    "costOfRevenue": 5988000000,
    "grossProfit": 3300000000,
    "grossProfitRatio": 0.3552971576,
    "researchAndDevelopmentExpenses": 612000000,
    "generalAndAdministrativeExpenses": 0,
    "sellingAndMarketingExpenses": 0,
    "sellingGeneralAndAdministrativeExpenses": 1493000000,
    "otherExpenses": 0,
    "operatingExpenses": 2105000000,
    "costAndExpenses": 8093000000,
    "interestIncome": 0,
    "interestExpense": 0,
    "depreciationAndAmortization": 289000000,
    "ebitda": 1484000000,
    "ebitdaratio": 0.1597760551,
    "operatingIncome": 1195000000,
    "operatingIncomeRatio": 0.1286606374,
    "totalOtherIncomeExpensesNet": -33000000,
    "incomeBeforeTax": 1162000000,
    "incomeBeforeTaxRatio": 0.1251076658,
    "incomeTaxExpense": 372000000,
    "netIncome": 790000000,
    "netIncomeRatio": 0.0850559862,
    "eps": 0.38,
    "epsdiluted": 0.38,
    "weightedAverageShsOut": 2104000000,
    "weightedAverageShsOutDil": 2104000000,
    "link": "https://www.sec.gov/Archives/edgar/data/47217/000004721796000008/0000047217-96-000008-index.html",
    "finalLink": "https://www.sec.gov/Archives/edgar/data/47217/"
  },
  {
    "date": "1995-10-31",
    "symbol": "HPQ",
    "reportedCurrency": "USD",
    "cik": "0000047217",
    "fillingDate": "1996-01-29",
    "acceptedDate": "1996-01-29 00:00:00",
    "calendarYear": "1995",
    "period": "Q4",
    "revenue": 9048000000,
    "costOfRevenue": 5906000000,
    "grossProfit": 3142000000,
    "grossProfitRatio": 0.3472590628,
    "researchAndDevelopmentExpenses": 624000000,
    "generalAndAdministrativeExpenses": 0,
    "sellingAndMarketingExpenses": 0,
    "sellingGeneralAndAdministrativeExpenses": 1581000000,
    "otherExpenses": 0,
    "operatingExpenses": 2205000000,
    "costAndExpenses": 8111000000,
    "interestIncome": 0,
    "interestExpense": 0,
    "depreciationAndAmortization": 317000000,
    "ebitda": 1254000000,
    "ebitdaratio": 0.1385941645,
    "operatingIncome": 937000000,
    "operatingIncomeRatio": 0.1035587975,
    "totalOtherIncomeExpensesNet": 55000000,
    "incomeBeforeTax": 992000000,
    "incomeBeforeTaxRatio": 0.1096374889,
    "incomeTaxExpense": 314000000,
    "netIncome": 678000000,
    "netIncomeRatio": 0.074933687,
    "eps": 0.32,
    "epsdiluted": 0.32,
    "weightedAverageShsOut": 2104000000,
    "weightedAverageShsOutDil": 2104000000,
    "link": "https://www.sec.gov/Archives/edgar/data/47217/000089843096000245/0000898430-96-000245-index.html",
    "finalLink": "https://www.sec.gov/Archives/edgar/data/47217/"
  }
]