[
  {
    "date": "2025-07-27",
    "symbol": "HRL",
    "reportedCurrency": "USD",
    "cik": "0000048465",
    "fillingDate": "2025-08-28",
    "acceptedDate": "2025-08-28 13:52:14",
    "calendarYear": "2025",
    "period": "Q3",
    "revenue": 3032876000,
    "costOfRevenue": 2545567000,
    "grossProfit": 487309000,
    "grossProfitRatio": 0.1606755436,
    "researchAndDevelopmentExpenses": 0,
    "generalAndAdministrativeExpenses": 0,
    "sellingAndMarketingExpenses": 0,
    "sellingGeneralAndAdministrativeExpenses": 258713000,
    "otherExpenses": -11152000,
    "operatingExpenses": 247561000,
    "costAndExpenses": 2793128000,
    "interestIncome": 16227000,
    "interestExpense": 19461000,
    "depreciationAndAmortization": 64692000,
    "ebitda": 320667000,
    "ebitdaratio": 0.1057303365,
    "operatingIncome": 239748000,
    "operatingIncomeRatio": 0.0790497205,
    "totalOtherIncomeExpensesNet": -3234000,
    "incomeBeforeTax": 236514000,
    "incomeBeforeTaxRatio": 0.0779834058,
    "incomeTaxExpense": 52818000,
    "netIncome": 183742000,
    "netIncomeRatio": 0.0605834198,
    "eps": 0.33,
    "epsdiluted": 0.33,
    "weightedAverageShsOut": 550048000,
    "weightedAverageShsOutDil": 550396000,
    "link": "https://www.sec.gov/Archives/edgar/data/48465/000004846525000044/0000048465-25-000044-index.htm",
    "finalLink": "https://www.sec.gov/Archives/edgar/data/48465/000004846525000044/hrl-20250727.htm"
  },
  {
    "date": "2025-04-27",
    "symbol": "HRL",
    "reportedCurrency": "USD",
    "cik": "0000048465",
    "fillingDate": "2025-05-29",
    "acceptedDate": "2025-05-29 13:21:17",
    "calendarYear": "2025",
    "period": "Q2",
    "revenue": 2898810000,
    "costOfRevenue": 2414377000,
    "grossProfit": 484433000,
    "grossProfitRatio": 0.1671144366,
    "researchAndDevelopmentExpenses": 0,
    "generalAndAdministrativeExpenses": 0,
    "sellingAndMarketingExpenses": 0,
    "sellingGeneralAndAdministrativeExpenses": 251432000,
    "otherExpenses": -15351000,
    "operatingExpenses": 236081000,
    "costAndExpenses": 2650458000,
    "interestIncome": 1653000,
    "interestExpense": 19516000,
    "depreciationAndAmortization": 63963000,
    "ebitda": 313968000,
    "ebitdaratio": 0.1083092717,
    "operatingIncome": 248352000,
    "operatingIncomeRatio": 0.0856737765,
    "totalOtherIncomeExpensesNet": -17863000,
    "incomeBeforeTax": 230489000,
    "incomeBeforeTaxRatio": 0.0795115927,
    "incomeTaxExpense": 50747000,
    "netIncome": 180017000,
    "netIncomeRatio": 0.0621003101,
    "eps": 0.33,
    "epsdiluted": 0.33,
    "weightedAverageShsOut": 550277000,
    "weightedAverageShsOutDil": 550611000,
    "link": "https://www.sec.gov/Archives/edgar/data/48465/000004846525000037/0000048465-25-000037-index.htm",
    "finalLink": "https://www.sec.gov/Archives/edgar/data/48465/000004846525000037/hrl-20250427.htm"
  },
  {
    "date": "2025-01-26",
    "symbol": "HRL",
    "reportedCurrency": "USD",
    "cik": "0000048465",
    "fillingDate": "2025-02-27",
    "acceptedDate": "2025-02-27 13:41:00",
    "calendarYear": "2025",
    "period": "Q1",
    "revenue": 2988813000,
    "costOfRevenue": 2513581000,
    "grossProfit": 475232000,
    "grossProfitRatio": 0.1590035911,
    "researchAndDevelopmentExpenses": 0,
    "generalAndAdministrativeExpenses": 0,
    "sellingAndMarketingExpenses": 0,
    "sellingGeneralAndAdministrativeExpenses": 263013000,
    "otherExpenses": -16111000,
    "operatingExpenses": 246902000,
    "costAndExpenses": 2760483000,
    "interestIncome": 9204000,
    "interestExpense": 19462000,
    "depreciationAndAmortization": 65872000,
    "ebitda": 303653000,
    "ebitdaratio": 0.1015965201,
    "operatingIncome": 228330000,
    "operatingIncomeRatio": 0.0763948765,
    "totalOtherIncomeExpensesNet": -10257000,
    "incomeBeforeTax": 218073000,
    "incomeBeforeTaxRatio": 0.0729630793,
    "incomeTaxExpense": 47543000,
    "netIncome": 170575000,
    "netIncomeRatio": 0.0570711517,
    "eps": 0.31,
    "epsdiluted": 0.31,
    "weightedAverageShsOut": 549460000,
    "weightedAverageShsOutDil": 549854000,
    "link": "https://www.sec.gov/Archives/edgar/data/48465/000004846525000008/0000048465-25-000008-index.htm",
    "finalLink": "https://www.sec.gov/Archives/edgar/data/48465/000004846525000008/hrl-20250126.htm"
  },
  {
    "date": "2024-10-27",
    "symbol": "HRL",
    "reportedCurrency": "USD",
    "cik": "0000048465",
    "fillingDate": "2024-12-05",
    "acceptedDate": "2024-12-05 14:40:07",
    "calendarYear": "2024",
    "period": "Q4",
    "revenue": 3138091000,
    "costOfRevenue": 2616861000,
    "grossProfit": 521230000,
    "grossProfitRatio": 0.1660977964,
    "researchAndDevelopmentExpenses": 0,
    "generalAndAdministrativeExpenses": 0,
    "sellingAndMarketingExpenses": 0,
    "sellingGeneralAndAdministrativeExpenses": 238587000,
    "otherExpenses": -11837000,
    "operatingExpenses": 226750000,
    "costAndExpenses": 2843611000,
    "interestIncome": 4980000,
    "interestExpense": 19430000,
    "depreciationAndAmortization": 66402000,
    "ebitda": 365862000,
    "ebitdaratio": 0.1165874412,
    "operatingIncome": 294480000,
    "operatingIncomeRatio": 0.0938404909,
    "totalOtherIncomeExpensesNet": -14450000,
    "incomeBeforeTax": 280030000,
    "incomeBeforeTaxRatio": 0.0892357806,
    "incomeTaxExpense": 60070000,
    "netIncome": 220196000,
    "netIncomeRatio": 0.0701687746,
    "eps": 0.4,
    "epsdiluted": 0.4,
    "weightedAverageShsOut": 548942000,
    "weightedAverageShsOutDil": 549456000,
    "link": "https://www.sec.gov/Archives/edgar/data/48465/000004846524000051/0000048465-24-000051-index.htm",
    "finalLink": "https://www.sec.gov/Archives/edgar/data/48465/000004846524000051/hrl-20241027.htm"
  },
  {
    "date": "2024-07-28",
    "symbol": "HRL",
    "reportedCurrency": "USD",
    "cik": "0000048465",
    "fillingDate": "2024-09-04",
    "acceptedDate": "2024-09-04 13:25:39",
    "calendarYear": "2024",
    "period": "Q3",
    "revenue": 2898443000,
    "costOfRevenue": 2410075000,
    "grossProfit": 488369000,
    "grossProfitRatio": 0.1684935671,
    "researchAndDevelopmentExpenses": 0,
    "generalAndAdministrativeExpenses": 0,
    "sellingAndMarketingExpenses": 0,
    "sellingGeneralAndAdministrativeExpenses": 259653000,
    "otherExpenses": -7978000,
    "operatingExpenses": 251675000,
    "costAndExpenses": 2661750000,
    "interestIncome": 10484000,
    "interestExpense": 21459000,
    "depreciationAndAmortization": 63658000,
    "ebitda": 310836000,
    "ebitdaratio": 0.1072424057,
    "operatingIncome": 236693000,
    "operatingIncomeRatio": 0.08166212,
    "totalOtherIncomeExpensesNet": -10974000,
    "incomeBeforeTax": 225719000,
    "incomeBeforeTaxRatio": 0.0778759493,
    "incomeTaxExpense": 48984000,
    "netIncome": 176701000,
    "netIncomeRatio": 0.0609641107,
    "eps": 0.32,
    "epsdiluted": 0.32,
    "weightedAverageShsOut": 548685000,
    "weightedAverageShsOutDil": 549266000,
    "link": "https://www.sec.gov/Archives/edgar/data/48465/000004846524000041/0000048465-24-000041-index.htm",
    "finalLink": "https://www.sec.gov/Archives/edgar/data/48465/000004846524000041/hrl-20240728.htm"
  },
  {
    "date": "2024-04-28",
    "symbol": "HRL",
    "reportedCurrency": "USD",
    "cik": "0000048465",
    "fillingDate": "2024-05-30",
    "acceptedDate": "2024-05-30 13:23:19",
    "calendarYear": "2024",
    "period": "Q2",
    "revenue": 2887352000,
    "costOfRevenue": 2383546000,
    "grossProfit": 503806000,
    "grossProfitRatio": 0.1744872118,
    "researchAndDevelopmentExpenses": 0,
    "generalAndAdministrativeExpenses": 0,
    "sellingAndMarketingExpenses": 0,
    "sellingGeneralAndAdministrativeExpenses": 266668000,
    "otherExpenses": -15182000,
    "operatingExpenses": 251486000,
    "costAndExpenses": 2635032000,
    "interestIncome": 13497000,
    "interestExpense": 21679000,
    "depreciationAndAmortization": 63629000,
    "ebitda": 329447000,
    "ebitdaratio": 0.1141000474,
    "operatingIncome": 252320000,
    "operatingIncomeRatio": 0.0873880289,
    "totalOtherIncomeExpensesNet": -8181000,
    "incomeBeforeTax": 244139000,
    "incomeBeforeTaxRatio": 0.0845546369,
    "incomeTaxExpense": 54931000,
    "netIncome": 189278000,
    "netIncomeRatio": 0.0655541825,
    "eps": 0.35,
    "epsdiluted": 0.34,
    "weightedAverageShsOut": 547868000,
    "weightedAverageShsOutDil": 548685000,
    "link": "https://www.sec.gov/Archives/edgar/data/48465/000004846524000032/0000048465-24-000032-index.htm",
    "finalLink": "https://www.sec.gov/Archives/edgar/data/48465/000004846524000032/hrl-20240428.htm"
  },
  {
    "date": "2024-01-28",
    "symbol": "HRL",
    "reportedCurrency": "USD",
    "cik": "0000048465",
    "fillingDate": "2024-02-29",
    "acceptedDate": "2024-02-29 11:30:32",
    "calendarYear": "2024",
    "period": "Q1",
    "revenue": 2996911000,
    "costOfRevenue": 2488178000,
    "grossProfit": 508733000,
    "grossProfitRatio": 0.1697524551,
    "researchAndDevelopmentExpenses": 0,
    "generalAndAdministrativeExpenses": 0,
    "sellingAndMarketingExpenses": 0,
    "sellingGeneralAndAdministrativeExpenses": 240386000,
    "otherExpenses": -16091000,
    "operatingExpenses": 224295000,
    "costAndExpenses": 2712473000,
    "interestIncome": 19434000,
    "interestExpense": 18326000,
    "depreciationAndAmortization": 64067000,
    "ebitda": 367940000,
    "ebitdaratio": 0.122773082,
    "operatingIncome": 284438000,
    "operatingIncomeRatio": 0.0949103927,
    "totalOtherIncomeExpensesNet": 1109000,
    "incomeBeforeTax": 285547000,
    "incomeBeforeTaxRatio": 0.0952804404,
    "incomeTaxExpense": 66818000,
    "netIncome": 218863000,
    "netIncomeRatio": 0.0730295294,
    "eps": 0.4,
    "epsdiluted": 0.4,
    "weightedAverageShsOut": 547020000,
    "weightedAverageShsOutDil": 547920000,
    "link": "https://www.sec.gov/Archives/edgar/data/48465/000004846524000011/0000048465-24-000011-index.htm",
    "finalLink": "https://www.sec.gov/Archives/edgar/data/48465/000004846524000011/hrl-20240128.htm"
  },
  {
    "date": "2023-10-29",
    "symbol": "HRL",
    "reportedCurrency": "USD",
    "cik": "0000048465",
    "fillingDate": "2023-12-06",
    "acceptedDate": "2023-12-06 12:58:57",
    "calendarYear": "2023",
    "period": "Q4",
    "revenue": 3198080000,
    "costOfRevenue": 2683655000,
    "grossProfit": 514424000,
    "grossProfitRatio": 0.1608540124,
    "researchAndDevelopmentExpenses": 0,
    "generalAndAdministrativeExpenses": 0,
    "sellingAndMarketingExpenses": 0,
    "sellingGeneralAndAdministrativeExpenses": 216546000,
    "otherExpenses": 27842000,
    "operatingExpenses": 244388000,
    "costAndExpenses": 2928043000,
    "interestIncome": -5872000,
    "interestExpense": 18360000,
    "depreciationAndAmortization": 36879000,
    "ebitda": 301045000,
    "ebitdaratio": 0.0941330423,
    "operatingIncome": 270037000,
    "operatingIncomeRatio": 0.0844372248,
    "totalOtherIncomeExpensesNet": -24231000,
    "incomeBeforeTax": 245806000,
    "incomeBeforeTaxRatio": 0.0768604913,
    "incomeTaxExpense": 50322000,
    "netIncome": 195935000,
    "netIncomeRatio": 0.0612664474,
    "eps": 0.36,
    "epsdiluted": 0.36,
    "weightedAverageShsOut": 546517000,
    "weightedAverageShsOutDil": 548249000,
    "link": "https://www.sec.gov/Archives/edgar/data/48465/000004846523000083/0000048465-23-000083-index.htm",
    "finalLink": "https://www.sec.gov/Archives/edgar/data/48465/000004846523000083/hrl-20231029.htm"
  },
  {
    "date": "2023-07-30",
    "symbol": "HRL",
    "reportedCurrency": "USD",
    "cik": "0000048465",
    "fillingDate": "2023-08-31",
    "acceptedDate": "2023-08-31 13:12:42",
    "calendarYear": "2023",
    "period": "Q3",
    "revenue": 2963299000,
    "costOfRevenue": 2465251000,
    "grossProfit": 498048000,
    "grossProfitRatio": 0.1680721385,
    "researchAndDevelopmentExpenses": 0,
    "generalAndAdministrativeExpenses": 0,
    "sellingAndMarketingExpenses": 0,
    "sellingGeneralAndAdministrativeExpenses": 291073000,
    "otherExpenses": -9784000,
    "operatingExpenses": 281289000,
    "costAndExpenses": 2746540000,
    "interestIncome": 9239000,
    "interestExpense": 18372000,
    "depreciationAndAmortization": 64083000,
    "ebitda": 290081000,
    "ebitdaratio": 0.0978912354,
    "operatingIncome": 216759000,
    "operatingIncomeRatio": 0.0731478666,
    "totalOtherIncomeExpensesNet": -9133000,
    "incomeBeforeTax": 207626000,
    "incomeBeforeTaxRatio": 0.0700658287,
    "incomeTaxExpense": 45055000,
    "netIncome": 162679000,
    "netIncomeRatio": 0.0548979364,
    "eps": 0.3,
    "epsdiluted": 0.3,
    "weightedAverageShsOut": 546358000,
    "weightedAverageShsOutDil": 548637000,
    "link": "https://www.sec.gov/Archives/edgar/data/48465/000004846523000074/0000048465-23-000074-index.htm",
    "finalLink": "https://www.sec.gov/Archives/edgar/data/48465/000004846523000074/hrl-20230730.htm"
  },
  {
    "date": "2023-04-30",
    "symbol": "HRL",
    "reportedCurrency": "USD",
    "cik": "0000048465",
    "fillingDate": "2023-06-01",
    "acceptedDate": "2023-06-01 15:41:52",
    "calendarYear": "2023",
    "period": "Q2",
    "revenue": 2977639000,
    "costOfRevenue": 2486220000,
    "grossProfit": 491419000,
    "grossProfitRatio": 0.1650364601,
    "researchAndDevelopmentExpenses": 0,
    "generalAndAdministrativeExpenses": 0,
    "sellingAndMarketingExpenses": 0,
    "sellingGeneralAndAdministrativeExpenses": 212492000,
    "otherExpenses": -16871000,
    "operatingExpenses": 195621000,
    "costAndExpenses": 2681841000,
    "interestIncome": 1365000,
    "interestExpense": 18323000,
    "depreciationAndAmortization": 61740000,
    "ebitda": 358902000,
    "ebitdaratio": 0.1205324084,
    "operatingIncome": 295798000,
    "operatingIncomeRatio": 0.0993397789,
    "totalOtherIncomeExpensesNet": -16959000,
    "incomeBeforeTax": 278839000,
    "incomeBeforeTaxRatio": 0.0936443269,
    "incomeTaxExpense": 61624000,
    "netIncome": 217239000,
    "netIncomeRatio": 0.0729567956,
    "eps": 0.4,
    "epsdiluted": 0.4,
    "weightedAverageShsOut": 546424000,
    "weightedAverageShsOutDil": 549013000,
    "link": "https://www.sec.gov/Archives/edgar/data/48465/000004846523000046/0000048465-23-000046-index.htm",
    "finalLink": "https://www.sec.gov/Archives/edgar/data/48465/000004846523000046/hrl-20230430.htm"
  },
  {
    "date": "2023-01-29",
    "symbol": "HRL",
    "reportedCurrency": "USD",
    "cik": "0000048465",
    "fillingDate": "2023-03-02",
    "acceptedDate": "2023-03-02 15:06:22",
    "calendarYear": "2023",
    "period": "Q1",
    "revenue": 2970992000,
    "costOfRevenue": 2475043000,
    "grossProfit": 495949000,
    "grossProfitRatio": 0.1669304394,
    "researchAndDevelopmentExpenses": 0,
    "generalAndAdministrativeExpenses": 0,
    "sellingAndMarketingExpenses": 0,
    "sellingGeneralAndAdministrativeExpenses": 222056000,
    "otherExpenses": -15559000,
    "operatingExpenses": 206497000,
    "costAndExpenses": 2681540000,
    "interestIncome": 10096000,
    "interestExpense": 18347000,
    "depreciationAndAmortization": 61503000,
    "ebitda": 361051000,
    "ebitdaratio": 0.121525403,
    "operatingIncome": 289452000,
    "operatingIncomeRatio": 0.0974260449,
    "totalOtherIncomeExpensesNet": -8251000,
    "incomeBeforeTax": 281201000,
    "incomeBeforeTaxRatio": 0.094648858,
    "incomeTaxExpense": 63551000,
    "netIncome": 217719000,
    "netIncomeRatio": 0.0732815841,
    "eps": 0.4,
    "epsdiluted": 0.4,
    "weightedAverageShsOut": 547020000,
    "weightedAverageShsOutDil": 547920000,
    "link": "https://www.sec.gov/Archives/edgar/data/48465/000004846523000014/0000048465-23-000014-index.htm",
    "finalLink": "https://www.sec.gov/Archives/edgar/data/48465/000004846523000014/hrl-20230129.htm"
  },
  {
    "date": "2022-10-30",
    "symbol": "HRL",
    "reportedCurrency": "USD",
    "cik": "0000048465",
    "fillingDate": "2022-12-06",
    "acceptedDate": "2022-12-06 13:34:49",
    "calendarYear": "2022",
    "period": "Q4",
    "revenue": 3283475000,
    "costOfRevenue": 2717058000,
    "grossProfit": 566417000,
    "grossProfitRatio": 0.1725053488,
    "researchAndDevelopmentExpenses": 0,
    "generalAndAdministrativeExpenses": 0,
    "sellingAndMarketingExpenses": 0,
    "sellingGeneralAndAdministrativeExpenses": 206488000,
    "otherExpenses": -7235000,
    "operatingExpenses": 199253000,
    "costAndExpenses": 2916311000,
    "interestIncome": 7934000,
    "interestExpense": 17602000,
    "depreciationAndAmortization": 71185000,
    "ebitda": 446282000,
    "ebitdaratio": 0.1359175873,
    "operatingIncome": 367164000,
    "operatingIncomeRatio": 0.1118217742,
    "totalOtherIncomeExpensesNet": -9669000,
    "incomeBeforeTax": 357495000,
    "incomeBeforeTaxRatio": 0.1088770281,
    "incomeTaxExpense": 77484000,
    "netIncome": 279884000,
    "netIncomeRatio": 0.08524018,
    "eps": 0.51,
    "epsdiluted": 0.51,
    "weightedAverageShsOut": 546213000,
    "weightedAverageShsOutDil": 550135000,
    "link": "https://www.sec.gov/Archives/edgar/data/48465/000004846522000051/0000048465-22-000051-index.htm",
    "finalLink": "https://www.sec.gov/Archives/edgar/data/48465/000004846522000051/hrl-20221030.htm"
  },
  {
    "date": "2022-07-31",
    "symbol": "HRL",
    "reportedCurrency": "USD",
    "cik": "0000048465",
    "fillingDate": "2022-09-01",
    "acceptedDate": "2022-09-01 14:29:55",
    "calendarYear": "2022",
    "period": "Q3",
    "revenue": 3034414000,
    "costOfRevenue": 2528364000,
    "grossProfit": 506049000,
    "grossProfitRatio": 0.1667699266,
    "researchAndDevelopmentExpenses": 0,
    "generalAndAdministrativeExpenses": 0,
    "sellingAndMarketingExpenses": 0,
    "sellingGeneralAndAdministrativeExpenses": 222147000,
    "otherExpenses": -7137000,
    "operatingExpenses": 215010000,
    "costAndExpenses": 2743374000,
    "interestIncome": 14411000,
    "interestExpense": 15615000,
    "depreciationAndAmortization": 65132000,
    "ebitda": 370583000,
    "ebitdaratio": 0.1221267105,
    "operatingIncome": 291040000,
    "operatingIncomeRatio": 0.0959130824,
    "totalOtherIncomeExpensesNet": -1204000,
    "incomeBeforeTax": 289836000,
    "incomeBeforeTaxRatio": 0.0955163007,
    "incomeTaxExpense": 71010000,
    "netIncome": 218915000,
    "netIncomeRatio": 0.0721440779,
    "eps": 0.4,
    "epsdiluted": 0.4,
    "weightedAverageShsOut": 546077000,
    "weightedAverageShsOutDil": 550167000,
    "link": "https://www.sec.gov/Archives/edgar/data/48465/000004846522000044/0000048465-22-000044-index.htm",
    "finalLink": "https://www.sec.gov/Archives/edgar/data/48465/000004846522000044/hrl-20220731.htm"
  },
  {
    "date": "2022-05-01",
    "symbol": "HRL",
    "reportedCurrency": "USD",
    "cik": "0000048465",
    "fillingDate": "2022-06-02",
    "acceptedDate": "2022-06-02 13:20:50",
    "calendarYear": "2022",
    "period": "Q2",
    "revenue": 3096559000,
    "costOfRevenue": 2543088000,
    "grossProfit": 553471000,
    "grossProfitRatio": 0.1787374308,
    "researchAndDevelopmentExpenses": 0,
    "generalAndAdministrativeExpenses": 0,
    "sellingAndMarketingExpenses": 0,
    "sellingGeneralAndAdministrativeExpenses": 224659000,
    "otherExpenses": -5916000,
    "operatingExpenses": 218743000,
    "costAndExpenses": 2761831000,
    "interestIncome": 1799000,
    "interestExpense": 14658000,
    "depreciationAndAmortization": 62156000,
    "ebitda": 398682000,
    "ebitdaratio": 0.1287500093,
    "operatingIncome": 334728000,
    "operatingIncomeRatio": 0.1080967616,
    "totalOtherIncomeExpensesNet": -12860000,
    "incomeBeforeTax": 321868000,
    "incomeBeforeTaxRatio": 0.1039437647,
    "incomeTaxExpense": 60189000,
    "netIncome": 261617000,
    "netIncomeRatio": 0.0844863605,
    "eps": 0.48,
    "epsdiluted": 0.48,
    "weightedAverageShsOut": 544702000,
    "weightedAverageShsOutDil": 550036000,
    "link": "https://www.sec.gov/Archives/edgar/data/48465/000004846522000034/0000048465-22-000034-index.htm",
    "finalLink": "https://www.sec.gov/Archives/edgar/data/48465/000004846522000034/hrl-20220501.htm"
  },
  {
    "date": "2022-01-30",
    "symbol": "HRL",
    "reportedCurrency": "USD",
    "cik": "0000048465",
    "fillingDate": "2022-03-08",
    "acceptedDate": "2022-03-08 13:10:51",
    "calendarYear": "2022",
    "period": "Q1",
    "revenue": 3044358000,
    "costOfRevenue": 2505610000,
    "grossProfit": 538749000,
    "grossProfitRatio": 0.1769663752,
    "researchAndDevelopmentExpenses": 0,
    "generalAndAdministrativeExpenses": 0,
    "sellingAndMarketingExpenses": 0,
    "sellingGeneralAndAdministrativeExpenses": 225972000,
    "otherExpenses": -6899000,
    "operatingExpenses": 219073000,
    "costAndExpenses": 2724683000,
    "interestIncome": 3869000,
    "interestExpense": 14640000,
    "depreciationAndAmortization": 64280000,
    "ebitda": 387824000,
    "ebitdaratio": 0.1273910624,
    "operatingIncome": 319675000,
    "operatingIncomeRatio": 0.1050057188,
    "totalOtherIncomeExpensesNet": -10771000,
    "incomeBeforeTax": 308904000,
    "incomeBeforeTaxRatio": 0.1014676986,
    "incomeTaxExpense": 69194000,
    "netIncome": 239571000,
    "netIncomeRatio": 0.0786934388,
    "eps": 0.44,
    "epsdiluted": 0.44,
    "weightedAverageShsOut": 542680000,
    "weightedAverageShsOutDil": 547928000,
    "link": "https://www.sec.gov/Archives/edgar/data/48465/000004846522000013/0000048465-22-000013-index.htm",
    "finalLink": "https://www.sec.gov/Archives/edgar/data/48465/000004846522000013/hrl-20220130.htm"
  },
  {
    "date": "2021-10-31",
    "symbol": "HRL",
    "reportedCurrency": "USD",
    "cik": "0000048465",
    "fillingDate": "2021-12-10",
    "acceptedDate": "2021-12-10 15:26:08",
    "calendarYear": "2021",
    "period": "Q4",
    "revenue": 3454751000,
    "costOfRevenue": 2876670000,
    "grossProfit": 578081000,
    "grossProfitRatio": 0.1673292807,
    "researchAndDevelopmentExpenses": 0,
    "generalAndAdministrativeExpenses": 0,
    "sellingAndMarketingExpenses": 0,
    "sellingGeneralAndAdministrativeExpenses": 230441000,
    "otherExpenses": -10042000,
    "operatingExpenses": 220399000,
    "costAndExpenses": 3097069000,
    "interestIncome": 10138000,
    "interestExpense": 15589000,
    "depreciationAndAmortization": 65916000,
    "ebitda": 433735000,
    "ebitdaratio": 0.1255473984,
    "operatingIncome": 357682000,
    "operatingIncomeRatio": 0.1035333661,
    "totalOtherIncomeExpensesNet": -5452000,
    "incomeBeforeTax": 352230000,
    "incomeBeforeTaxRatio": 0.1019552495,
    "incomeTaxExpense": 70480000,
    "netIncome": 281738000,
    "netIncomeRatio": 0.0815508846,
    "eps": 0.52,
    "epsdiluted": 0.51,
    "weightedAverageShsOut": 542496000,
    "weightedAverageShsOutDil": 547290000,
    "link": "https://www.sec.gov/Archives/edgar/data/48465/000004846521000067/0000048465-21-000067-index.htm",
    "finalLink": "https://www.sec.gov/Archives/edgar/data/48465/000004846521000067/hrl-20211031.htm"
  },
  {
    "date": "2021-07-25",
    "symbol": "HRL",
    "reportedCurrency": "USD",
    "cik": "0000048465",
    "fillingDate": "2021-09-03",
    "acceptedDate": "2021-09-03 11:58:10",
    "calendarYear": "2021",
    "period": "Q3",
    "revenue": 2863670000,
    "costOfRevenue": 2440322000,
    "grossProfit": 423348000,
    "grossProfitRatio": 0.1478340731,
    "researchAndDevelopmentExpenses": 0,
    "generalAndAdministrativeExpenses": 0,
    "sellingAndMarketingExpenses": 0,
    "sellingGeneralAndAdministrativeExpenses": 226284000,
    "otherExpenses": -10420000,
    "operatingExpenses": 215864000,
    "costAndExpenses": 2656186000,
    "interestIncome": 8457000,
    "interestExpense": 11703000,
    "depreciationAndAmortization": 59183000,
    "ebitda": 275124000,
    "ebitdaratio": 0.0960739191,
    "operatingIncome": 207484000,
    "operatingIncomeRatio": 0.0724538791,
    "totalOtherIncomeExpensesNet": -3246000,
    "incomeBeforeTax": 204238000,
    "incomeBeforeTaxRatio": 0.0713203686,
    "incomeTaxExpense": 27164000,
    "netIncome": 176917000,
    "netIncomeRatio": 0.061779814,
    "eps": 0.33,
    "epsdiluted": 0.32,
    "weightedAverageShsOut": 541746000,
    "weightedAverageShsOutDil": 548072000,
    "link": "https://www.sec.gov/Archives/edgar/data/48465/000004846521000054/0000048465-21-000054-index.htm",
    "finalLink": "https://www.sec.gov/Archives/edgar/data/48465/000004846521000054/hrl-20210725.htm"
  },
  {
    "date": "2021-04-25",
    "symbol": "HRL",
    "reportedCurrency": "USD",
    "cik": "0000048465",
    "fillingDate": "2021-06-01",
    "acceptedDate": "2021-06-01 15:30:23",
    "calendarYear": "2021",
    "period": "Q2",
    "revenue": 2606621000,
    "costOfRevenue": 2130314000,
    "grossProfit": 476307000,
    "grossProfitRatio": 0.1827296719,
    "researchAndDevelopmentExpenses": 0,
    "generalAndAdministrativeExpenses": 0,
    "sellingAndMarketingExpenses": 0,
    "sellingGeneralAndAdministrativeExpenses": 199966000,
    "otherExpenses": -13074000,
    "operatingExpenses": 186892000,
    "costAndExpenses": 2317206000,
    "interestIncome": 10992000,
    "interestExpense": 7788000,
    "depreciationAndAmortization": 52264000,
    "ebitda": 352672000,
    "ebitdaratio": 0.135298534,
    "operatingIncome": 289415000,
    "operatingIncomeRatio": 0.1110307175,
    "totalOtherIncomeExpensesNet": 3205000,
    "incomeBeforeTax": 292620000,
    "incomeBeforeTaxRatio": 0.1122602787,
    "incomeTaxExpense": 64699000,
    "netIncome": 227901000,
    "netIncomeRatio": 0.0874315829,
    "eps": 0.42,
    "epsdiluted": 0.42,
    "weightedAverageShsOut": 540195000,
    "weightedAverageShsOutDil": 547536000,
    "link": "https://www.sec.gov/Archives/edgar/data/48465/000004846521000038/0000048465-21-000038-index.htm",
    "finalLink": "https://www.sec.gov/Archives/edgar/data/48465/000004846521000038/hrl-20210425.htm"
  },
  {
    "date": "2021-01-24",
    "symbol": "HRL",
    "reportedCurrency": "USD",
    "cik": "0000048465",
    "fillingDate": "2021-03-02",
    "acceptedDate": "2021-03-02 14:12:51",
    "calendarYear": "2021",
    "period": "Q1",
    "revenue": 2461147000,
    "costOfRevenue": 2010977000,
    "grossProfit": 450170000,
    "grossProfitRatio": 0.182910651,
    "researchAndDevelopmentExpenses": 0,
    "generalAndAdministrativeExpenses": 0,
    "sellingAndMarketingExpenses": 0,
    "sellingGeneralAndAdministrativeExpenses": 196380000,
    "otherExpenses": -14228000,
    "operatingExpenses": 182152000,
    "costAndExpenses": 2193129000,
    "interestIncome": 17291000,
    "interestExpense": 8227000,
    "depreciationAndAmortization": 51043000,
    "ebitda": 336352000,
    "ebitdaratio": 0.136664734,
    "operatingIncome": 268018000,
    "operatingIncomeRatio": 0.1088996309,
    "totalOtherIncomeExpensesNet": 9064000,
    "incomeBeforeTax": 277082000,
    "incomeBeforeTaxRatio": 0.1125824666,
    "incomeTaxExpense": 54687000,
    "netIncome": 222283000,
    "netIncomeRatio": 0.0903168319,
    "eps": 0.41,
    "epsdiluted": 0.41,
    "weightedAverageShsOut": 539913000,
    "weightedAverageShsOutDil": 547444000,
    "link": "https://www.sec.gov/Archives/edgar/data/48465/000004846521000019/0000048465-21-000019-index.htm",
    "finalLink": "https://www.sec.gov/Archives/edgar/data/48465/000004846521000019/hrl-20210124.htm"
  },
  {
    "date": "2020-10-25",
    "symbol": "HRL",
    "reportedCurrency": "USD",
    "cik": "0000048465",
    "fillingDate": "2020-12-04",
    "acceptedDate": "2020-12-04 16:03:14",
    "calendarYear": "2020",
    "period": "Q4",
    "revenue": 2420105000,
    "costOfRevenue": 1962340000,
    "grossProfit": 457765000,
    "grossProfitRatio": 0.1891508839,
    "researchAndDevelopmentExpenses": 0,
    "generalAndAdministrativeExpenses": 0,
    "sellingAndMarketingExpenses": 0,
    "sellingGeneralAndAdministrativeExpenses": 190797000,
    "otherExpenses": -9729000,
    "operatingExpenses": 181068000,
    "costAndExpenses": 2143408000,
    "interestIncome": 10307000,
    "interestExpense": 8271000,
    "depreciationAndAmortization": 56007000,
    "ebitda": 343011000,
    "ebitdaratio": 0.141733933,
    "operatingIncome": 276697000,
    "operatingIncomeRatio": 0.1143326426,
    "totalOtherIncomeExpensesNet": 2036000,
    "incomeBeforeTax": 278733000,
    "incomeBeforeTaxRatio": 0.1151739284,
    "incomeTaxExpense": 44207000,
    "netIncome": 234356000,
    "netIncomeRatio": 0.0968371207,
    "eps": 0.43,
    "epsdiluted": 0.43,
    "weightedAverageShsOut": 539726000,
    "weightedAverageShsOutDil": 548029000,
    "link": "https://www.sec.gov/Archives/edgar/data/48465/000004846520000043/0000048465-20-000043-index.htm",
    "finalLink": "https://www.sec.gov/Archives/edgar/data/48465/000004846520000043/hrl-20201025.htm"
  },
  {
    "date": "2020-07-26",
    "symbol": "HRL",
    "reportedCurrency": "USD",
    "cik": "0000048465",
    "fillingDate": "2020-09-01",
    "acceptedDate": "2020-09-01 15:23:50",
    "calendarYear": "2020",
    "period": "Q3",
    "revenue": 2381457000,
    "costOfRevenue": 1959032000,
    "grossProfit": 422426000,
    "grossProfitRatio": 0.1773813258,
    "researchAndDevelopmentExpenses": 0,
    "generalAndAdministrativeExpenses": 0,
    "sellingAndMarketingExpenses": 0,
    "sellingGeneralAndAdministrativeExpenses": 181085000,
    "otherExpenses": -8236000,
    "operatingExpenses": 172849000,
    "costAndExpenses": 2131881000,
    "interestIncome": 15513000,
    "interestExpense": 5724000,
    "depreciationAndAmortization": 49857000,
    "ebitda": 314945000,
    "ebitdaratio": 0.1322488712,
    "operatingIncome": 249576000,
    "operatingIncomeRatio": 0.1047997087,
    "totalOtherIncomeExpensesNet": 9788000,
    "incomeBeforeTax": 259364000,
    "incomeBeforeTaxRatio": 0.1089097977,
    "incomeTaxExpense": 56103000,
    "netIncome": 203119000,
    "netIncomeRatio": 0.0852919032,
    "eps": 0.38,
    "epsdiluted": 0.37,
    "weightedAverageShsOut": 539108000,
    "weightedAverageShsOutDil": 547149000,
    "link": "https://www.sec.gov/Archives/edgar/data/48465/000004846520000036/0000048465-20-000036-index.htm",
    "finalLink": "https://www.sec.gov/Archives/edgar/data/48465/000004846520000036/hrlq3202010-q.htm"
  },
  {
    "date": "2020-04-26",
    "symbol": "HRL",
    "reportedCurrency": "USD",
    "cik": "0000048465",
    "fillingDate": "2020-06-02",
    "acceptedDate": "2020-06-02 12:59:24",
    "calendarYear": "2020",
    "period": "Q2",
    "revenue": 2422465000,
    "costOfRevenue": 1945113000,
    "grossProfit": 477352000,
    "grossProfitRatio": 0.1970521762,
    "researchAndDevelopmentExpenses": 0,
    "generalAndAdministrativeExpenses": 0,
    "sellingAndMarketingExpenses": 0,
    "sellingGeneralAndAdministrativeExpenses": 193912000,
    "otherExpenses": -10020000,
    "operatingExpenses": 183892000,
    "costAndExpenses": 2129005000,
    "interestIncome": 0,
    "interestExpense": 6971000,
    "depreciationAndAmortization": 50588000,
    "ebitda": 344048000,
    "ebitdaratio": 0.1420239302,
    "operatingIncome": 293460000,
    "operatingIncomeRatio": 0.1211410691,
    "totalOtherIncomeExpensesNet": -6971000,
    "incomeBeforeTax": 286489000,
    "incomeBeforeTaxRatio": 0.1182634218,
    "incomeTaxExpense": 58873000,
    "netIncome": 227734000,
    "netIncomeRatio": 0.0940092014,
    "eps": 0.42,
    "epsdiluted": 0.42,
    "weightedAverageShsOut": 538119000,
    "weightedAverageShsOutDil": 546373000,
    "link": "https://www.sec.gov/Archives/edgar/data/48465/000004846520000027/0000048465-20-000027-index.htm",
    "finalLink": "https://www.sec.gov/Archives/edgar/data/48465/000004846520000027/hrlq2202010-q.htm"
  },
  {
    "date": "2020-01-26",
    "symbol": "HRL",
    "reportedCurrency": "USD",
    "cik": "0000048465",
    "fillingDate": "2020-03-03",
    "acceptedDate": "2020-03-03 11:08:03",
    "calendarYear": "2020",
    "period": "Q1",
    "revenue": 2384434000,
    "costOfRevenue": 1916014000,
    "grossProfit": 468421000,
    "grossProfitRatio": 0.1964495557,
    "researchAndDevelopmentExpenses": 0,
    "generalAndAdministrativeExpenses": 0,
    "sellingAndMarketingExpenses": 0,
    "sellingGeneralAndAdministrativeExpenses": 195521000,
    "otherExpenses": -7589000,
    "operatingExpenses": 187932000,
    "costAndExpenses": 2103946000,
    "interestIncome": 13251000,
    "interestExpense": 3577000,
    "depreciationAndAmortization": 49329000,
    "ebitda": 343068000,
    "ebitdaratio": 0.1438781698,
    "operatingIncome": 280488000,
    "operatingIncomeRatio": 0.1176329477,
    "totalOtherIncomeExpensesNet": 9674000,
    "incomeBeforeTax": 290162000,
    "incomeBeforeTaxRatio": 0.121690095,
    "incomeTaxExpense": 47209000,
    "netIncome": 242872000,
    "netIncomeRatio": 0.1018572961,
    "eps": 0.45,
    "epsdiluted": 0.45,
    "weightedAverageShsOut": 535075000,
    "weightedAverageShsOutDil": 544815000,
    "link": "https://www.sec.gov/Archives/edgar/data/48465/000004846520000008/0000048465-20-000008-index.htm",
    "finalLink": "https://www.sec.gov/Archives/edgar/data/48465/000004846520000008/hrlq1202010-q.htm"
  },
  {
    "date": "2019-10-27",
    "symbol": "HRL",
    "reportedCurrency": "USD",
    "cik": "0000048465",
    "fillingDate": "2019-12-06",
    "acceptedDate": "2019-12-06 14:57:28",
    "calendarYear": "2019",
    "period": "Q4",
    "revenue": 2501513000,
    "costOfRevenue": 2007790000,
    "grossProfit": 493723000,
    "grossProfitRatio": 0.1973697518,
    "researchAndDevelopmentExpenses": 0,
    "generalAndAdministrativeExpenses": 0,
    "sellingAndMarketingExpenses": 0,
    "sellingGeneralAndAdministrativeExpenses": 183795000,
    "otherExpenses": -11068000,
    "operatingExpenses": 172727000,
    "costAndExpenses": 2180517000,
    "interestIncome": 5793000,
    "interestExpense": 3095000,
    "depreciationAndAmortization": 42994000,
    "ebitda": 369783000,
    "ebitdaratio": 0.1478237371,
    "operatingIncome": 320996000,
    "operatingIncomeRatio": 0.1283207403,
    "totalOtherIncomeExpensesNet": 2698000,
    "incomeBeforeTax": 323694000,
    "incomeBeforeTaxRatio": 0.1293992876,
    "incomeTaxExpense": 68128000,
    "netIncome": 255503000,
    "netIncomeRatio": 0.1021393852,
    "eps": 0.48,
    "epsdiluted": 0.47,
    "weightedAverageShsOut": 534151000,
    "weightedAverageShsOutDil": 543802000,
    "link": "https://www.sec.gov/Archives/edgar/data/48465/000004846519000057/0000048465-19-000057-index.htm",
    "finalLink": "https://www.sec.gov/Archives/edgar/data/48465/000004846519000057/hormel201910k.htm"
  },
  {
    "date": "2019-07-28",
    "symbol": "HRL",
    "reportedCurrency": "USD",
    "cik": "0000048465",
    "fillingDate": "2019-09-03",
    "acceptedDate": "2019-09-03 14:30:55",
    "calendarYear": "2019",
    "period": "Q3",
    "revenue": 2290705000,
    "costOfRevenue": 1857263000,
    "grossProfit": 433442000,
    "grossProfitRatio": 0.1892177299,
    "researchAndDevelopmentExpenses": 0,
    "generalAndAdministrativeExpenses": 0,
    "sellingAndMarketingExpenses": 0,
    "sellingGeneralAndAdministrativeExpenses": 180169000,
    "otherExpenses": -3384000,
    "operatingExpenses": 176785000,
    "costAndExpenses": 2034048000,
    "interestIncome": 7556000,
    "interestExpense": 3213000,
    "depreciationAndAmortization": 41472000,
    "ebitda": 305685000,
    "ebitdaratio": 0.1334458169,
    "operatingIncome": 256657000,
    "operatingIncomeRatio": 0.1120427991,
    "totalOtherIncomeExpensesNet": 4343000,
    "incomeBeforeTax": 261000000,
    "incomeBeforeTaxRatio": 0.1139387219,
    "incomeTaxExpense": 61573000,
    "netIncome": 199449000,
    "netIncomeRatio": 0.0870688282,
    "eps": 0.37,
    "epsdiluted": 0.37,
    "weightedAverageShsOut": 534188000,
    "weightedAverageShsOutDil": 543678000,
    "link": "https://www.sec.gov/Archives/edgar/data/48465/000004846519000041/0000048465-19-000041-index.htm",
    "finalLink": "https://www.sec.gov/Archives/edgar/data/48465/000004846519000041/hrl-20190728x10q.htm"
  },
  {
    "date": "2019-04-28",
    "symbol": "HRL",
    "reportedCurrency": "USD",
    "cik": "0000048465",
    "fillingDate": "2019-06-04",
    "acceptedDate": "2019-06-04 12:55:54",
    "calendarYear": "2019",
    "period": "Q2",
    "revenue": 2344744000,
    "costOfRevenue": 1875595000,
    "grossProfit": 469149000,
    "grossProfitRatio": 0.2000853825,
    "researchAndDevelopmentExpenses": 0,
    "generalAndAdministrativeExpenses": 0,
    "sellingAndMarketingExpenses": 0,
    "sellingGeneralAndAdministrativeExpenses": 170076000,
    "otherExpenses": -13291000,
    "operatingExpenses": 156785000,
    "costAndExpenses": 2032380000,
    "interestIncome": 11297000,
    "interestExpense": 5615000,
    "depreciationAndAmortization": 40725000,
    "ebitda": 364386000,
    "ebitdaratio": 0.1554054515,
    "operatingIncome": 312364000,
    "operatingIncomeRatio": 0.1332188077,
    "totalOtherIncomeExpensesNet": 5682000,
    "incomeBeforeTax": 318046000,
    "incomeBeforeTaxRatio": 0.1356420999,
    "incomeTaxExpense": 35410000,
    "netIncome": 282429000,
    "netIncomeRatio": 0.1204519555,
    "eps": 0.53,
    "epsdiluted": 0.52,
    "weightedAverageShsOut": 535480000,
    "weightedAverageShsOutDil": 546330000,
    "link": "https://www.sec.gov/Archives/edgar/data/48465/000004846519000036/0000048465-19-000036-index.htm",
    "finalLink": "https://www.sec.gov/Archives/edgar/data/48465/000004846519000036/hrl-20190428x10q.htm"
  },
  {
    "date": "2019-01-27",
    "symbol": "HRL",
    "reportedCurrency": "USD",
    "cik": "0000048465",
    "fillingDate": "2019-03-05",
    "acceptedDate": "2019-03-05 17:24:42",
    "calendarYear": "2019",
    "period": "Q1",
    "revenue": 2360355000,
    "costOfRevenue": 1872021000,
    "grossProfit": 488334000,
    "grossProfitRatio": 0.2068900653,
    "researchAndDevelopmentExpenses": 0,
    "generalAndAdministrativeExpenses": 0,
    "sellingAndMarketingExpenses": 0,
    "sellingGeneralAndAdministrativeExpenses": 193544000,
    "otherExpenses": -11458000,
    "operatingExpenses": 182086000,
    "costAndExpenses": 2054107000,
    "interestIncome": 6874000,
    "interestExpense": 6147000,
    "depreciationAndAmortization": 40018000,
    "ebitda": 353140000,
    "ebitdaratio": 0.1496130879,
    "operatingIncome": 306248000,
    "operatingIncomeRatio": 0.1297465847,
    "totalOtherIncomeExpensesNet": 727000,
    "incomeBeforeTax": 306975000,
    "incomeBeforeTaxRatio": 0.1300545892,
    "incomeTaxExpense": 65456000,
    "netIncome": 241425000,
    "netIncomeRatio": 0.102283343,
    "eps": 0.45,
    "epsdiluted": 0.44,
    "weightedAverageShsOut": 534495000,
    "weightedAverageShsOutDil": 547118000,
    "link": "https://www.sec.gov/Archives/edgar/data/48465/000004846519000011/0000048465-19-000011-index.htm",
    "finalLink": "https://www.sec.gov/Archives/edgar/data/48465/000004846519000011/hrl-20190127x10q.htm"
  },
  {
    "date": "2018-10-28",
    "symbol": "HRL",
    "reportedCurrency": "USD",
    "cik": "0000048465",
    "fillingDate": "2018-12-07",
    "acceptedDate": "2018-12-07 13:50:30",
    "calendarYear": "2018",
    "period": "Q4",
    "revenue": 2524697000,
    "costOfRevenue": 1987301000,
    "grossProfit": 537396000,
    "grossProfitRatio": 0.2128556417,
    "researchAndDevelopmentExpenses": 0,
    "generalAndAdministrativeExpenses": 0,
    "sellingAndMarketingExpenses": 0,
    "sellingGeneralAndAdministrativeExpenses": 204537000,
    "otherExpenses": 8465000,
    "operatingExpenses": 213002000,
    "costAndExpenses": 2200303000,
    "interestIncome": 3439000,
    "interestExpense": 6329000,
    "depreciationAndAmortization": 40750000,
    "ebitda": 368583000,
    "ebitdaratio": 0.1459909843,
    "operatingIncome": 324394000,
    "operatingIncomeRatio": 0.1284882899,
    "totalOtherIncomeExpensesNet": -2890000,
    "incomeBeforeTax": 321504000,
    "incomeBeforeTaxRatio": 0.1273435981,
    "incomeTaxExpense": 60008000,
    "netIncome": 261406000,
    "netIncomeRatio": 0.1035395535,
    "eps": 0.49,
    "epsdiluted": 0.48,
    "weightedAverageShsOut": 533110000,
    "weightedAverageShsOutDil": 545421000,
    "link": "https://www.sec.gov/Archives/edgar/data/48465/000004846518000046/0000048465-18-000046-index.htm",
    "finalLink": "https://www.sec.gov/Archives/edgar/data/48465/000004846518000046/hormel_2018x10k.htm"
  },
  {
    "date": "2018-07-29",
    "symbol": "HRL",
    "reportedCurrency": "USD",
    "cik": "0000048465",
    "fillingDate": "2018-09-07",
    "acceptedDate": "2018-09-07 15:04:17",
    "calendarYear": "2018",
    "period": "Q3",
    "revenue": 2359142000,
    "costOfRevenue": 1904096000,
    "grossProfit": 455046000,
    "grossProfitRatio": 0.1928862273,
    "researchAndDevelopmentExpenses": 0,
    "generalAndAdministrativeExpenses": 0,
    "sellingAndMarketingExpenses": 0,
    "sellingGeneralAndAdministrativeExpenses": 211497000,
    "otherExpenses": -13141000,
    "operatingExpenses": 198356000,
    "costAndExpenses": 2102452000,
    "interestIncome": 9477000,
    "interestExpense": 8435000,
    "depreciationAndAmortization": 40792000,
    "ebitda": 306959000,
    "ebitdaratio": 0.1301146773,
    "operatingIncome": 256690000,
    "operatingIncomeRatio": 0.1088065068,
    "totalOtherIncomeExpensesNet": 1042000,
    "incomeBeforeTax": 257732000,
    "incomeBeforeTaxRatio": 0.1092481928,
    "incomeTaxExpense": 47379000,
    "netIncome": 210243000,
    "netIncomeRatio": 0.0891184168,
    "eps": 0.4,
    "epsdiluted": 0.39,
    "weightedAverageShsOut": 530606000,
    "weightedAverageShsOutDil": 543762000,
    "link": "https://www.sec.gov/Archives/edgar/data/48465/000004846518000039/0000048465-18-000039-index.htm",
    "finalLink": "https://www.sec.gov/Archives/edgar/data/48465/000004846518000039/hrl-20180729x10q.htm"
  },
  {
    "date": "2018-04-29",
    "symbol": "HRL",
    "reportedCurrency": "USD",
    "cik": "0000048465",
    "fillingDate": "2018-06-08",
    "acceptedDate": "2018-06-08 12:25:24",
    "calendarYear": "2018",
    "period": "Q2",
    "revenue": 2330568000,
    "costOfRevenue": 1837765000,
    "grossProfit": 492803000,
    "grossProfitRatio": 0.2114518864,
    "researchAndDevelopmentExpenses": 0,
    "generalAndAdministrativeExpenses": 0,
    "sellingAndMarketingExpenses": 0,
    "sellingGeneralAndAdministrativeExpenses": 204549000,
    "otherExpenses": -13486000,
    "operatingExpenses": 191063000,
    "costAndExpenses": 2028828000,
    "interestIncome": 2144000,
    "interestExpense": 7001000,
    "depreciationAndAmortization": 41193000,
    "ebitda": 345077000,
    "ebitdaratio": 0.1480656218,
    "operatingIncome": 301740000,
    "operatingIncomeRatio": 0.129470584,
    "totalOtherIncomeExpensesNet": -4857000,
    "incomeBeforeTax": 296883000,
    "incomeBeforeTaxRatio": 0.1273865427,
    "incomeTaxExpense": 59361000,
    "netIncome": 237384000,
    "netIncomeRatio": 0.1018567148,
    "eps": 0.45,
    "epsdiluted": 0.44,
    "weightedAverageShsOut": 529799000,
    "weightedAverageShsOutDil": 542811000,
    "link": "https://www.sec.gov/Archives/edgar/data/48465/000004846518000033/0000048465-18-000033-index.htm",
    "finalLink": "https://www.sec.gov/Archives/edgar/data/48465/000004846518000033/hrl-20180429x10q.htm"
  },
  {
    "date": "2018-01-28",
    "symbol": "HRL",
    "reportedCurrency": "USD",
    "cik": "0000048465",
    "fillingDate": "2018-03-09",
    "acceptedDate": "2018-03-09 09:13:15",
    "calendarYear": "2018",
    "period": "Q1",
    "revenue": 2331293000,
    "costOfRevenue": 1832997000,
    "grossProfit": 498296000,
    "grossProfitRatio": 0.213742331,
    "researchAndDevelopmentExpenses": 0,
    "generalAndAdministrativeExpenses": 0,
    "sellingAndMarketingExpenses": 0,
    "sellingGeneralAndAdministrativeExpenses": 219872000,
    "otherExpenses": -23531000,
    "operatingExpenses": 196341000,
    "costAndExpenses": 2029338000,
    "interestIncome": 7939000,
    "interestExpense": 4729000,
    "depreciationAndAmortization": 39123000,
    "ebitda": 349017000,
    "ebitdaratio": 0.1497096247,
    "operatingIncome": 301955000,
    "operatingIncomeRatio": 0.1295225439,
    "totalOtherIncomeExpensesNet": 3210000,
    "incomeBeforeTax": 305165000,
    "incomeBeforeTaxRatio": 0.1308994622,
    "incomeTaxExpense": 1954000,
    "netIncome": 303107000,
    "netIncomeRatio": 0.1300166903,
    "eps": 0.57,
    "epsdiluted": 0.56,
    "weightedAverageShsOut": 529453000,
    "weightedAverageShsOutDil": 543482000,
    "link": "https://www.sec.gov/Archives/edgar/data/48465/000004846518000014/0000048465-18-000014-index.htm",
    "finalLink": "https://www.sec.gov/Archives/edgar/data/48465/000004846518000014/hrl-20180128x10q.htm"
  },
  {
    "date": "2017-10-29",
    "symbol": "HRL",
    "reportedCurrency": "USD",
    "cik": "0000048465",
    "fillingDate": "2017-12-20",
    "acceptedDate": "2017-12-20 11:45:48",
    "calendarYear": "2017",
    "period": "Q4",
    "revenue": 2492608000,
    "costOfRevenue": 1981054000,
    "grossProfit": 511554000,
    "grossProfitRatio": 0.2052284194,
    "researchAndDevelopmentExpenses": 0,
    "generalAndAdministrativeExpenses": 0,
    "sellingAndMarketingExpenses": 0,
    "sellingGeneralAndAdministrativeExpenses": 194218000,
    "otherExpenses": -12034000,
    "operatingExpenses": 182184000,
    "costAndExpenses": 2163238000,
    "interestIncome": 4216000,
    "interestExpense": 3577000,
    "depreciationAndAmortization": 34856000,
    "ebitda": 368442000,
    "ebitdaratio": 0.147813856,
    "operatingIncome": 329370000,
    "operatingIncomeRatio": 0.1321387077,
    "totalOtherIncomeExpensesNet": 639000,
    "incomeBeforeTax": 330009000,
    "incomeBeforeTaxRatio": 0.1323950657,
    "incomeTaxExpense": 111646000,
    "netIncome": 218154000,
    "netIncomeRatio": 0.0875203803,
    "eps": 0.41,
    "epsdiluted": 0.41,
    "weightedAverageShsOut": 527990000,
    "weightedAverageShsOutDil": 537952000,
    "link": "https://www.sec.gov/Archives/edgar/data/48465/000110465917074227/0001104659-17-074227-index.htm",
    "finalLink": "https://www.sec.gov/Archives/edgar/data/48465/000110465917074227/a17-26513_110k.htm"
  },
  {
    "date": "2017-07-30",
    "symbol": "HRL",
    "reportedCurrency": "USD",
    "cik": "0000048465",
    "fillingDate": "2017-09-08",
    "acceptedDate": "2017-09-08 12:14:14",
    "calendarYear": "2017",
    "period": "Q3",
    "revenue": 2207375000,
    "costOfRevenue": 1754966000,
    "grossProfit": 452409000,
    "grossProfitRatio": 0.2049533949,
    "researchAndDevelopmentExpenses": 0,
    "generalAndAdministrativeExpenses": 0,
    "sellingAndMarketingExpenses": 0,
    "sellingGeneralAndAdministrativeExpenses": 176660000,
    "otherExpenses": -3956000,
    "operatingExpenses": 172704000,
    "costAndExpenses": 1927670000,
    "interestIncome": 1376000,
    "interestExpense": 3057000,
    "depreciationAndAmortization": 32793000,
    "ebitda": 313874000,
    "ebitdaratio": 0.1421933292,
    "operatingIncome": 279705000,
    "operatingIncomeRatio": 0.126713857,
    "totalOtherIncomeExpensesNet": -1681000,
    "incomeBeforeTax": 278024000,
    "incomeBeforeTaxRatio": 0.1259523189,
    "incomeTaxExpense": 95473000,
    "netIncome": 182508000,
    "netIncomeRatio": 0.0826810125,
    "eps": 0.35,
    "epsdiluted": 0.34,
    "weightedAverageShsOut": 528165000,
    "weightedAverageShsOutDil": 538814000,
    "link": "https://www.sec.gov/Archives/edgar/data/48465/000110465917056270/0001104659-17-056270-index.htm",
    "finalLink": "https://www.sec.gov/Archives/edgar/data/48465/000110465917056270/a17-13272_110q.htm"
  },
  {
    "date": "2017-04-30",
    "symbol": "HRL",
    "reportedCurrency": "USD",
    "cik": "0000048465",
    "fillingDate": "2017-06-09",
    "acceptedDate": "2017-06-09 09:59:41",
    "calendarYear": "2017",
    "period": "Q2",
    "revenue": 2187309000,
    "costOfRevenue": 1700389000,
    "grossProfit": 486920000,
    "grossProfitRatio": 0.2226114372,
    "researchAndDevelopmentExpenses": 0,
    "generalAndAdministrativeExpenses": 0,
    "sellingAndMarketingExpenses": 0,
    "sellingGeneralAndAdministrativeExpenses": 181009000,
    "otherExpenses": -10121000,
    "operatingExpenses": 170888000,
    "costAndExpenses": 1871277000,
    "interestIncome": 2818000,
    "interestExpense": 3023000,
    "depreciationAndAmortization": 32009000,
    "ebitda": 350859000,
    "ebitdaratio": 0.1604066915,
    "operatingIncome": 316032000,
    "operatingIncomeRatio": 0.144484387,
    "totalOtherIncomeExpensesNet": -205000,
    "incomeBeforeTax": 315827000,
    "incomeBeforeTaxRatio": 0.1443906645,
    "incomeTaxExpense": 104941000,
    "netIncome": 210926000,
    "netIncomeRatio": 0.0964317342,
    "eps": 0.4,
    "epsdiluted": 0.39,
    "weightedAverageShsOut": 528712000,
    "weightedAverageShsOutDil": 539635000,
    "link": "https://www.sec.gov/Archives/edgar/data/48465/000110465917038316/0001104659-17-038316-index.htm",
    "finalLink": "https://www.sec.gov/Archives/edgar/data/48465/000110465917038316/a17-11929_110q.htm"
  },
  {
    "date": "2017-01-29",
    "symbol": "HRL",
    "reportedCurrency": "USD",
    "cik": "0000048465",
    "fillingDate": "2017-03-10",
    "acceptedDate": "2017-03-10 09:53:08",
    "calendarYear": "2017",
    "period": "Q1",
    "revenue": 2280227000,
    "costOfRevenue": 1727947000,
    "grossProfit": 552280000,
    "grossProfitRatio": 0.242203956,
    "researchAndDevelopmentExpenses": 0,
    "generalAndAdministrativeExpenses": 0,
    "sellingAndMarketingExpenses": 0,
    "sellingGeneralAndAdministrativeExpenses": 210217000,
    "otherExpenses": -13299000,
    "operatingExpenses": 196918000,
    "costAndExpenses": 1924865000,
    "interestIncome": 2449000,
    "interestExpense": 3026000,
    "depreciationAndAmortization": 31319000,
    "ebitda": 389130000,
    "ebitdaratio": 0.1706540621,
    "operatingIncome": 355362000,
    "operatingIncomeRatio": 0.1558450102,
    "totalOtherIncomeExpensesNet": -577000,
    "incomeBeforeTax": 354785000,
    "incomeBeforeTaxRatio": 0.1555919652,
    "incomeTaxExpense": 119482000,
    "netIncome": 235147000,
    "netIncomeRatio": 0.1031243819,
    "eps": 0.44,
    "epsdiluted": 0.44,
    "weightedAverageShsOut": 528585000,
    "weightedAverageShsOutDil": 540064000,
    "link": "https://www.sec.gov/Archives/edgar/data/48465/000110465917015707/0001104659-17-015707-index.htm",
    "finalLink": "https://www.sec.gov/Archives/edgar/data/48465/000110465917015707/a17-4331_110q.htm"
  },
  {
    "date": "2016-10-30",
    "symbol": "HRL",
    "reportedCurrency": "USD",
    "cik": "0000048465",
    "fillingDate": "2016-12-21",
    "acceptedDate": "2016-12-21 13:07:21",
    "calendarYear": "2016",
    "period": "Q4",
    "revenue": 2627941000,
    "costOfRevenue": 2029421000,
    "grossProfit": 598520000,
    "grossProfitRatio": 0.2277524495,
    "researchAndDevelopmentExpenses": 0,
    "generalAndAdministrativeExpenses": 0,
    "sellingAndMarketingExpenses": 0,
    "sellingGeneralAndAdministrativeExpenses": 244006000,
    "otherExpenses": -11236000,
    "operatingExpenses": 232770000,
    "costAndExpenses": 2262191000,
    "interestIncome": 2271000,
    "interestExpense": 3288000,
    "depreciationAndAmortization": 35448000,
    "ebitda": 403469000,
    "ebitdaratio": 0.1535304636,
    "operatingIncome": 365750000,
    "operatingIncomeRatio": 0.1391774016,
    "totalOtherIncomeExpensesNet": -1017000,
    "incomeBeforeTax": 364733000,
    "incomeBeforeTaxRatio": 0.1387904066,
    "incomeTaxExpense": 120543000,
    "netIncome": 243940000,
    "netIncomeRatio": 0.0928255239,
    "eps": 0.46,
    "epsdiluted": 0.45,
    "weightedAverageShsOut": 528778000,
    "weightedAverageShsOutDil": 541312000,
    "link": "https://www.sec.gov/Archives/edgar/data/48465/000110465916163147/0001104659-16-163147-index.htm",
    "finalLink": "https://www.sec.gov/Archives/edgar/data/48465/000110465916163147/a16-22026_110k.htm"
  },
  {
    "date": "2016-07-24",
    "symbol": "HRL",
    "reportedCurrency": "USD",
    "cik": "0000048465",
    "fillingDate": "2016-09-02",
    "acceptedDate": "2016-09-02 10:47:50",
    "calendarYear": "2016",
    "period": "Q3",
    "revenue": 2302376000,
    "costOfRevenue": 1827091000,
    "grossProfit": 475285000,
    "grossProfitRatio": 0.2064323985,
    "researchAndDevelopmentExpenses": 0,
    "generalAndAdministrativeExpenses": 0,
    "sellingAndMarketingExpenses": 0,
    "sellingGeneralAndAdministrativeExpenses": 206876000,
    "otherExpenses": -6381000,
    "operatingExpenses": 200495000,
    "costAndExpenses": 2027586000,
    "interestIncome": 2474000,
    "interestExpense": 3147000,
    "depreciationAndAmortization": 32612000,
    "ebitda": 309876000,
    "ebitdaratio": 0.1345896587,
    "operatingIncome": 274790000,
    "operatingIncomeRatio": 0.1193506187,
    "totalOtherIncomeExpensesNet": -673000,
    "incomeBeforeTax": 274117000,
    "incomeBeforeTaxRatio": 0.1190583119,
    "incomeTaxExpense": 78341000,
    "netIncome": 195654000,
    "netIncomeRatio": 0.0849791693,
    "eps": 0.37,
    "epsdiluted": 0.36,
    "weightedAverageShsOut": 529660000,
    "weightedAverageShsOutDil": 542163000,
    "link": "https://www.sec.gov/Archives/edgar/data/48465/000110465916142847/0001104659-16-142847-index.htm",
    "finalLink": "https://www.sec.gov/Archives/edgar/data/48465/000110465916142847/a16-17043_110q.htm"
  },
  {
    "date": "2016-04-24",
    "symbol": "HRL",
    "reportedCurrency": "USD",
    "cik": "0000048465",
    "fillingDate": "2016-06-03",
    "acceptedDate": "2016-06-03 15:33:47",
    "calendarYear": "2016",
    "period": "Q2",
    "revenue": 2300235000,
    "costOfRevenue": 1773876000,
    "grossProfit": 526359000,
    "grossProfitRatio": 0.2288283588,
    "researchAndDevelopmentExpenses": 0,
    "generalAndAdministrativeExpenses": 0,
    "sellingAndMarketingExpenses": 0,
    "sellingGeneralAndAdministrativeExpenses": 211144000,
    "otherExpenses": -8602000,
    "operatingExpenses": 202542000,
    "costAndExpenses": 1976418000,
    "interestIncome": 3409000,
    "interestExpense": 3029000,
    "depreciationAndAmortization": 32104000,
    "ebitda": 359330000,
    "ebitdaratio": 0.1562144737,
    "operatingIncome": 323817000,
    "operatingIncomeRatio": 0.1407756164,
    "totalOtherIncomeExpensesNet": 380000,
    "incomeBeforeTax": 324197000,
    "incomeBeforeTaxRatio": 0.1409408169,
    "incomeTaxExpense": 108813000,
    "netIncome": 215397000,
    "netIncomeRatio": 0.0936413019,
    "eps": 0.41,
    "epsdiluted": 0.4,
    "weightedAverageShsOut": 529898000,
    "weightedAverageShsOutDil": 543769000,
    "link": "https://www.sec.gov/Archives/edgar/data/48465/000110465916125370/0001104659-16-125370-index.htm",
    "finalLink": "https://www.sec.gov/Archives/edgar/data/48465/000110465916125370/a16-11096_110q.htm"
  },
  {
    "date": "2016-01-24",
    "symbol": "HRL",
    "reportedCurrency": "USD",
    "cik": "0000048465",
    "fillingDate": "2016-03-04",
    "acceptedDate": "2016-03-04 12:06:35",
    "calendarYear": "2016",
    "period": "Q1",
    "revenue": 2292672000,
    "costOfRevenue": 1734661000,
    "grossProfit": 558011000,
    "grossProfitRatio": 0.2433889366,
    "researchAndDevelopmentExpenses": 0,
    "generalAndAdministrativeExpenses": 0,
    "sellingAndMarketingExpenses": 0,
    "sellingGeneralAndAdministrativeExpenses": 209948000,
    "otherExpenses": -11475000,
    "operatingExpenses": 198473000,
    "costAndExpenses": 1933134000,
    "interestIncome": 0,
    "interestExpense": 5370000,
    "depreciationAndAmortization": 31804000,
    "ebitda": 391342000,
    "ebitdaratio": 0.1706925369,
    "operatingIncome": 359538000,
    "operatingIncomeRatio": 0.1568205134,
    "totalOtherIncomeExpensesNet": -5370000,
    "incomeBeforeTax": 354168000,
    "incomeBeforeTaxRatio": 0.1544782682,
    "incomeTaxExpense": 119001000,
    "netIncome": 235061000,
    "netIncomeRatio": 0.102527095,
    "eps": 0.44,
    "epsdiluted": 0.43,
    "weightedAverageShsOut": 528862000,
    "weightedAverageShsOutDil": 542737000,
    "link": "https://www.sec.gov/Archives/edgar/data/48465/000110465916102502/0001104659-16-102502-index.htm",
    "finalLink": "https://www.sec.gov/Archives/edgar/data/48465/000110465916102502/a16-2860_110q.htm"
  },
  {
    "date": "2015-10-25",
    "symbol": "HRL",
    "reportedCurrency": "USD",
    "cik": "0000048465",
    "fillingDate": "2015-12-16",
    "acceptedDate": "2015-12-16 14:45:31",
    "calendarYear": "2015",
    "period": "Q4",
    "revenue": 2400858000,
    "costOfRevenue": 1905828000,
    "grossProfit": 495030000,
    "grossProfitRatio": 0.2061887875,
    "researchAndDevelopmentExpenses": 0,
    "generalAndAdministrativeExpenses": 0,
    "sellingAndMarketingExpenses": 0,
    "sellingGeneralAndAdministrativeExpenses": 188952000,
    "otherExpenses": 13580000,
    "operatingExpenses": 202532000,
    "costAndExpenses": 2108360000,
    "interestIncome": 479000,
    "interestExpense": 3821000,
    "depreciationAndAmortization": 34407000,
    "ebitda": 327384000,
    "ebitdaratio": 0.1363612509,
    "operatingIncome": 292498000,
    "operatingIncomeRatio": 0.1218306122,
    "totalOtherIncomeExpensesNet": -3342000,
    "incomeBeforeTax": 289156000,
    "incomeBeforeTaxRatio": 0.1204386099,
    "incomeTaxExpense": 101713000,
    "netIncome": 187231000,
    "netIncomeRatio": 0.077985037,
    "eps": 0.36,
    "epsdiluted": 0.35,
    "weightedAverageShsOut": 528648000,
    "weightedAverageShsOutDil": 541792000,
    "link": "https://www.sec.gov/Archives/edgar/data/48465/000110465915085151/0001104659-15-085151-index.htm",
    "finalLink": "https://www.sec.gov/Archives/edgar/data/48465/000110465915085151/a15-20968_110k.htm"
  },
  {
    "date": "2015-07-26",
    "symbol": "HRL",
    "reportedCurrency": "USD",
    "cik": "0000048465",
    "fillingDate": "2015-09-04",
    "acceptedDate": "2015-09-04 08:23:21",
    "calendarYear": "2015",
    "period": "Q3",
    "revenue": 2188587000,
    "costOfRevenue": 1779197000,
    "grossProfit": 409390000,
    "grossProfitRatio": 0.1870567631,
    "researchAndDevelopmentExpenses": 0,
    "generalAndAdministrativeExpenses": 0,
    "sellingAndMarketingExpenses": 0,
    "sellingGeneralAndAdministrativeExpenses": 184627000,
    "otherExpenses": -6396000,
    "operatingExpenses": 178231000,
    "costAndExpenses": 1957428000,
    "interestIncome": 189000,
    "interestExpense": 3129000,
    "depreciationAndAmortization": 33300000,
    "ebitda": 264648000,
    "ebitdaratio": 0.1209218551,
    "operatingIncome": 231159000,
    "operatingIncomeRatio": 0.1056202015,
    "totalOtherIncomeExpensesNet": -2940000,
    "incomeBeforeTax": 228219000,
    "incomeBeforeTaxRatio": 0.104276869,
    "incomeTaxExpense": 81263000,
    "netIncome": 146938000,
    "netIncomeRatio": 0.0671382952,
    "eps": 0.28,
    "epsdiluted": 0.27,
    "weightedAverageShsOut": 528516000,
    "weightedAverageShsOutDil": 541204000,
    "link": "https://www.sec.gov/Archives/edgar/data/48465/000110465915063671/0001104659-15-063671-index.htm",
    "finalLink": "https://www.sec.gov/Archives/edgar/data/48465/000110465915063671/a15-18119_110q.htm"
  },
  {
    "date": "2015-04-26",
    "symbol": "HRL",
    "reportedCurrency": "USD",
    "cik": "0000048465",
    "fillingDate": "2015-06-05",
    "acceptedDate": "2015-06-05 09:43:48",
    "calendarYear": "2015",
    "period": "Q2",
    "revenue": 2279345000,
    "costOfRevenue": 1819789000,
    "grossProfit": 459556000,
    "grossProfitRatio": 0.20161757,
    "researchAndDevelopmentExpenses": 0,
    "generalAndAdministrativeExpenses": 0,
    "sellingAndMarketingExpenses": 0,
    "sellingGeneralAndAdministrativeExpenses": 189733000,
    "otherExpenses": -7874000,
    "operatingExpenses": 181859000,
    "costAndExpenses": 2001648000,
    "interestIncome": 1117000,
    "interestExpense": 3083000,
    "depreciationAndAmortization": 32968000,
    "ebitda": 311782000,
    "ebitdaratio": 0.1367857871,
    "operatingIncome": 277697000,
    "operatingIncomeRatio": 0.1218319298,
    "totalOtherIncomeExpensesNet": -1966000,
    "incomeBeforeTax": 275731000,
    "incomeBeforeTaxRatio": 0.1209694013,
    "incomeTaxExpense": 95296000,
    "netIncome": 180201000,
    "netIncomeRatio": 0.0790582382,
    "eps": 0.34,
    "epsdiluted": 0.34,
    "weightedAverageShsOut": 528056000,
    "weightedAverageShsOutDil": 540888000,
    "link": "https://www.sec.gov/Archives/edgar/data/48465/000110465915043601/0001104659-15-043601-index.htm",
    "finalLink": "https://www.sec.gov/Archives/edgar/data/48465/000110465915043601/a15-9864_110q.htm"
  },
  {
    "date": "2015-01-25",
    "symbol": "HRL",
    "reportedCurrency": "USD",
    "cik": "0000048465",
    "fillingDate": "2015-03-06",
    "acceptedDate": "2015-03-06 09:13:58",
    "calendarYear": "2015",
    "period": "Q1",
    "revenue": 2395073000,
    "costOfRevenue": 1950468000,
    "grossProfit": 444605000,
    "grossProfitRatio": 0.1856331728,
    "researchAndDevelopmentExpenses": 0,
    "generalAndAdministrativeExpenses": 0,
    "sellingAndMarketingExpenses": 0,
    "sellingGeneralAndAdministrativeExpenses": 180299000,
    "otherExpenses": -1660000,
    "operatingExpenses": 178639000,
    "costAndExpenses": 2129107000,
    "interestIncome": 1149000,
    "interestExpense": 3078000,
    "depreciationAndAmortization": 32759000,
    "ebitda": 299874000,
    "ebitdaratio": 0.1252045345,
    "operatingIncome": 265966000,
    "operatingIncomeRatio": 0.1110471372,
    "totalOtherIncomeExpensesNet": -1929000,
    "incomeBeforeTax": 264037000,
    "incomeBeforeTaxRatio": 0.1102417338,
    "incomeTaxExpense": 91607000,
    "netIncome": 171718000,
    "netIncomeRatio": 0.0716963533,
    "eps": 0.33,
    "epsdiluted": 0.32,
    "weightedAverageShsOut": 527352000,
    "weightedAverageShsOutDil": 540122000,
    "link": "https://www.sec.gov/Archives/edgar/data/48465/000110465915017330/0001104659-15-017330-index.htm",
    "finalLink": "https://www.sec.gov/Archives/edgar/data/48465/000110465915017330/a15-3124_110q.htm"
  },
  {
    "date": "2014-10-26",
    "symbol": "HRL",
    "reportedCurrency": "USD",
    "cik": "0000048465",
    "fillingDate": "2014-12-17",
    "acceptedDate": "2014-12-17 12:12:17",
    "calendarYear": "2014",
    "period": "Q4",
    "revenue": 2543771000,
    "costOfRevenue": 2120187000,
    "grossProfit": 423584000,
    "grossProfitRatio": 0.1665181339,
    "researchAndDevelopmentExpenses": 0,
    "generalAndAdministrativeExpenses": 0,
    "sellingAndMarketingExpenses": 0,
    "sellingGeneralAndAdministrativeExpenses": 165939000,
    "otherExpenses": -5723000,
    "operatingExpenses": 160216000,
    "costAndExpenses": 2280403000,
    "interestIncome": 766000,
    "interestExpense": 3392000,
    "depreciationAndAmortization": 32910000,
    "ebitda": 297044000,
    "ebitdaratio": 0.11677309,
    "operatingIncome": 263368000,
    "operatingIncomeRatio": 0.103534477,
    "totalOtherIncomeExpensesNet": -2626000,
    "incomeBeforeTax": 260742000,
    "incomeBeforeTaxRatio": 0.1025021513,
    "incomeTaxExpense": 88894000,
    "netIncome": 171264000,
    "netIncomeRatio": 0.0673268152,
    "eps": 0.33,
    "epsdiluted": 0.32,
    "weightedAverageShsOut": 527176000,
    "weightedAverageShsOutDil": 539656000,
    "link": "https://www.sec.gov/Archives/edgar/data/48465/000110465914087276/0001104659-14-087276-index.htm",
    "finalLink": "https://www.sec.gov/Archives/edgar/data/48465/000110465914087276/a14-22022_110k.htm"
  },
  {
    "date": "2014-07-27",
    "symbol": "HRL",
    "reportedCurrency": "USD",
    "cik": "0000048465",
    "fillingDate": "2014-09-05",
    "acceptedDate": "2014-09-05 08:08:07",
    "calendarYear": "2014",
    "period": "Q3",
    "revenue": 2284947000,
    "costOfRevenue": 1920948000,
    "grossProfit": 363999000,
    "grossProfitRatio": 0.1593030385,
    "researchAndDevelopmentExpenses": 0,
    "generalAndAdministrativeExpenses": 0,
    "sellingAndMarketingExpenses": 0,
    "sellingGeneralAndAdministrativeExpenses": 153035000,
    "otherExpenses": -3540000,
    "operatingExpenses": 149495000,
    "costAndExpenses": 2070443000,
    "interestIncome": 1603000,
    "interestExpense": 3125000,
    "depreciationAndAmortization": 33450000,
    "ebitda": 249557000,
    "ebitdaratio": 0.1092178506,
    "operatingIncome": 214504000,
    "operatingIncomeRatio": 0.0938770133,
    "totalOtherIncomeExpensesNet": -1522000,
    "incomeBeforeTax": 212982000,
    "incomeBeforeTaxRatio": 0.0932109147,
    "incomeTaxExpense": 73968000,
    "netIncome": 137975000,
    "netIncomeRatio": 0.0603843328,
    "eps": 0.26,
    "epsdiluted": 0.26,
    "weightedAverageShsOut": 527966000,
    "weightedAverageShsOutDil": 540800000,
    "link": "https://www.sec.gov/Archives/edgar/data/48465/000110465914064833/0001104659-14-064833-index.htm",
    "finalLink": "https://www.sec.gov/Archives/edgar/data/48465/000110465914064833/a14-19167_110q.htm"
  },
  {
    "date": "2014-04-27",
    "symbol": "HRL",
    "reportedCurrency": "USD",
    "cik": "0000048465",
    "fillingDate": "2014-06-06",
    "acceptedDate": "2014-06-06 08:19:21",
    "calendarYear": "2014",
    "period": "Q2",
    "revenue": 2244866000,
    "costOfRevenue": 1866108000,
    "grossProfit": 378758000,
    "grossProfitRatio": 0.1687218747,
    "researchAndDevelopmentExpenses": 0,
    "generalAndAdministrativeExpenses": 0,
    "sellingAndMarketingExpenses": 0,
    "sellingGeneralAndAdministrativeExpenses": 165785000,
    "otherExpenses": -3583000,
    "operatingExpenses": 162202000,
    "costAndExpenses": 2028310000,
    "interestIncome": 0,
    "interestExpense": 3399000,
    "depreciationAndAmortization": 31924000,
    "ebitda": 248480000,
    "ebitdaratio": 0.1106881213,
    "operatingIncome": 216556000,
    "operatingIncomeRatio": 0.0964672279,
    "totalOtherIncomeExpensesNet": -3399000,
    "incomeBeforeTax": 213157000,
    "incomeBeforeTaxRatio": 0.0949531063,
    "incomeTaxExpense": 72451000,
    "netIncome": 140090000,
    "netIncomeRatio": 0.0624046157,
    "eps": 0.27,
    "epsdiluted": 0.26,
    "weightedAverageShsOut": 527852000,
    "weightedAverageShsOutDil": 540820000,
    "link": "https://www.sec.gov/Archives/edgar/data/48465/000110465914044370/0001104659-14-044370-index.htm",
    "finalLink": "https://www.sec.gov/Archives/edgar/data/48465/000110465914044370/a14-11011_110q.htm"
  },
  {
    "date": "2014-01-26",
    "symbol": "HRL",
    "reportedCurrency": "USD",
    "cik": "0000048465",
    "fillingDate": "2014-03-07",
    "acceptedDate": "2014-03-07 12:32:36",
    "calendarYear": "2014",
    "period": "Q1",
    "revenue": 2242672000,
    "costOfRevenue": 1844030000,
    "grossProfit": 398642000,
    "grossProfitRatio": 0.1777531445,
    "researchAndDevelopmentExpenses": 0,
    "generalAndAdministrativeExpenses": 0,
    "sellingAndMarketingExpenses": 0,
    "sellingGeneralAndAdministrativeExpenses": 166189000,
    "otherExpenses": -4739000,
    "operatingExpenses": 161450000,
    "costAndExpenses": 2005480000,
    "interestIncome": 1173000,
    "interestExpense": 3094000,
    "depreciationAndAmortization": 31760000,
    "ebitda": 270125000,
    "ebitdaratio": 0.1204478408,
    "operatingIncome": 237192000,
    "operatingIncomeRatio": 0.1057631254,
    "totalOtherIncomeExpensesNet": -1921000,
    "incomeBeforeTax": 235271000,
    "incomeBeforeTaxRatio": 0.1049065579,
    "incomeTaxExpense": 80813000,
    "netIncome": 153348000,
    "netIncomeRatio": 0.0683773641,
    "eps": 0.29,
    "epsdiluted": 0.28,
    "weightedAverageShsOut": 527504000,
    "weightedAverageShsOutDil": 540448000,
    "link": "https://www.sec.gov/Archives/edgar/data/48465/000110465914017341/0001104659-14-017341-index.htm",
    "finalLink": "https://www.sec.gov/Archives/edgar/data/48465/000110465914017341/a14-3919_110q.htm"
  },
  {
    "date": "2013-10-27",
    "symbol": "HRL",
    "reportedCurrency": "USD",
    "cik": "0000048465",
    "fillingDate": "2013-12-18",
    "acceptedDate": "2013-12-18 09:11:45",
    "calendarYear": "2013",
    "period": "Q4",
    "revenue": 2323202000,
    "costOfRevenue": 1937686000,
    "grossProfit": 385516000,
    "grossProfitRatio": 0.1659416616,
    "researchAndDevelopmentExpenses": 0,
    "generalAndAdministrativeExpenses": 0,
    "sellingAndMarketingExpenses": 0,
    "sellingGeneralAndAdministrativeExpenses": 147444000,
    "otherExpenses": -2130000,
    "operatingExpenses": 145314000,
    "costAndExpenses": 2083000000,
    "interestIncome": 2500000,
    "interestExpense": 3095000,
    "depreciationAndAmortization": 31864000,
    "ebitda": 274566000,
    "ebitdaratio": 0.1181842991,
    "operatingIncome": 240202000,
    "operatingIncomeRatio": 0.1033926452,
    "totalOtherIncomeExpensesNet": -595000,
    "incomeBeforeTax": 239607000,
    "incomeBeforeTaxRatio": 0.1031365331,
    "incomeTaxExpense": 81122000,
    "netIncome": 157340000,
    "netIncomeRatio": 0.0677254927,
    "eps": 0.3,
    "epsdiluted": 0.29,
    "weightedAverageShsOut": 527706000,
    "weightedAverageShsOutDil": 540416000,
    "link": "https://www.sec.gov/Archives/edgar/data/48465/000110465913090853/0001104659-13-090853-index.htm",
    "finalLink": "https://www.sec.gov/Archives/edgar/data/48465/000110465913090853/a13-21155_110k.htm"
  },
  {
    "date": "2013-07-28",
    "symbol": "HRL",
    "reportedCurrency": "USD",
    "cik": "0000048465",
    "fillingDate": "2013-09-06",
    "acceptedDate": "2013-09-06 08:09:33",
    "calendarYear": "2013",
    "period": "Q3",
    "revenue": 2159525000,
    "costOfRevenue": 1829219000,
    "grossProfit": 330306000,
    "grossProfitRatio": 0.15295308,
    "researchAndDevelopmentExpenses": 0,
    "generalAndAdministrativeExpenses": 0,
    "sellingAndMarketingExpenses": 0,
    "sellingGeneralAndAdministrativeExpenses": 150999000,
    "otherExpenses": -1346000,
    "operatingExpenses": 149653000,
    "costAndExpenses": 1978872000,
    "interestIncome": 0,
    "interestExpense": 3577000,
    "depreciationAndAmortization": 31825000,
    "ebitda": 212478000,
    "ebitdaratio": 0.0983910814,
    "operatingIncome": 180653000,
    "operatingIncomeRatio": 0.0836540443,
    "totalOtherIncomeExpensesNet": -3577000,
    "incomeBeforeTax": 177076000,
    "incomeBeforeTaxRatio": 0.0819976615,
    "incomeTaxExpense": 63171000,
    "netIncome": 113635000,
    "netIncomeRatio": 0.0526203679,
    "eps": 0.22,
    "epsdiluted": 0.21,
    "weightedAverageShsOut": 529210000,
    "weightedAverageShsOutDil": 541538000,
    "link": "https://www.sec.gov/Archives/edgar/data/48465/000110465913068325/0001104659-13-068325-index.htm",
    "finalLink": "https://www.sec.gov/Archives/edgar/data/48465/000110465913068325/a13-17596_110q.htm"
  },
  {
    "date": "2013-04-28",
    "symbol": "HRL",
    "reportedCurrency": "USD",
    "cik": "0000048465",
    "fillingDate": "2013-06-07",
    "acceptedDate": "2013-06-07 07:51:06",
    "calendarYear": "2013",
    "period": "Q2",
    "revenue": 2152686000,
    "costOfRevenue": 1799885000,
    "grossProfit": 352801000,
    "grossProfitRatio": 0.1638887418,
    "researchAndDevelopmentExpenses": 0,
    "generalAndAdministrativeExpenses": 0,
    "sellingAndMarketingExpenses": 0,
    "sellingGeneralAndAdministrativeExpenses": 173066000,
    "otherExpenses": -7194000,
    "operatingExpenses": 165872000,
    "costAndExpenses": 1965757000,
    "interestIncome": 1116000,
    "interestExpense": 3142000,
    "depreciationAndAmortization": 31317000,
    "ebitda": 219362000,
    "ebitdaratio": 0.1019015314,
    "operatingIncome": 186929000,
    "operatingIncomeRatio": 0.0868352375,
    "totalOtherIncomeExpensesNet": -2026000,
    "incomeBeforeTax": 184903000,
    "incomeBeforeTaxRatio": 0.0858940877,
    "incomeTaxExpense": 58262000,
    "netIncome": 125520000,
    "netIncomeRatio": 0.0583085503,
    "eps": 0.24,
    "epsdiluted": 0.23,
    "weightedAverageShsOut": 529736000,
    "weightedAverageShsOutDil": 541560000,
    "link": "https://www.sec.gov/Archives/edgar/data/48465/000110465913047589/0001104659-13-047589-index.htm",
    "finalLink": "https://www.sec.gov/Archives/edgar/data/48465/000110465913047589/a13-12653_110q.htm"
  },
  {
    "date": "2013-01-27",
    "symbol": "HRL",
    "reportedCurrency": "USD",
    "cik": "0000048465",
    "fillingDate": "2013-03-08",
    "acceptedDate": "2013-03-08 08:09:54",
    "calendarYear": "2013",
    "period": "Q1",
    "revenue": 2116241000,
    "costOfRevenue": 1772048000,
    "grossProfit": 344193000,
    "grossProfitRatio": 0.1626435741,
    "researchAndDevelopmentExpenses": 0,
    "generalAndAdministrativeExpenses": 0,
    "sellingAndMarketingExpenses": 0,
    "sellingGeneralAndAdministrativeExpenses": 155831000,
    "otherExpenses": -9843000,
    "operatingExpenses": 145988000,
    "costAndExpenses": 1918036000,
    "interestIncome": 1810000,
    "interestExpense": 3094000,
    "depreciationAndAmortization": 29844000,
    "ebitda": 229859000,
    "ebitdaratio": 0.1086166462,
    "operatingIncome": 198205000,
    "operatingIncomeRatio": 0.0936589925,
    "totalOtherIncomeExpensesNet": -1284000,
    "incomeBeforeTax": 196921000,
    "incomeBeforeTaxRatio": 0.0930522563,
    "incomeTaxExpense": 65876000,
    "netIncome": 129716000,
    "netIncomeRatio": 0.0612954763,
    "eps": 0.25,
    "epsdiluted": 0.24,
    "weightedAverageShsOut": 527888000,
    "weightedAverageShsOutDil": 538280000,
    "link": "https://www.sec.gov/Archives/edgar/data/48465/000110465913018570/0001104659-13-018570-index.htm",
    "finalLink": "https://www.sec.gov/Archives/edgar/data/48465/000110465913018570/a13-5362_110q.htm"
  },
  {
    "date": "2012-10-28",
    "symbol": "HRL",
    "reportedCurrency": "USD",
    "cik": "0000048465",
    "fillingDate": "2012-12-19",
    "acceptedDate": "2012-12-19 08:55:47",
    "calendarYear": "2012",
    "period": "Q4",
    "revenue": 2170184000,
    "costOfRevenue": 1818405000,
    "grossProfit": 351779000,
    "grossProfitRatio": 0.1620963937,
    "researchAndDevelopmentExpenses": 0,
    "generalAndAdministrativeExpenses": 0,
    "sellingAndMarketingExpenses": 0,
    "sellingGeneralAndAdministrativeExpenses": 159685000,
    "otherExpenses": -10051000,
    "operatingExpenses": 149634000,
    "costAndExpenses": 1968039000,
    "interestIncome": 1748000,
    "interestExpense": 3155000,
    "depreciationAndAmortization": 30867000,
    "ebitda": 234760000,
    "ebitdaratio": 0.1081751593,
    "operatingIncome": 202145000,
    "operatingIncomeRatio": 0.0931464797,
    "totalOtherIncomeExpensesNet": -1407000,
    "incomeBeforeTax": 200738000,
    "incomeBeforeTaxRatio": 0.0924981476,
    "incomeTaxExpense": 66452000,
    "netIncome": 132601000,
    "netIncomeRatio": 0.0611012707,
    "eps": 0.25,
    "epsdiluted": 0.25,
    "weightedAverageShsOut": 525898000,
    "weightedAverageShsOutDil": 536298000,
    "link": "https://www.sec.gov/Archives/edgar/data/48465/000110465912085141/0001104659-12-085141-index.htm",
    "finalLink": "https://www.sec.gov/Archives/edgar/data/48465/000110465912085141/a12-25702_110k.htm"
  },
  {
    "date": "2012-07-29",
    "symbol": "HRL",
    "reportedCurrency": "USD",
    "cik": "0000048465",
    "fillingDate": "2012-09-07",
    "acceptedDate": "2012-09-07 15:56:10",
    "calendarYear": "2012",
    "period": "Q3",
    "revenue": 2008188000,
    "costOfRevenue": 1701132000,
    "grossProfit": 307056000,
    "grossProfitRatio": 0.1529020191,
    "researchAndDevelopmentExpenses": 0,
    "generalAndAdministrativeExpenses": 0,
    "sellingAndMarketingExpenses": 0,
    "sellingGeneralAndAdministrativeExpenses": 145022000,
    "otherExpenses": -9823000,
    "operatingExpenses": 135199000,
    "costAndExpenses": 1836331000,
    "interestIncome": 844000,
    "interestExpense": 3207000,
    "depreciationAndAmortization": 28920000,
    "ebitda": 201621000,
    "ebitdaratio": 0.1003994646,
    "operatingIncome": 171857000,
    "operatingIncomeRatio": 0.0855781431,
    "totalOtherIncomeExpensesNet": -2363000,
    "incomeBeforeTax": 169494000,
    "incomeBeforeTaxRatio": 0.0844014604,
    "incomeTaxExpense": 57087000,
    "netIncome": 111167000,
    "netIncomeRatio": 0.055356869,
    "eps": 0.21,
    "epsdiluted": 0.21,
    "weightedAverageShsOut": 526718000,
    "weightedAverageShsOutDil": 537492000,
    "link": "https://www.sec.gov/Archives/edgar/data/48465/000110465912062265/0001104659-12-062265-index.htm",
    "finalLink": "https://www.sec.gov/Archives/edgar/data/48465/000110465912062265/a12-18537_110q.htm"
  },
  {
    "date": "2012-04-29",
    "symbol": "HRL",
    "reportedCurrency": "USD",
    "cik": "0000048465",
    "fillingDate": "2012-06-08",
    "acceptedDate": "2012-06-08 13:19:46",
    "calendarYear": "2012",
    "period": "Q2",
    "revenue": 2012859000,
    "costOfRevenue": 1677252000,
    "grossProfit": 335607000,
    "grossProfitRatio": 0.1667314998,
    "researchAndDevelopmentExpenses": 0,
    "generalAndAdministrativeExpenses": 0,
    "sellingAndMarketingExpenses": 0,
    "sellingGeneralAndAdministrativeExpenses": 148684000,
    "otherExpenses": -7816000,
    "operatingExpenses": 140868000,
    "costAndExpenses": 1818120000,
    "interestIncome": 2338000,
    "interestExpense": 3283000,
    "depreciationAndAmortization": 28892000,
    "ebitda": 225969000,
    "ebitdaratio": 0.1122627069,
    "operatingIncome": 194739000,
    "operatingIncomeRatio": 0.0967474622,
    "totalOtherIncomeExpensesNet": -945000,
    "incomeBeforeTax": 193794000,
    "incomeBeforeTaxRatio": 0.0962779807,
    "incomeTaxExpense": 64859000,
    "netIncome": 127887000,
    "netIncomeRatio": 0.0635350017,
    "eps": 0.25,
    "epsdiluted": 0.24,
    "weightedAverageShsOut": 527220000,
    "weightedAverageShsOutDil": 538122000,
    "link": "https://www.sec.gov/Archives/edgar/data/48465/000110465912042534/0001104659-12-042534-index.htm",
    "finalLink": "https://www.sec.gov/Archives/edgar/data/48465/000110465912042534/a12-12536_110q.htm"
  },
  {
    "date": "2012-01-29",
    "symbol": "HRL",
    "reportedCurrency": "USD",
    "cik": "0000048465",
    "fillingDate": "2012-03-09",
    "acceptedDate": "2012-03-09 12:45:26",
    "calendarYear": "2012",
    "period": "Q1",
    "revenue": 2039439000,
    "costOfRevenue": 1702030000,
    "grossProfit": 337409000,
    "grossProfitRatio": 0.1654420652,
    "researchAndDevelopmentExpenses": 0,
    "generalAndAdministrativeExpenses": 0,
    "sellingAndMarketingExpenses": 0,
    "sellingGeneralAndAdministrativeExpenses": 152477000,
    "otherExpenses": -11001000,
    "operatingExpenses": 141476000,
    "costAndExpenses": 1843506000,
    "interestIncome": 1590000,
    "interestExpense": 3214000,
    "depreciationAndAmortization": 30815000,
    "ebitda": 228338000,
    "ebitdaratio": 0.1119611815,
    "operatingIncome": 195933000,
    "operatingIncomeRatio": 0.096072008,
    "totalOtherIncomeExpensesNet": -1624000,
    "incomeBeforeTax": 194309000,
    "incomeBeforeTaxRatio": 0.0952757106,
    "incomeTaxExpense": 64976000,
    "netIncome": 128395000,
    "netIncomeRatio": 0.0629560384,
    "eps": 0.25,
    "epsdiluted": 0.24,
    "weightedAverageShsOut": 527892000,
    "weightedAverageShsOutDil": 539216000,
    "link": "https://www.sec.gov/Archives/edgar/data/48465/000110465912017006/0001104659-12-017006-index.htm",
    "finalLink": "https://www.sec.gov/Archives/edgar/data/48465/000110465912017006/a12-1964_110q.htm"
  },
  {
    "date": "2011-10-30",
    "symbol": "HRL",
    "reportedCurrency": "USD",
    "cik": "0000048465",
    "fillingDate": "2011-12-21",
    "acceptedDate": "2011-12-21 16:38:13",
    "calendarYear": "2011",
    "period": "Q4",
    "revenue": 2103898000,
    "costOfRevenue": 1767872000,
    "grossProfit": 336026000,
    "grossProfitRatio": 0.1597159178,
    "researchAndDevelopmentExpenses": 0,
    "generalAndAdministrativeExpenses": 0,
    "sellingAndMarketingExpenses": 0,
    "sellingGeneralAndAdministrativeExpenses": 156694000,
    "otherExpenses": -7618000,
    "operatingExpenses": 149076000,
    "costAndExpenses": 1916948000,
    "interestIncome": 0,
    "interestExpense": 3273000,
    "depreciationAndAmortization": 31238000,
    "ebitda": 214850000,
    "ebitdaratio": 0.1021199697,
    "operatingIncome": 186950000,
    "operatingIncomeRatio": 0.0888588705,
    "totalOtherIncomeExpensesNet": -6611000,
    "incomeBeforeTax": 180339000,
    "incomeBeforeTaxRatio": 0.0857166079,
    "incomeTaxExpense": 61844000,
    "netIncome": 117309000,
    "netIncomeRatio": 0.0557579312,
    "eps": 0.22,
    "epsdiluted": 0.22,
    "weightedAverageShsOut": 529830000,
    "weightedAverageShsOutDil": 540600000,
    "link": "https://www.sec.gov/Archives/edgar/data/48465/000110465911070659/0001104659-11-070659-index.htm",
    "finalLink": "https://www.sec.gov/Archives/edgar/data/48465/000110465911070659/a11-30814_110k.htm"
  },
  {
    "date": "2011-07-31",
    "symbol": "HRL",
    "reportedCurrency": "USD",
    "cik": "0000048465",
    "fillingDate": "2011-09-09",
    "acceptedDate": "2011-09-09 17:21:19",
    "calendarYear": "2011",
    "period": "Q3",
    "revenue": 1910592000,
    "costOfRevenue": 1612737000,
    "grossProfit": 297855000,
    "grossProfitRatio": 0.1558967064,
    "researchAndDevelopmentExpenses": 0,
    "generalAndAdministrativeExpenses": 0,
    "sellingAndMarketingExpenses": 0,
    "sellingGeneralAndAdministrativeExpenses": 156595000,
    "otherExpenses": -5562000,
    "operatingExpenses": 151033000,
    "costAndExpenses": 1763770000,
    "interestIncome": 139000,
    "interestExpense": 5623000,
    "depreciationAndAmortization": 30646000,
    "ebitda": 177607000,
    "ebitdaratio": 0.0929591456,
    "operatingIncome": 146822000,
    "operatingIncomeRatio": 0.0768463387,
    "totalOtherIncomeExpensesNet": -5484000,
    "incomeBeforeTax": 141338000,
    "incomeBeforeTaxRatio": 0.0739760242,
    "incomeTaxExpense": 41374000,
    "netIncome": 98481000,
    "netIncomeRatio": 0.0515447568,
    "eps": 0.19,
    "epsdiluted": 0.18,
    "weightedAverageShsOut": 533850000,
    "weightedAverageShsOutDil": 545518000,
    "link": "https://www.sec.gov/Archives/edgar/data/48465/000110465911051199/0001104659-11-051199-index.htm",
    "finalLink": "https://www.sec.gov/Archives/edgar/data/48465/000110465911051199/a11-24551_110q.htm"
  },
  {
    "date": "2011-05-01",
    "symbol": "HRL",
    "reportedCurrency": "USD",
    "cik": "0000048465",
    "fillingDate": "2011-06-10",
    "acceptedDate": "2011-06-10 11:08:34",
    "calendarYear": "2011",
    "period": "Q2",
    "revenue": 1959041000,
    "costOfRevenue": 1632814000,
    "grossProfit": 326227000,
    "grossProfitRatio": 0.1665238247,
    "researchAndDevelopmentExpenses": 0,
    "generalAndAdministrativeExpenses": 0,
    "sellingAndMarketingExpenses": 0,
    "sellingGeneralAndAdministrativeExpenses": 160136000,
    "otherExpenses": -6672000,
    "operatingExpenses": 153464000,
    "costAndExpenses": 1786278000,
    "interestIncome": 1972000,
    "interestExpense": 7187000,
    "depreciationAndAmortization": 31084000,
    "ebitda": 205819000,
    "ebitdaratio": 0.1050610988,
    "operatingIncome": 172763000,
    "operatingIncomeRatio": 0.0881875367,
    "totalOtherIncomeExpensesNet": -5215000,
    "incomeBeforeTax": 167548000,
    "incomeBeforeTaxRatio": 0.0855255199,
    "incomeTaxExpense": 56846000,
    "netIncome": 109579000,
    "netIncomeRatio": 0.0559350213,
    "eps": 0.21,
    "epsdiluted": 0.2,
    "weightedAverageShsOut": 534414000,
    "weightedAverageShsOutDil": 545694000,
    "link": "https://www.sec.gov/Archives/edgar/data/48465/000110465911034140/0001104659-11-034140-index.htm",
    "finalLink": "https://www.sec.gov/Archives/edgar/data/48465/000110465911034140/a11-12858_110q.htm"
  },
  {
    "date": "2011-01-30",
    "symbol": "HRL",
    "reportedCurrency": "USD",
    "cik": "0000048465",
    "fillingDate": "2011-03-11",
    "acceptedDate": "2011-03-11 12:32:03",
    "calendarYear": "2011",
    "period": "Q1",
    "revenue": 1921558000,
    "costOfRevenue": 1547553000,
    "grossProfit": 374005000,
    "grossProfitRatio": 0.1946363316,
    "researchAndDevelopmentExpenses": 0,
    "generalAndAdministrativeExpenses": 0,
    "sellingAndMarketingExpenses": 0,
    "sellingGeneralAndAdministrativeExpenses": 145161000,
    "otherExpenses": -6905000,
    "operatingExpenses": 138256000,
    "costAndExpenses": 1685809000,
    "interestIncome": 441000,
    "interestExpense": 6579000,
    "depreciationAndAmortization": 31197000,
    "ebitda": 267387000,
    "ebitdaratio": 0.1391511471,
    "operatingIncome": 235749000,
    "operatingIncomeRatio": 0.1226863826,
    "totalOtherIncomeExpensesNet": -6138000,
    "incomeBeforeTax": 229611000,
    "incomeBeforeTaxRatio": 0.1194920996,
    "incomeTaxExpense": 79576000,
    "netIncome": 148826000,
    "netIncomeRatio": 0.0774506937,
    "eps": 0.28,
    "epsdiluted": 0.28,
    "weightedAverageShsOut": 533120000,
    "weightedAverageShsOutDil": 543480000,
    "link": "https://www.sec.gov/Archives/edgar/data/48465/000110465911013807/0001104659-11-013807-index.htm",
    "finalLink": "https://www.sec.gov/Archives/edgar/data/48465/000110465911013807/a11-4835_110q.htm"
  },
  {
    "date": "2010-10-31",
    "symbol": "HRL",
    "reportedCurrency": "USD",
    "cik": "0000048465",
    "fillingDate": "2010-12-21",
    "acceptedDate": "2010-12-21 15:05:51",
    "calendarYear": "2010",
    "period": "Q4",
    "revenue": 2063039000,
    "costOfRevenue": 1708066000,
    "grossProfit": 354973000,
    "grossProfitRatio": 0.1720631554,
    "researchAndDevelopmentExpenses": 0,
    "generalAndAdministrativeExpenses": 0,
    "sellingAndMarketingExpenses": 0,
    "sellingGeneralAndAdministrativeExpenses": 166456000,
    "otherExpenses": -4131000,
    "operatingExpenses": 162325000,
    "costAndExpenses": 1870391000,
    "interestIncome": 2389000,
    "interestExpense": 6961000,
    "depreciationAndAmortization": 33473000,
    "ebitda": 228510000,
    "ebitdaratio": 0.110763781,
    "operatingIncome": 192648000,
    "operatingIncomeRatio": 0.0933806874,
    "totalOtherIncomeExpensesNet": -4572000,
    "incomeBeforeTax": 188076000,
    "incomeBeforeTaxRatio": 0.0911645393,
    "incomeTaxExpense": 65468000,
    "netIncome": 121148000,
    "netIncomeRatio": 0.0587230779,
    "eps": 0.22,
    "epsdiluted": 0.22,
    "weightedAverageShsOut": 532324000,
    "weightedAverageShsOutDil": 543500000,
    "link": "https://www.sec.gov/Archives/edgar/data/48465/000110465910063729/0001104659-10-063729-index.htm",
    "finalLink": "https://www.sec.gov/Archives/edgar/data/48465/000110465910063729/a10-21485_110k.htm"
  },
  {
    "date": "2010-07-25",
    "symbol": "HRL",
    "reportedCurrency": "USD",
    "cik": "0000048465",
    "fillingDate": "2010-09-03",
    "acceptedDate": "2010-09-03 09:10:13",
    "calendarYear": "2010",
    "period": "Q3",
    "revenue": 1730451000,
    "costOfRevenue": 1445536000,
    "grossProfit": 284915000,
    "grossProfitRatio": 0.1646478288,
    "researchAndDevelopmentExpenses": 0,
    "generalAndAdministrativeExpenses": 0,
    "sellingAndMarketingExpenses": 0,
    "sellingGeneralAndAdministrativeExpenses": 146523000,
    "otherExpenses": -2222000,
    "operatingExpenses": 144301000,
    "costAndExpenses": 1589837000,
    "interestIncome": 310000,
    "interestExpense": 6493000,
    "depreciationAndAmortization": 30647000,
    "ebitda": 171571000,
    "ebitdaratio": 0.0991481411,
    "operatingIncome": 140614000,
    "operatingIncomeRatio": 0.0812585852,
    "totalOtherIncomeExpensesNet": -6183000,
    "incomeBeforeTax": 134431000,
    "incomeBeforeTaxRatio": 0.0776855282,
    "incomeTaxExpense": 48067000,
    "netIncome": 85370000,
    "netIncomeRatio": 0.0493339598,
    "eps": 0.16,
    "epsdiluted": 0.16,
    "weightedAverageShsOut": 532804000,
    "weightedAverageShsOutDil": 540652000,
    "link": "https://www.sec.gov/Archives/edgar/data/48465/000110465910047204/0001104659-10-047204-index.htm",
    "finalLink": "https://www.sec.gov/Archives/edgar/data/48465/000110465910047204/a10-13749_110q.htm"
  },
  {
    "date": "2010-04-25",
    "symbol": "HRL",
    "reportedCurrency": "USD",
    "cik": "0000048465",
    "fillingDate": "2010-06-04",
    "acceptedDate": "2010-06-04 14:49:35",
    "calendarYear": "2010",
    "period": "Q2",
    "revenue": 1699782000,
    "costOfRevenue": 1419315000,
    "grossProfit": 280467000,
    "grossProfitRatio": 0.1650017473,
    "researchAndDevelopmentExpenses": 0,
    "generalAndAdministrativeExpenses": 0,
    "sellingAndMarketingExpenses": 0,
    "sellingGeneralAndAdministrativeExpenses": 146782000,
    "otherExpenses": -3952000,
    "operatingExpenses": 142830000,
    "costAndExpenses": 1562145000,
    "interestIncome": 1423000,
    "interestExpense": 6574000,
    "depreciationAndAmortization": 30621000,
    "ebitda": 169681000,
    "ebitdaratio": 0.099825154,
    "operatingIncome": 137637000,
    "operatingIncomeRatio": 0.0809733248,
    "totalOtherIncomeExpensesNet": -5151000,
    "incomeBeforeTax": 132486000,
    "incomeBeforeTaxRatio": 0.0779429362,
    "incomeTaxExpense": 53951000,
    "netIncome": 77862000,
    "netIncomeRatio": 0.0458070506,
    "eps": 0.14,
    "epsdiluted": 0.14,
    "weightedAverageShsOut": 534372000,
    "weightedAverageShsOutDil": 542316000,
    "link": "https://www.sec.gov/Archives/edgar/data/48465/000110465910032444/0001104659-10-032444-index.htm",
    "finalLink": "https://www.sec.gov/Archives/edgar/data/48465/000110465910032444/a10-10481_110q.htm"
  },
  {
    "date": "2010-01-24",
    "symbol": "HRL",
    "reportedCurrency": "USD",
    "cik": "0000048465",
    "fillingDate": "2010-03-05",
    "acceptedDate": "2010-03-05 08:57:22",
    "calendarYear": "2010",
    "period": "Q1",
    "revenue": 1727447000,
    "costOfRevenue": 1409060000,
    "grossProfit": 318387000,
    "grossProfitRatio": 0.1843107198,
    "researchAndDevelopmentExpenses": 0,
    "generalAndAdministrativeExpenses": 0,
    "sellingAndMarketingExpenses": 0,
    "sellingGeneralAndAdministrativeExpenses": 145532000,
    "otherExpenses": -2821000,
    "operatingExpenses": 142711000,
    "costAndExpenses": 1551771000,
    "interestIncome": 443000,
    "interestExpense": 6561000,
    "depreciationAndAmortization": 30850000,
    "ebitda": 206969000,
    "ebitdaratio": 0.1198120695,
    "operatingIncome": 175676000,
    "operatingIncomeRatio": 0.1016968972,
    "totalOtherIncomeExpensesNet": -6118000,
    "incomeBeforeTax": 169558000,
    "incomeBeforeTaxRatio": 0.0981552545,
    "incomeTaxExpense": 57289000,
    "netIncome": 111207000,
    "netIncomeRatio": 0.0643765047,
    "eps": 0.21,
    "epsdiluted": 0.21,
    "weightedAverageShsOut": 534356000,
    "weightedAverageShsOutDil": 541424000,
    "link": "https://www.sec.gov/Archives/edgar/data/48465/000110465910012268/0001104659-10-012268-index.htm",
    "finalLink": "https://www.sec.gov/Archives/edgar/data/48465/000110465910012268/a10-5064_110q.htm"
  },
  {
    "date": "2009-10-25",
    "symbol": "HRL",
    "reportedCurrency": "USD",
    "cik": "0000048465",
    "fillingDate": "2009-12-16",
    "acceptedDate": "2009-12-16 16:34:09",
    "calendarYear": "2009",
    "period": "Q4",
    "revenue": 1675102000,
    "costOfRevenue": 1370908000,
    "grossProfit": 304194000,
    "grossProfitRatio": 0.1815972997,
    "researchAndDevelopmentExpenses": 0,
    "generalAndAdministrativeExpenses": 0,
    "sellingAndMarketingExpenses": 0,
    "sellingGeneralAndAdministrativeExpenses": 142704000,
    "otherExpenses": -664000,
    "operatingExpenses": 142040000,
    "costAndExpenses": 1512948000,
    "interestIncome": 2178000,
    "interestExpense": 6659000,
    "depreciationAndAmortization": 33064000,
    "ebitda": 197396000,
    "ebitdaratio": 0.1178411822,
    "operatingIncome": 162154000,
    "operatingIncomeRatio": 0.0968024634,
    "totalOtherIncomeExpensesNet": -4481000,
    "incomeBeforeTax": 157673000,
    "incomeBeforeTaxRatio": 0.0941274024,
    "incomeTaxExpense": 53797000,
    "netIncome": 103876000,
    "netIncomeRatio": 0.0620117462,
    "eps": 0.19,
    "epsdiluted": 0.19,
    "weightedAverageShsOut": 536020000,
    "weightedAverageShsOutDil": 542800000,
    "link": "https://www.sec.gov/Archives/edgar/data/48465/000110465909070245/0001104659-09-070245-index.htm",
    "finalLink": "https://www.sec.gov/Archives/edgar/data/48465/000110465909070245/a09-35339_110k.htm"
  },
  {
    "date": "2009-07-26",
    "symbol": "HRL",
    "reportedCurrency": "USD",
    "cik": "0000048465",
    "fillingDate": "2009-09-04",
    "acceptedDate": "2009-09-04 08:47:33",
    "calendarYear": "2009",
    "period": "Q3",
    "revenue": 1574440000,
    "costOfRevenue": 1314116000,
    "grossProfit": 260324000,
    "grossProfitRatio": 0.1653438683,
    "researchAndDevelopmentExpenses": 0,
    "generalAndAdministrativeExpenses": 0,
    "sellingAndMarketingExpenses": 0,
    "sellingGeneralAndAdministrativeExpenses": 142010000,
    "otherExpenses": -1216000,
    "operatingExpenses": 140794000,
    "costAndExpenses": 1454910000,
    "interestIncome": 6410000,
    "interestExpense": 6963000,
    "depreciationAndAmortization": 31580000,
    "ebitda": 157520000,
    "ebitdaratio": 0.1000482711,
    "operatingIncome": 119530000,
    "operatingIncomeRatio": 0.0759190569,
    "totalOtherIncomeExpensesNet": -553000,
    "incomeBeforeTax": 118977000,
    "incomeBeforeTaxRatio": 0.0755678209,
    "incomeTaxExpense": 40882000,
    "netIncome": 77169000,
    "netIncomeRatio": 0.0490136175,
    "eps": 0.14,
    "epsdiluted": 0.14,
    "weightedAverageShsOut": 537020000,
    "weightedAverageShsOutDil": 542880000,
    "link": "https://www.sec.gov/Archives/edgar/data/48465/000110465909053344/0001104659-09-053344-index.htm",
    "finalLink": "https://www.sec.gov/Archives/edgar/data/48465/000110465909053344/a09-19110_110q.htm"
  },
  {
    "date": "2009-04-26",
    "symbol": "HRL",
    "reportedCurrency": "USD",
    "cik": "0000048465",
    "fillingDate": "2009-06-05",
    "acceptedDate": "2009-06-05 14:35:39",
    "calendarYear": "2009",
    "period": "Q2",
    "revenue": 1595043000,
    "costOfRevenue": 1333005000,
    "grossProfit": 262038000,
    "grossProfitRatio": 0.1642827184,
    "researchAndDevelopmentExpenses": 0,
    "generalAndAdministrativeExpenses": 0,
    "sellingAndMarketingExpenses": 0,
    "sellingGeneralAndAdministrativeExpenses": 139846000,
    "otherExpenses": -1485000,
    "operatingExpenses": 138361000,
    "costAndExpenses": 1471366000,
    "interestIncome": 8584000,
    "interestExpense": 6918000,
    "depreciationAndAmortization": 31461000,
    "ebitda": 163722000,
    "ebitdaratio": 0.1026442547,
    "operatingIncome": 123677000,
    "operatingIncomeRatio": 0.0775383485,
    "totalOtherIncomeExpensesNet": 1666000,
    "incomeBeforeTax": 125343000,
    "incomeBeforeTaxRatio": 0.0785828344,
    "incomeTaxExpense": 44243000,
    "netIncome": 80385000,
    "netIncomeRatio": 0.0503967605,
    "eps": 0.15,
    "epsdiluted": 0.15,
    "weightedAverageShsOut": 537088000,
    "weightedAverageShsOutDil": 541492000,
    "link": "https://www.sec.gov/Archives/edgar/data/48465/000110465909036906/0001104659-09-036906-index.htm",
    "finalLink": "https://www.sec.gov/Archives/edgar/data/48465/000110465909036906/a09-14888_110q.htm"
  },
  {
    "date": "2009-01-25",
    "symbol": "HRL",
    "reportedCurrency": "USD",
    "cik": "0000048465",
    "fillingDate": "2009-03-06",
    "acceptedDate": "2009-03-06 10:52:42",
    "calendarYear": "2009",
    "period": "Q1",
    "revenue": 1689086000,
    "costOfRevenue": 1416771000,
    "grossProfit": 272315000,
    "grossProfitRatio": 0.1612203286,
    "researchAndDevelopmentExpenses": 0,
    "generalAndAdministrativeExpenses": 0,
    "sellingAndMarketingExpenses": 0,
    "sellingGeneralAndAdministrativeExpenses": 142525000,
    "otherExpenses": -698000,
    "operatingExpenses": 141827000,
    "costAndExpenses": 1558598000,
    "interestIncome": 2391000,
    "interestExpense": 7455000,
    "depreciationAndAmortization": 31033000,
    "ebitda": 163912000,
    "ebitdaratio": 0.0970418321,
    "operatingIncome": 130488000,
    "operatingIncomeRatio": 0.0772536153,
    "totalOtherIncomeExpensesNet": -5064000,
    "incomeBeforeTax": 125424000,
    "incomeBeforeTaxRatio": 0.0742555441,
    "incomeTaxExpense": 43247000,
    "netIncome": 81383000,
    "netIncomeRatio": 0.0481816793,
    "eps": 0.15,
    "epsdiluted": 0.15,
    "weightedAverageShsOut": 537508000,
    "weightedAverageShsOutDil": 540652000,
    "link": "https://www.sec.gov/Archives/edgar/data/48465/000110465909014968/0001104659-09-014968-index.htm",
    "finalLink": "https://www.sec.gov/Archives/edgar/data/48465/000110465909014968/a09-6928_110q.htm"
  },
  {
    "date": "2008-10-26",
    "symbol": "HRL",
    "reportedCurrency": "USD",
    "cik": "0000048465",
    "fillingDate": "2008-12-23",
    "acceptedDate": "2008-12-23 16:28:38",
    "calendarYear": "2008",
    "period": "Q4",
    "revenue": 1861512000,
    "costOfRevenue": 1464117000,
    "grossProfit": 397395000,
    "grossProfitRatio": 0.2134796875,
    "researchAndDevelopmentExpenses": 0,
    "generalAndAdministrativeExpenses": 0,
    "sellingAndMarketingExpenses": 0,
    "sellingGeneralAndAdministrativeExpenses": 254091000,
    "otherExpenses": -804000,
    "operatingExpenses": 253287000,
    "costAndExpenses": 1717404000,
    "interestIncome": 0,
    "interestExpense": 0,
    "depreciationAndAmortization": 31075000,
    "ebitda": 175183000,
    "ebitdaratio": 0.094107908,
    "operatingIncome": 144108000,
    "operatingIncomeRatio": 0.0774144889,
    "totalOtherIncomeExpensesNet": -27387000,
    "incomeBeforeTax": 116721000,
    "incomeBeforeTaxRatio": 0.0627022549,
    "incomeTaxExpense": 48910000,
    "netIncome": 67811000,
    "netIncomeRatio": 0.0364279145,
    "eps": 0.12,
    "epsdiluted": 0.12,
    "weightedAverageShsOut": 538764000,
    "weightedAverageShsOutDil": 544700000,
    "link": "https://www.sec.gov/Archives/edgar/data/48465/000110465908078222/0001104659-08-078222-index.htm",
    "finalLink": "https://www.sec.gov/Archives/edgar/data/48465/000110465908078222/a08-30826_110k.htm"
  },
  {
    "date": "2008-07-27",
    "symbol": "HRL",
    "reportedCurrency": "USD",
    "cik": "0000048465",
    "fillingDate": "2008-09-05",
    "acceptedDate": "2008-09-05 09:34:56",
    "calendarYear": "2008",
    "period": "Q3",
    "revenue": 1678142000,
    "costOfRevenue": 1449096000,
    "grossProfit": 229046000,
    "grossProfitRatio": 0.1364878538,
    "researchAndDevelopmentExpenses": 0,
    "generalAndAdministrativeExpenses": 0,
    "sellingAndMarketingExpenses": 0,
    "sellingGeneralAndAdministrativeExpenses": 135256000,
    "otherExpenses": -241000,
    "operatingExpenses": 135015000,
    "costAndExpenses": 1584111000,
    "interestIncome": 0,
    "interestExpense": 13904000,
    "depreciationAndAmortization": 31143000,
    "ebitda": 125174000,
    "ebitdaratio": 0.0745908272,
    "operatingIncome": 94031000,
    "operatingIncomeRatio": 0.0560328029,
    "totalOtherIncomeExpensesNet": -13904000,
    "incomeBeforeTax": 80127000,
    "incomeBeforeTaxRatio": 0.0477474493,
    "incomeTaxExpense": 28180000,
    "netIncome": 51947000,
    "netIncomeRatio": 0.0309550682,
    "eps": 0.095,
    "epsdiluted": 0.095,
    "weightedAverageShsOut": 541564000,
    "weightedAverageShsOutDil": 548220000,
    "link": "https://www.sec.gov/Archives/edgar/data/48465/000110465908057184/0001104659-08-057184-index.htm",
    "finalLink": "https://www.sec.gov/Archives/edgar/data/48465/000110465908057184/a08-22922_110q.htm"
  },
  {
    "date": "2008-04-27",
    "symbol": "HRL",
    "reportedCurrency": "USD",
    "cik": "0000048465",
    "fillingDate": "2008-06-06",
    "acceptedDate": "2008-06-06 10:36:19",
    "calendarYear": "2008",
    "period": "Q2",
    "revenue": 1594084000,
    "costOfRevenue": 1217445000,
    "grossProfit": 376639000,
    "grossProfitRatio": 0.2362729944,
    "researchAndDevelopmentExpenses": 0,
    "generalAndAdministrativeExpenses": 0,
    "sellingAndMarketingExpenses": 0,
    "sellingGeneralAndAdministrativeExpenses": 252907000,
    "otherExpenses": -821000,
    "operatingExpenses": 252086000,
    "costAndExpenses": 1469531000,
    "interestIncome": 0,
    "interestExpense": 0,
    "depreciationAndAmortization": 30911000,
    "ebitda": 155464000,
    "ebitdaratio": 0.0975256009,
    "operatingIncome": 124553000,
    "operatingIncomeRatio": 0.0781345274,
    "totalOtherIncomeExpensesNet": -3176000,
    "incomeBeforeTax": 121377000,
    "incomeBeforeTaxRatio": 0.0761421606,
    "incomeTaxExpense": 43816000,
    "netIncome": 77561000,
    "netIncomeRatio": 0.0486555288,
    "eps": 0.14,
    "epsdiluted": 0.14,
    "weightedAverageShsOut": 542608000,
    "weightedAverageShsOutDil": 550480000,
    "link": "https://www.sec.gov/Archives/edgar/data/48465/000110465908038388/0001104659-08-038388-index.htm",
    "finalLink": "https://www.sec.gov/Archives/edgar/data/48465/000110465908038388/a08-16010_110q.htm"
  },
  {
    "date": "2008-01-27",
    "symbol": "HRL",
    "reportedCurrency": "USD",
    "cik": "0000048465",
    "fillingDate": "2008-03-07",
    "acceptedDate": "2008-03-07 12:33:54",
    "calendarYear": "2008",
    "period": "Q1",
    "revenue": 1621165000,
    "costOfRevenue": 1328474000,
    "grossProfit": 292691000,
    "grossProfitRatio": 0.1805436214,
    "researchAndDevelopmentExpenses": 0,
    "generalAndAdministrativeExpenses": 45475000,
    "sellingAndMarketingExpenses": 207944000,
    "sellingGeneralAndAdministrativeExpenses": 144091000,
    "otherExpenses": -2369000,
    "operatingExpenses": 141722000,
    "costAndExpenses": 1470196000,
    "interestIncome": 0,
    "interestExpense": 11658000,
    "depreciationAndAmortization": 33060000,
    "ebitda": 184029000,
    "ebitdaratio": 0.1135165144,
    "operatingIncome": 150969000,
    "operatingIncomeRatio": 0.0931237721,
    "totalOtherIncomeExpensesNet": -11658000,
    "incomeBeforeTax": 139311000,
    "incomeBeforeTaxRatio": 0.0859326472,
    "incomeTaxExpense": 51130000,
    "netIncome": 88181000,
    "netIncomeRatio": 0.0543935997,
    "eps": 0.16,
    "epsdiluted": 0.16,
    "weightedAverageShsOut": 542824000,
    "weightedAverageShsOutDil": 550664000,
    "link": "https://www.sec.gov/Archives/edgar/data/48465/000110465908016089/0001104659-08-016089-index.htm",
    "finalLink": "https://www.sec.gov/Archives/edgar/data/48465/000110465908016089/a08-7403_110q.htm"
  },
  {
    "date": "2007-10-28",
    "symbol": "HRL",
    "reportedCurrency": "USD",
    "cik": "0000048465",
    "fillingDate": "2007-12-27",
    "acceptedDate": "2007-12-27 11:05:10",
    "calendarYear": "2007",
    "period": "Q4",
    "revenue": 1664347000,
    "costOfRevenue": 1278524000,
    "grossProfit": 385823000,
    "grossProfitRatio": 0.2318164421,
    "researchAndDevelopmentExpenses": 0,
    "generalAndAdministrativeExpenses": 0,
    "sellingAndMarketingExpenses": 0,
    "sellingGeneralAndAdministrativeExpenses": 231529000,
    "otherExpenses": -1386000,
    "operatingExpenses": 230143000,
    "costAndExpenses": 1508667000,
    "interestIncome": 0,
    "interestExpense": 0,
    "depreciationAndAmortization": 33011000,
    "ebitda": 202315000,
    "ebitdaratio": 0.1215581847,
    "operatingIncome": 155680000,
    "operatingIncomeRatio": 0.0935381864,
    "totalOtherIncomeExpensesNet": -172000,
    "incomeBeforeTax": 155508000,
    "incomeBeforeTaxRatio": 0.0934348426,
    "incomeTaxExpense": 54316000,
    "netIncome": 101192000,
    "netIncomeRatio": 0.0607998212,
    "eps": 0.18,
    "epsdiluted": 0.18,
    "weightedAverageShsOut": 544568000,
    "weightedAverageShsOutDil": 551600000,
    "link": "https://www.sec.gov/Archives/edgar/data/48465/000110465907090982/0001104659-07-090982-index.htm",
    "finalLink": "https://www.sec.gov/Archives/edgar/data/48465/000110465907090982/a07-31664_110k.htm"
  },
  {
    "date": "2007-07-29",
    "symbol": "HRL",
    "reportedCurrency": "USD",
    "cik": "0000048465",
    "fillingDate": "2007-09-07",
    "acceptedDate": "2007-09-07 10:38:01",
    "calendarYear": "2007",
    "period": "Q3",
    "revenue": 1520005000,
    "costOfRevenue": 1196624000,
    "grossProfit": 323381000,
    "grossProfitRatio": 0.2127499581,
    "researchAndDevelopmentExpenses": 0,
    "generalAndAdministrativeExpenses": 0,
    "sellingAndMarketingExpenses": 0,
    "sellingGeneralAndAdministrativeExpenses": 229054000,
    "otherExpenses": -1212000,
    "operatingExpenses": 227842000,
    "costAndExpenses": 1424466000,
    "interestIncome": 0,
    "interestExpense": 0,
    "depreciationAndAmortization": 31085000,
    "ebitda": 126624000,
    "ebitdaratio": 0.0833049891,
    "operatingIncome": 95539000,
    "operatingIncomeRatio": 0.0628543985,
    "totalOtherIncomeExpensesNet": -5260000,
    "incomeBeforeTax": 90279000,
    "incomeBeforeTaxRatio": 0.0593938836,
    "incomeTaxExpense": 32905000,
    "netIncome": 57374000,
    "netIncomeRatio": 0.0377459285,
    "eps": 0.11,
    "epsdiluted": 0.1,
    "weightedAverageShsOut": 549788000,
    "weightedAverageShsOutDil": 557656000,
    "link": "https://www.sec.gov/Archives/edgar/data/48465/000110465907067512/0001104659-07-067512-index.htm",
    "finalLink": "https://www.sec.gov/Archives/edgar/data/48465/000110465907067512/a07-23304_110q.htm"
  },
  {
    "date": "2007-04-29",
    "symbol": "HRL",
    "reportedCurrency": "USD",
    "cik": "0000048465",
    "fillingDate": "2007-06-08",
    "acceptedDate": "2007-06-08 12:04:51",
    "calendarYear": "2007",
    "period": "Q2",
    "revenue": 1504597000,
    "costOfRevenue": 1158711000,
    "grossProfit": 345886000,
    "grossProfitRatio": 0.2298861423,
    "researchAndDevelopmentExpenses": 0,
    "generalAndAdministrativeExpenses": 0,
    "sellingAndMarketingExpenses": 0,
    "sellingGeneralAndAdministrativeExpenses": 232940000,
    "otherExpenses": 31000,
    "operatingExpenses": 232971000,
    "costAndExpenses": 1391682000,
    "interestIncome": 0,
    "interestExpense": 0,
    "depreciationAndAmortization": 31533000,
    "ebitda": 144448000,
    "ebitdaratio": 0.096004445,
    "operatingIncome": 112915000,
    "operatingIncomeRatio": 0.0750466736,
    "totalOtherIncomeExpensesNet": -4373000,
    "incomeBeforeTax": 108542000,
    "incomeBeforeTaxRatio": 0.0721402475,
    "incomeTaxExpense": 40541000,
    "netIncome": 68001000,
    "netIncomeRatio": 0.0451954909,
    "eps": 0.12,
    "epsdiluted": 0.12,
    "weightedAverageShsOut": 550972000,
    "weightedAverageShsOutDil": 558844000,
    "link": "https://www.sec.gov/Archives/edgar/data/48465/000110465907046417/0001104659-07-046417-index.htm",
    "finalLink": "https://www.sec.gov/Archives/edgar/data/48465/000110465907046417/a07-16132_110q.htm"
  },
  {
    "date": "2007-01-28",
    "symbol": "HRL",
    "reportedCurrency": "USD",
    "cik": "0000048465",
    "fillingDate": "2007-03-09",
    "acceptedDate": "2007-03-09 15:36:39",
    "calendarYear": "2007",
    "period": "Q1",
    "revenue": 1504083000,
    "costOfRevenue": 1144646000,
    "grossProfit": 359437000,
    "grossProfitRatio": 0.238974179,
    "researchAndDevelopmentExpenses": 0,
    "generalAndAdministrativeExpenses": 41910000,
    "sellingAndMarketingExpenses": 198644000,
    "sellingGeneralAndAdministrativeExpenses": 240554000,
    "otherExpenses": -903000,
    "operatingExpenses": 239651000,
    "costAndExpenses": 1384297000,
    "interestIncome": 2080000,
    "interestExpense": 6358000,
    "depreciationAndAmortization": 31109000,
    "ebitda": 152975000,
    "ebitdaratio": 0.1017064883,
    "operatingIncome": 119786000,
    "operatingIncomeRatio": 0.0796405518,
    "totalOtherIncomeExpensesNet": -4278000,
    "incomeBeforeTax": 115508000,
    "incomeBeforeTaxRatio": 0.0767962938,
    "incomeTaxExpense": 40183000,
    "netIncome": 75325000,
    "netIncomeRatio": 0.050080348,
    "eps": 0.14,
    "epsdiluted": 0.14,
    "weightedAverageShsOut": 550132000,
    "weightedAverageShsOutDil": 558268000,
    "link": "https://www.sec.gov/Archives/edgar/data/48465/000110465907017785/0001104659-07-017785-index.htm",
    "finalLink": "https://www.sec.gov/Archives/edgar/data/48465/000110465907017785/a07-7466_110q.htm"
  },
  {
    "date": "2006-10-29",
    "symbol": "HRL",
    "reportedCurrency": "USD",
    "cik": "0000048465",
    "fillingDate": "2007-01-12",
    "acceptedDate": "2007-01-12 12:13:20",
    "calendarYear": "2006",
    "period": "Q4",
    "revenue": 1557309000,
    "costOfRevenue": 1180747000,
    "grossProfit": 376562000,
    "grossProfitRatio": 0.2418030076,
    "researchAndDevelopmentExpenses": 0,
    "generalAndAdministrativeExpenses": 0,
    "sellingAndMarketingExpenses": 0,
    "sellingGeneralAndAdministrativeExpenses": 232086000,
    "otherExpenses": -843000,
    "operatingExpenses": 231243000,
    "costAndExpenses": 1411990000,
    "interestIncome": 0,
    "interestExpense": 0,
    "depreciationAndAmortization": 31405000,
    "ebitda": 176724000,
    "ebitdaratio": 0.113480369,
    "operatingIncome": 145319000,
    "operatingIncomeRatio": 0.0933141721,
    "totalOtherIncomeExpensesNet": -4207000,
    "incomeBeforeTax": 141112000,
    "incomeBeforeTaxRatio": 0.0906127172,
    "incomeTaxExpense": 51108000,
    "netIncome": 90004000,
    "netIncomeRatio": 0.0577945674,
    "eps": 0.16,
    "epsdiluted": 0.16,
    "weightedAverageShsOut": 550648000,
    "weightedAverageShsOutDil": 558200000,
    "link": "https://www.sec.gov/Archives/edgar/data/48465/000110465907002276/0001104659-07-002276-index.htm",
    "finalLink": "https://www.sec.gov/Archives/edgar/data/48465/000110465907002276/a07-1424_110k.htm"
  },
  {
    "date": "2006-07-30",
    "symbol": "HRL",
    "reportedCurrency": "USD",
    "cik": "0000048465",
    "fillingDate": "2006-09-08",
    "acceptedDate": "2006-09-08 15:38:42",
    "calendarYear": "2006",
    "period": "Q3",
    "revenue": 1406894000,
    "costOfRevenue": 1084740000,
    "grossProfit": 322154000,
    "grossProfitRatio": 0.2289824251,
    "researchAndDevelopmentExpenses": 0,
    "generalAndAdministrativeExpenses": 0,
    "sellingAndMarketingExpenses": 0,
    "sellingGeneralAndAdministrativeExpenses": 227415000,
    "otherExpenses": -10000,
    "operatingExpenses": 227405000,
    "costAndExpenses": 1312145000,
    "interestIncome": 0,
    "interestExpense": 0,
    "depreciationAndAmortization": 29993000,
    "ebitda": 124742000,
    "ebitdaratio": 0.0886648177,
    "operatingIncome": 94749000,
    "operatingIncomeRatio": 0.0673462251,
    "totalOtherIncomeExpensesNet": -7216000,
    "incomeBeforeTax": 87533000,
    "incomeBeforeTaxRatio": 0.0622171962,
    "incomeTaxExpense": 27982000,
    "netIncome": 59551000,
    "netIncomeRatio": 0.0423279934,
    "eps": 0.11,
    "epsdiluted": 0.11,
    "weightedAverageShsOut": 551652000,
    "weightedAverageShsOutDil": 558736000,
    "link": "https://www.sec.gov/Archives/edgar/data/48465/000110465906060171/0001104659-06-060171-index.htm",
    "finalLink": "https://www.sec.gov/Archives/edgar/data/48465/000110465906060171/a06-19291_110q.htm"
  },
  {
    "date": "2006-04-30",
    "symbol": "HRL",
    "reportedCurrency": "USD",
    "cik": "0000048465",
    "fillingDate": "2006-06-09",
    "acceptedDate": "2006-06-09 09:32:07",
    "calendarYear": "2006",
    "period": "Q2",
    "revenue": 1365345000,
    "costOfRevenue": 1033866000,
    "grossProfit": 331479000,
    "grossProfitRatio": 0.2427803962,
    "researchAndDevelopmentExpenses": 0,
    "generalAndAdministrativeExpenses": 0,
    "sellingAndMarketingExpenses": 0,
    "sellingGeneralAndAdministrativeExpenses": 227788000,
    "otherExpenses": -1302000,
    "operatingExpenses": 226486000,
    "costAndExpenses": 1260352000,
    "interestIncome": 0,
    "interestExpense": 0,
    "depreciationAndAmortization": 29643000,
    "ebitda": 134636000,
    "ebitdaratio": 0.098609509,
    "operatingIncome": 104993000,
    "operatingIncomeRatio": 0.0768985128,
    "totalOtherIncomeExpensesNet": -3395000,
    "incomeBeforeTax": 101598000,
    "incomeBeforeTaxRatio": 0.0744119618,
    "incomeTaxExpense": 34290000,
    "netIncome": 67308000,
    "netIncomeRatio": 0.0492974303,
    "eps": 0.12,
    "epsdiluted": 0.12,
    "weightedAverageShsOut": 551624000,
    "weightedAverageShsOutDil": 558236000,
    "link": "https://www.sec.gov/Archives/edgar/data/48465/000110465906040709/0001104659-06-040709-index.htm",
    "finalLink": "https://www.sec.gov/Archives/edgar/data/48465/000110465906040709/a06-13431_110q.htm"
  },
  {
    "date": "2006-01-29",
    "symbol": "HRL",
    "reportedCurrency": "USD",
    "cik": "0000048465",
    "fillingDate": "2006-03-10",
    "acceptedDate": "2006-03-10 14:31:03",
    "calendarYear": "2006",
    "period": "Q1",
    "revenue": 1415933000,
    "costOfRevenue": 1062938000,
    "grossProfit": 352995000,
    "grossProfitRatio": 0.2493020503,
    "researchAndDevelopmentExpenses": 0,
    "generalAndAdministrativeExpenses": 0,
    "sellingAndMarketingExpenses": 0,
    "sellingGeneralAndAdministrativeExpenses": 249745000,
    "otherExpenses": -2398000,
    "operatingExpenses": 247347000,
    "costAndExpenses": 1310285000,
    "interestIncome": 0,
    "interestExpense": 0,
    "depreciationAndAmortization": 30060000,
    "ebitda": 135708000,
    "ebitdaratio": 0.095843518,
    "operatingIncome": 105648000,
    "operatingIncomeRatio": 0.0746136999,
    "totalOtherIncomeExpensesNet": -5348000,
    "incomeBeforeTax": 100300000,
    "incomeBeforeTaxRatio": 0.0708366851,
    "incomeTaxExpense": 31024000,
    "netIncome": 69276000,
    "netIncomeRatio": 0.0489260438,
    "eps": 0.13,
    "epsdiluted": 0.13,
    "weightedAverageShsOut": 551592000,
    "weightedAverageShsOutDil": 557356000,
    "link": "https://www.sec.gov/Archives/edgar/data/48465/000110465906015724/0001104659-06-015724-index.htm",
    "finalLink": "https://www.sec.gov/Archives/edgar/data/48465/000110465906015724/a06-6567_110q.htm"
  },
  {
    "date": "2005-10-30",
    "symbol": "HRL",
    "reportedCurrency": "USD",
    "cik": "0000048465",
    "fillingDate": "2006-01-13",
    "acceptedDate": "2006-01-13 15:23:47",
    "calendarYear": "2005",
    "period": "Q4",
    "revenue": 1477908000,
    "costOfRevenue": 1110548000,
    "grossProfit": 367360000,
    "grossProfitRatio": 0.2485675698,
    "researchAndDevelopmentExpenses": 0,
    "generalAndAdministrativeExpenses": 0,
    "sellingAndMarketingExpenses": 0,
    "sellingGeneralAndAdministrativeExpenses": 229299000,
    "otherExpenses": -699000,
    "operatingExpenses": 228600000,
    "costAndExpenses": 1339148000,
    "interestIncome": 0,
    "interestExpense": 0,
    "depreciationAndAmortization": 28598000,
    "ebitda": -9832642000,
    "ebitdaratio": -6.6530812473,
    "operatingIncome": 138760000,
    "operatingIncomeRatio": 0.0938894708,
    "totalOtherIncomeExpensesNet": -6799000,
    "incomeBeforeTax": 131961000,
    "incomeBeforeTaxRatio": 0.0892890491,
    "incomeTaxExpense": 50228000,
    "netIncome": 81733000,
    "netIncomeRatio": 0.0553031718,
    "eps": 0.15,
    "epsdiluted": 0.15,
    "weightedAverageShsOut": 551068000,
    "weightedAverageShsOutDil": 557500000,
    "link": "https://www.sec.gov/Archives/edgar/data/48465/000110465906002096/0001104659-06-002096-index.htm",
    "finalLink": "https://www.sec.gov/Archives/edgar/data/48465/000110465906002096/a06-1208_110k.htm"
  },
  {
    "date": "2005-07-31",
    "symbol": "HRL",
    "reportedCurrency": "USD",
    "cik": "0000048465",
    "fillingDate": "2005-09-09",
    "acceptedDate": "2005-09-09 10:42:59",
    "calendarYear": "2005",
    "period": "Q3",
    "revenue": 1355021000,
    "costOfRevenue": 1053748000,
    "grossProfit": 301273000,
    "grossProfitRatio": 0.2223382516,
    "researchAndDevelopmentExpenses": 0,
    "generalAndAdministrativeExpenses": 0,
    "sellingAndMarketingExpenses": 0,
    "sellingGeneralAndAdministrativeExpenses": 215686000,
    "otherExpenses": -899000,
    "operatingExpenses": 214787000,
    "costAndExpenses": 1268535000,
    "interestIncome": 0,
    "interestExpense": 0,
    "depreciationAndAmortization": 30862000,
    "ebitda": 117348000,
    "ebitdaratio": 0.0866023479,
    "operatingIncome": 86486000,
    "operatingIncomeRatio": 0.0638263171,
    "totalOtherIncomeExpensesNet": -4425000,
    "incomeBeforeTax": 82061000,
    "incomeBeforeTaxRatio": 0.060560685,
    "incomeTaxExpense": 30299000,
    "netIncome": 51762000,
    "netIncomeRatio": 0.038200146,
    "eps": 0.095,
    "epsdiluted": 0.0925,
    "weightedAverageShsOut": 552108000,
    "weightedAverageShsOutDil": 558032000,
    "link": "https://www.sec.gov/Archives/edgar/data/48465/000110465905043451/0001104659-05-043451-index.htm",
    "finalLink": "https://www.sec.gov/Archives/edgar/data/48465/000110465905043451/a05-15973_110q.htm"
  },
  {
    "date": "2005-05-01",
    "symbol": "HRL",
    "reportedCurrency": "USD",
    "cik": "0000048465",
    "fillingDate": "2005-06-10",
    "acceptedDate": "2005-06-10 09:15:36",
    "calendarYear": "2005",
    "period": "Q2",
    "revenue": 1309637000,
    "costOfRevenue": 1006691000,
    "grossProfit": 302946000,
    "grossProfitRatio": 0.2313205873,
    "researchAndDevelopmentExpenses": 0,
    "generalAndAdministrativeExpenses": 0,
    "sellingAndMarketingExpenses": 0,
    "sellingGeneralAndAdministrativeExpenses": 208910000,
    "otherExpenses": -1000000,
    "operatingExpenses": 207910000,
    "costAndExpenses": 1214601000,
    "interestIncome": 0,
    "interestExpense": 0,
    "depreciationAndAmortization": 29569000,
    "ebitda": 124605000,
    "ebitdaratio": 0.0951446851,
    "operatingIncome": 95036000,
    "operatingIncomeRatio": 0.0725666731,
    "totalOtherIncomeExpensesNet": -5820000,
    "incomeBeforeTax": 89216000,
    "incomeBeforeTaxRatio": 0.0681226935,
    "incomeTaxExpense": 33238000,
    "netIncome": 55978000,
    "netIncomeRatio": 0.0427431418,
    "eps": 0.1,
    "epsdiluted": 0.1,
    "weightedAverageShsOut": 553320000,
    "weightedAverageShsOutDil": 559448000,
    "link": "https://www.sec.gov/Archives/edgar/data/48465/000110465905027661/0001104659-05-027661-index.htm",
    "finalLink": "https://www.sec.gov/Archives/edgar/data/48465/000110465905027661/a05-10542_110q.htm"
  },
  {
    "date": "2005-01-30",
    "symbol": "HRL",
    "reportedCurrency": "USD",
    "cik": "0000048465",
    "fillingDate": "2005-03-11",
    "acceptedDate": "2005-03-11 09:36:50",
    "calendarYear": "2005",
    "period": "Q1",
    "revenue": 1271431000,
    "costOfRevenue": 959363000,
    "grossProfit": 312068000,
    "grossProfitRatio": 0.2454462727,
    "researchAndDevelopmentExpenses": 0,
    "generalAndAdministrativeExpenses": 0,
    "sellingAndMarketingExpenses": 0,
    "sellingGeneralAndAdministrativeExpenses": 210139000,
    "otherExpenses": -2672000,
    "operatingExpenses": 207467000,
    "costAndExpenses": 1166830000,
    "interestIncome": 0,
    "interestExpense": 0,
    "depreciationAndAmortization": 26160000,
    "ebitda": 130761000,
    "ebitdaratio": 0.1028455339,
    "operatingIncome": 104601000,
    "operatingIncomeRatio": 0.0822702923,
    "totalOtherIncomeExpensesNet": -2169000,
    "incomeBeforeTax": 102432000,
    "incomeBeforeTaxRatio": 0.0805643405,
    "incomeTaxExpense": 38054000,
    "netIncome": 64633000,
    "netIncomeRatio": 0.0508348467,
    "eps": 0.12,
    "epsdiluted": 0.12,
    "weightedAverageShsOut": 552144000,
    "weightedAverageShsOutDil": 558504000,
    "link": "https://www.sec.gov/Archives/edgar/data/48465/000110465905010516/0001104659-05-010516-index.htm",
    "finalLink": "https://www.sec.gov/Archives/edgar/data/48465/000110465905010516/a05-4729_110q.htm"
  },
  {
    "date": "2004-10-30",
    "symbol": "HRL",
    "reportedCurrency": "USD",
    "cik": "0000048465",
    "fillingDate": "2005-01-13",
    "acceptedDate": "2005-01-13 12:32:35",
    "calendarYear": "2004",
    "period": "Q4",
    "revenue": 1345216000,
    "costOfRevenue": 1026334000,
    "grossProfit": 318882000,
    "grossProfitRatio": 0.23704892,
    "researchAndDevelopmentExpenses": 0,
    "generalAndAdministrativeExpenses": 0,
    "sellingAndMarketingExpenses": 0,
    "sellingGeneralAndAdministrativeExpenses": 204975000,
    "otherExpenses": -1282000,
    "operatingExpenses": 203693000,
    "costAndExpenses": 1230027000,
    "interestIncome": 0,
    "interestExpense": 0,
    "depreciationAndAmortization": 24917000,
    "ebitda": 140106000,
    "ebitdaratio": 0.1041513036,
    "operatingIncome": 115189000,
    "operatingIncomeRatio": 0.0856286277,
    "totalOtherIncomeExpensesNet": -5198000,
    "incomeBeforeTax": 109991000,
    "incomeBeforeTaxRatio": 0.0817645642,
    "incomeTaxExpense": 40148000,
    "netIncome": 69843000,
    "netIncomeRatio": 0.051919543,
    "eps": 0.12,
    "epsdiluted": 0.12,
    "weightedAverageShsOut": 553280000,
    "weightedAverageShsOutDil": 558700000,
    "link": "https://www.sec.gov/Archives/edgar/data/48465/000110465905001285/0001104659-05-001285-index.htm",
    "finalLink": "https://www.sec.gov/Archives/edgar/data/48465/000110465905001285/a05-1139_110k.htm"
  },
  {
    "date": "2004-07-24",
    "symbol": "HRL",
    "reportedCurrency": "USD",
    "cik": "0000048465",
    "fillingDate": "2004-09-02",
    "acceptedDate": "2004-09-02 13:43:48",
    "calendarYear": "2004",
    "period": "Q3",
    "revenue": 1155999000,
    "costOfRevenue": 899071000,
    "grossProfit": 256928000,
    "grossProfitRatio": 0.2222562476,
    "researchAndDevelopmentExpenses": 0,
    "generalAndAdministrativeExpenses": 0,
    "sellingAndMarketingExpenses": 0,
    "sellingGeneralAndAdministrativeExpenses": 180561000,
    "otherExpenses": -19094000,
    "operatingExpenses": 161467000,
    "costAndExpenses": 1060538000,
    "interestIncome": 0,
    "interestExpense": 0,
    "depreciationAndAmortization": 23428000,
    "ebitda": 118889000,
    "ebitdaratio": 0.1028452447,
    "operatingIncome": 95461000,
    "operatingIncomeRatio": 0.0825787912,
    "totalOtherIncomeExpensesNet": -6730000,
    "incomeBeforeTax": 88731000,
    "incomeBeforeTaxRatio": 0.0767569868,
    "incomeTaxExpense": 32388000,
    "netIncome": 56343000,
    "netIncomeRatio": 0.0487396615,
    "eps": 0.1,
    "epsdiluted": 0.1,
    "weightedAverageShsOut": 555304000,
    "weightedAverageShsOutDil": 562392000,
    "link": "https://www.sec.gov/Archives/edgar/data/48465/000110465904026707/0001104659-04-026707-index.htm",
    "finalLink": "https://www.sec.gov/Archives/edgar/data/48465/000110465904026707/a04-10095_110q.htm"
  },
  {
    "date": "2004-04-24",
    "symbol": "HRL",
    "reportedCurrency": "USD",
    "cik": "0000048465",
    "fillingDate": "2004-06-08",
    "acceptedDate": "2004-06-08 08:45:14",
    "calendarYear": "2004",
    "period": "Q2",
    "revenue": 1143127000,
    "costOfRevenue": 869708000,
    "grossProfit": 273419000,
    "grossProfitRatio": 0.2391851474,
    "researchAndDevelopmentExpenses": 0,
    "generalAndAdministrativeExpenses": 0,
    "sellingAndMarketingExpenses": 0,
    "sellingGeneralAndAdministrativeExpenses": 194388000,
    "otherExpenses": -2439000,
    "operatingExpenses": 191949000,
    "costAndExpenses": 1061657000,
    "interestIncome": 0,
    "interestExpense": 0,
    "depreciationAndAmortization": 23375000,
    "ebitda": 104845000,
    "ebitdaratio": 0.0917177182,
    "operatingIncome": 81470000,
    "operatingIncomeRatio": 0.0712694215,
    "totalOtherIncomeExpensesNet": 2757000,
    "incomeBeforeTax": 84227000,
    "incomeBeforeTaxRatio": 0.073681227,
    "incomeTaxExpense": 30576000,
    "netIncome": 53651000,
    "netIncomeRatio": 0.0469335428,
    "eps": 0.0975,
    "epsdiluted": 0.095,
    "weightedAverageShsOut": 554504000,
    "weightedAverageShsOutDil": 561168000,
    "link": "https://www.sec.gov/Archives/edgar/data/48465/000110465904016385/0001104659-04-016385-index.htm",
    "finalLink": "https://www.sec.gov/Archives/edgar/data/48465/000110465904016385/a04-6663_110q.htm"
  },
  {
    "date": "2004-01-24",
    "symbol": "HRL",
    "reportedCurrency": "USD",
    "cik": "0000048465",
    "fillingDate": "2004-03-09",
    "acceptedDate": "2004-03-09 09:03:22",
    "calendarYear": "2004",
    "period": "Q1",
    "revenue": 1135533000,
    "costOfRevenue": 863757000,
    "grossProfit": 271776000,
    "grossProfitRatio": 0.2393378264,
    "researchAndDevelopmentExpenses": 0,
    "generalAndAdministrativeExpenses": 0,
    "sellingAndMarketingExpenses": 0,
    "sellingGeneralAndAdministrativeExpenses": 188258000,
    "otherExpenses": -1706000,
    "operatingExpenses": 186552000,
    "costAndExpenses": 1050309000,
    "interestIncome": 0,
    "interestExpense": 0,
    "depreciationAndAmortization": 23025000,
    "ebitda": 108249000,
    "ebitdaratio": 0.0953288015,
    "operatingIncome": 85224000,
    "operatingIncomeRatio": 0.07505198,
    "totalOtherIncomeExpensesNet": -3608000,
    "incomeBeforeTax": 81616000,
    "incomeBeforeTaxRatio": 0.0718746175,
    "incomeTaxExpense": 29790000,
    "netIncome": 51826000,
    "netIncomeRatio": 0.0456402412,
    "eps": 0.0925,
    "epsdiluted": 0.0925,
    "weightedAverageShsOut": 554448000,
    "weightedAverageShsOutDil": 560408000,
    "link": "https://www.sec.gov/Archives/edgar/data/48465/000110465904006732/0001104659-04-006732-index.htm",
    "finalLink": "https://www.sec.gov/Archives/edgar/data/48465/000110465904006732/a04-3159_110q.htm"
  },
  {
    "date": "2003-10-25",
    "symbol": "HRL",
    "reportedCurrency": "USD",
    "cik": "0000048465",
    "fillingDate": "2004-01-23",
    "acceptedDate": "2004-01-23 09:12:00",
    "calendarYear": "2003",
    "period": "Q4",
    "revenue": 1169881000,
    "costOfRevenue": 874528000,
    "grossProfit": 295353000,
    "grossProfitRatio": 0.2524641395,
    "researchAndDevelopmentExpenses": 0,
    "generalAndAdministrativeExpenses": 0,
    "sellingAndMarketingExpenses": 0,
    "sellingGeneralAndAdministrativeExpenses": 179265000,
    "otherExpenses": -2174000,
    "operatingExpenses": 177091000,
    "costAndExpenses": 1051619000,
    "interestIncome": 0,
    "interestExpense": 0,
    "depreciationAndAmortization": 23366000,
    "ebitda": 141628000,
    "ebitdaratio": 0.1210618858,
    "operatingIncome": 118262000,
    "operatingIncomeRatio": 0.1010889142,
    "totalOtherIncomeExpensesNet": -6645000,
    "incomeBeforeTax": 111617000,
    "incomeBeforeTaxRatio": 0.0954088493,
    "incomeTaxExpense": 41252000,
    "netIncome": 70365000,
    "netIncomeRatio": 0.0601471432,
    "eps": 0.12,
    "epsdiluted": 0.12,
    "weightedAverageShsOut": 554216000,
    "weightedAverageShsOutDil": 564300000,
    "link": "https://www.sec.gov/Archives/edgar/data/48465/000104746904001632/0001047469-04-001632-index.htm",
    "finalLink": "https://www.sec.gov/Archives/edgar/data/48465/000104746904001632/a2125484z10-k.htm"
  },
  {
    "date": "2003-07-26",
    "symbol": "HRL",
    "reportedCurrency": "USD",
    "cik": "0000048465",
    "fillingDate": "2003-09-09",
    "acceptedDate": "2003-09-09 09:42:00",
    "calendarYear": "2003",
    "period": "Q3",
    "revenue": 1009395000,
    "costOfRevenue": 782208000,
    "grossProfit": 227187000,
    "grossProfitRatio": 0.2250724444,
    "researchAndDevelopmentExpenses": 0,
    "generalAndAdministrativeExpenses": 0,
    "sellingAndMarketingExpenses": 0,
    "sellingGeneralAndAdministrativeExpenses": 172996000,
    "otherExpenses": -1202000,
    "operatingExpenses": 171794000,
    "costAndExpenses": 954002000,
    "interestIncome": 0,
    "interestExpense": 0,
    "depreciationAndAmortization": 21831000,
    "ebitda": 77224000,
    "ebitdaratio": 0.0765052333,
    "operatingIncome": 55393000,
    "operatingIncomeRatio": 0.0548774266,
    "totalOtherIncomeExpensesNet": -1845000,
    "incomeBeforeTax": 53548000,
    "incomeBeforeTaxRatio": 0.053049599,
    "incomeTaxExpense": 18875000,
    "netIncome": 34673000,
    "netIncomeRatio": 0.0343502791,
    "eps": 0.0625,
    "epsdiluted": 0.0625,
    "weightedAverageShsOut": 553752000,
    "weightedAverageShsOutDil": 559260000,
    "link": "https://www.sec.gov/Archives/edgar/data/48465/000110465903020233/0001104659-03-020233-index.htm",
    "finalLink": "https://www.sec.gov/Archives/edgar/data/48465/000110465903020233/a03-3201_110q.htm"
  },
  {
    "date": "2003-04-26",
    "symbol": "HRL",
    "reportedCurrency": "USD",
    "cik": "0000048465",
    "fillingDate": "2003-06-10",
    "acceptedDate": "2003-06-10 08:49:57",
    "calendarYear": "2003",
    "period": "Q2",
    "revenue": 1002602000,
    "costOfRevenue": 764154000,
    "grossProfit": 238448000,
    "grossProfitRatio": 0.2378291685,
    "researchAndDevelopmentExpenses": 0,
    "generalAndAdministrativeExpenses": 0,
    "sellingAndMarketingExpenses": 0,
    "sellingGeneralAndAdministrativeExpenses": 180393000,
    "otherExpenses": -1629000,
    "operatingExpenses": 178764000,
    "costAndExpenses": 942918000,
    "interestIncome": 0,
    "interestExpense": 0,
    "depreciationAndAmortization": 22317000,
    "ebitda": 82001000,
    "ebitdaratio": 0.0817881871,
    "operatingIncome": 59684000,
    "operatingIncomeRatio": 0.0595291053,
    "totalOtherIncomeExpensesNet": -7403000,
    "incomeBeforeTax": 52281000,
    "incomeBeforeTaxRatio": 0.0521453179,
    "incomeTaxExpense": 18480000,
    "netIncome": 33801000,
    "netIncomeRatio": 0.0337132781,
    "eps": 0.06,
    "epsdiluted": 0.06,
    "weightedAverageShsOut": 553520000,
    "weightedAverageShsOutDil": 558132000,
    "link": "https://www.sec.gov/Archives/edgar/data/48465/000110465903011982/0001104659-03-011982-index.htm",
    "finalLink": "https://www.sec.gov/Archives/edgar/data/48465/000110465903011982/j0267_10q.htm"
  },
  {
    "date": "2003-01-25",
    "symbol": "HRL",
    "reportedCurrency": "USD",
    "cik": "0000048465",
    "fillingDate": "2003-03-11",
    "acceptedDate": "2003-03-11 11:31:04",
    "calendarYear": "2003",
    "period": "Q1",
    "revenue": 1018450000,
    "costOfRevenue": 766285000,
    "grossProfit": 252165000,
    "grossProfitRatio": 0.2475968383,
    "researchAndDevelopmentExpenses": 0,
    "generalAndAdministrativeExpenses": 0,
    "sellingAndMarketingExpenses": 0,
    "sellingGeneralAndAdministrativeExpenses": 175975000,
    "otherExpenses": -881000,
    "operatingExpenses": 175094000,
    "costAndExpenses": 941379000,
    "interestIncome": 0,
    "interestExpense": 0,
    "depreciationAndAmortization": 20506000,
    "ebitda": 97577000,
    "ebitdaratio": 0.0958093181,
    "operatingIncome": 77071000,
    "operatingIncomeRatio": 0.0756747999,
    "totalOtherIncomeExpensesNet": -5186000,
    "incomeBeforeTax": 71885000,
    "incomeBeforeTaxRatio": 0.0705827483,
    "incomeTaxExpense": 24945000,
    "netIncome": 46940000,
    "netIncomeRatio": 0.046089646,
    "eps": 0.085,
    "epsdiluted": 0.085,
    "weightedAverageShsOut": 553556000,
    "weightedAverageShsOutDil": 559000000,
    "link": "https://www.sec.gov/Archives/edgar/data/48465/000110465903003974/0001104659-03-003974-index.htm",
    "finalLink": "https://www.sec.gov/Archives/edgar/data/48465/000110465903003974/j8254_10q.htm"
  },
  {
    "date": "2002-10-26",
    "symbol": "HRL",
    "reportedCurrency": "USD",
    "cik": "0000048465",
    "fillingDate": "2003-01-24",
    "acceptedDate": "2003-01-24 16:57:19",
    "calendarYear": "2002",
    "period": "Q4",
    "revenue": 1038895000,
    "costOfRevenue": 773161000,
    "grossProfit": 265734000,
    "grossProfitRatio": 0.2557852333,
    "researchAndDevelopmentExpenses": 0,
    "generalAndAdministrativeExpenses": 0,
    "sellingAndMarketingExpenses": 0,
    "sellingGeneralAndAdministrativeExpenses": 157773000,
    "otherExpenses": -7741000,
    "operatingExpenses": 150032000,
    "costAndExpenses": 923193000,
    "interestIncome": 0,
    "interestExpense": 0,
    "depreciationAndAmortization": 20958000,
    "ebitda": 136660000,
    "ebitdaratio": 0.1315436112,
    "operatingIncome": 115702000,
    "operatingIncomeRatio": 0.111370254,
    "totalOtherIncomeExpensesNet": -11334000,
    "incomeBeforeTax": 104368000,
    "incomeBeforeTaxRatio": 0.1004605855,
    "incomeTaxExpense": 36398000,
    "netIncome": 67970000,
    "netIncomeRatio": 0.0654252836,
    "eps": 0.12,
    "epsdiluted": 0.12,
    "weightedAverageShsOut": 553876000,
    "weightedAverageShsOutDil": 558400000,
    "link": "https://www.sec.gov/Archives/edgar/data/48465/000104746903002563/0001047469-03-002563-index.htm",
    "finalLink": "https://www.sec.gov/Archives/edgar/data/48465/000104746903002563/a2100452z10-k.htm"
  },
  {
    "date": "2002-07-27",
    "symbol": "HRL",
    "reportedCurrency": "USD",
    "cik": "0000048465",
    "fillingDate": "2002-09-10",
    "acceptedDate": "2002-09-10 13:04:30",
    "calendarYear": "2002",
    "period": "Q3",
    "revenue": 933778000,
    "costOfRevenue": 706968000,
    "grossProfit": 226810000,
    "grossProfitRatio": 0.2428949922,
    "researchAndDevelopmentExpenses": 0,
    "generalAndAdministrativeExpenses": 0,
    "sellingAndMarketingExpenses": 0,
    "sellingGeneralAndAdministrativeExpenses": 164329000,
    "otherExpenses": 0,
    "operatingExpenses": 164329000,
    "costAndExpenses": 871297000,
    "interestIncome": 0,
    "interestExpense": 0,
    "depreciationAndAmortization": 20972000,
    "ebitda": 83453000,
    "ebitdaratio": 0.0893713495,
    "operatingIncome": 62481000,
    "operatingIncomeRatio": 0.0669120498,
    "totalOtherIncomeExpensesNet": -3727000,
    "incomeBeforeTax": 58754000,
    "incomeBeforeTaxRatio": 0.062920737,
    "incomeTaxExpense": 20493000,
    "netIncome": 38261000,
    "netIncomeRatio": 0.0409744072,
    "eps": 0.07,
    "epsdiluted": 0.0675,
    "weightedAverageShsOut": 555216000,
    "weightedAverageShsOutDil": 561036000,
    "link": "https://www.sec.gov/Archives/edgar/data/48465/000091205702035016/0000912057-02-035016-index.htm",
    "finalLink": "https://www.sec.gov/Archives/edgar/data/48465/000091205702035016/a2088920z10-q.htm"
  },
  {
    "date": "2002-04-27",
    "symbol": "HRL",
    "reportedCurrency": "USD",
    "cik": "0000048465",
    "fillingDate": "2002-06-11",
    "acceptedDate": "2002-06-11 14:47:00",
    "calendarYear": "2002",
    "period": "Q2",
    "revenue": 954627000,
    "costOfRevenue": 730570000,
    "grossProfit": 224057000,
    "grossProfitRatio": 0.2347063303,
    "researchAndDevelopmentExpenses": 0,
    "generalAndAdministrativeExpenses": 0,
    "sellingAndMarketingExpenses": 0,
    "sellingGeneralAndAdministrativeExpenses": 168554000,
    "otherExpenses": 0,
    "operatingExpenses": 168554000,
    "costAndExpenses": 899124000,
    "interestIncome": 0,
    "interestExpense": 0,
    "depreciationAndAmortization": 20648000,
    "ebitda": 76151000,
    "ebitdaratio": 0.0797704234,
    "operatingIncome": 55503000,
    "operatingIncomeRatio": 0.0581410331,
    "totalOtherIncomeExpensesNet": -3941000,
    "incomeBeforeTax": 51562000,
    "incomeBeforeTaxRatio": 0.0540127191,
    "incomeTaxExpense": 18822000,
    "netIncome": 32740000,
    "netIncomeRatio": 0.0342961178,
    "eps": 0.06,
    "epsdiluted": 0.0575,
    "weightedAverageShsOut": 555276000,
    "weightedAverageShsOutDil": 562412000,
    "link": "https://www.sec.gov/Archives/edgar/data/48465/000091205702023758/0000912057-02-023758-index.htm",
    "finalLink": "https://www.sec.gov/Archives/edgar/data/48465/000091205702023758/a2082029z10-q.htm"
  },
  {
    "date": "2002-01-26",
    "symbol": "HRL",
    "reportedCurrency": "USD",
    "cik": "0000048465",
    "fillingDate": "2002-03-12",
    "acceptedDate": "2002-03-12 00:00:00",
    "calendarYear": "2002",
    "period": "Q1",
    "revenue": 983014000,
    "costOfRevenue": 736762000,
    "grossProfit": 246252000,
    "grossProfitRatio": 0.2505071138,
    "researchAndDevelopmentExpenses": 0,
    "generalAndAdministrativeExpenses": 0,
    "sellingAndMarketingExpenses": 0,
    "sellingGeneralAndAdministrativeExpenses": 161688000,
    "otherExpenses": 0,
    "operatingExpenses": 161688000,
    "costAndExpenses": 898450000,
    "interestIncome": 0,
    "interestExpense": 0,
    "depreciationAndAmortization": 20660000,
    "ebitda": 105224000,
    "ebitdaratio": 0.1070422191,
    "operatingIncome": 84564000,
    "operatingIncomeRatio": 0.0860252245,
    "totalOtherIncomeExpensesNet": -5278000,
    "incomeBeforeTax": 79286000,
    "incomeBeforeTaxRatio": 0.0806560232,
    "incomeTaxExpense": 28935000,
    "netIncome": 50351000,
    "netIncomeRatio": 0.0512210406,
    "eps": 0.09,
    "epsdiluted": 0.09,
    "weightedAverageShsOut": 554932000,
    "weightedAverageShsOutDil": 554932000,
    "link": "https://www.sec.gov/Archives/edgar/data/48465/000091205702009522/0000912057-02-009522-index.htm",
    "finalLink": "https://www.sec.gov/Archives/edgar/data/48465/000091205702009522/a2072926z10-q.htm"
  },
  {
    "date": "2001-10-27",
    "symbol": "HRL",
    "reportedCurrency": "USD",
    "cik": "0000048465",
    "fillingDate": "2002-01-25",
    "acceptedDate": "2002-01-25 00:00:00",
    "calendarYear": "2001",
    "period": "Q4",
    "revenue": 1118722000,
    "costOfRevenue": 789909000,
    "grossProfit": 328813000,
    "grossProfitRatio": 0.2939184176,
    "researchAndDevelopmentExpenses": 0,
    "generalAndAdministrativeExpenses": 0,
    "sellingAndMarketingExpenses": 0,
    "sellingGeneralAndAdministrativeExpenses": 215433000,
    "otherExpenses": 0,
    "operatingExpenses": 215433000,
    "costAndExpenses": 1005342000,
    "interestIncome": 0,
    "interestExpense": 0,
    "depreciationAndAmortization": 26751000,
    "ebitda": 140131000,
    "ebitdaratio": 0.1252598948,
    "operatingIncome": 113380000,
    "operatingIncomeRatio": 0.1013477879,
    "totalOtherIncomeExpensesNet": -5453000,
    "incomeBeforeTax": 107927000,
    "incomeBeforeTaxRatio": 0.096473476,
    "incomeTaxExpense": 39124000,
    "netIncome": 68803000,
    "netIncomeRatio": 0.0615014275,
    "eps": 0.12,
    "epsdiluted": 0.12,
    "weightedAverageShsOut": 547306061,
    "weightedAverageShsOutDil": 561900000,
    "link": "https://www.sec.gov/Archives/edgar/data/48465/000091205702002668/0000912057-02-002668-index.htm",
    "finalLink": "https://www.sec.gov/Archives/edgar/data/48465/000091205702002668/a2068311z10-k.htm"
  },
  {
    "date": "2001-07-28",
    "symbol": "HRL",
    "reportedCurrency": "USD",
    "cik": "0000048465",
    "fillingDate": "2001-09-11",
    "acceptedDate": "2001-09-11 00:00:00",
    "calendarYear": "2001",
    "period": "Q3",
    "revenue": 976977000,
    "costOfRevenue": 766531000,
    "grossProfit": 210446000,
    "grossProfitRatio": 0.2154052757,
    "researchAndDevelopmentExpenses": 0,
    "generalAndAdministrativeExpenses": 0,
    "sellingAndMarketingExpenses": 0,
    "sellingGeneralAndAdministrativeExpenses": 153963000,
    "otherExpenses": 0,
    "operatingExpenses": 153963000,
    "costAndExpenses": 920494000,
    "interestIncome": 0,
    "interestExpense": 0,
    "depreciationAndAmortization": 24871000,
    "ebitda": 81354000,
    "ebitdaratio": 0.0832711517,
    "operatingIncome": 56483000,
    "operatingIncomeRatio": 0.0578140529,
    "totalOtherIncomeExpensesNet": -5569000,
    "incomeBeforeTax": 50914000,
    "incomeBeforeTaxRatio": 0.0521138164,
    "incomeTaxExpense": 17702000,
    "netIncome": 33212000,
    "netIncomeRatio": 0.033994659,
    "eps": 0.06,
    "epsdiluted": 0.06,
    "weightedAverageShsOut": 555160000,
    "weightedAverageShsOutDil": 561764000,
    "link": "https://www.sec.gov/Archives/edgar/data/48465/000091205701531954/0000912057-01-531954-index.htm",
    "finalLink": "https://www.sec.gov/Archives/edgar/data/48465/000091205701531954/a2058842z10-q.htm"
  },
  {
    "date": "2001-04-28",
    "symbol": "HRL",
    "reportedCurrency": "USD",
    "cik": "0000048465",
    "fillingDate": "2001-06-12",
    "acceptedDate": "2001-06-12 00:00:00",
    "calendarYear": "2001",
    "period": "Q2",
    "revenue": 1018406000,
    "costOfRevenue": 752419000,
    "grossProfit": 265987000,
    "grossProfitRatio": 0.261179726,
    "researchAndDevelopmentExpenses": 0,
    "generalAndAdministrativeExpenses": 0,
    "sellingAndMarketingExpenses": 0,
    "sellingGeneralAndAdministrativeExpenses": 201139000,
    "otherExpenses": 0,
    "operatingExpenses": 201139000,
    "costAndExpenses": 953558000,
    "interestIncome": 0,
    "interestExpense": 0,
    "depreciationAndAmortization": 21680000,
    "ebitda": 86528000,
    "ebitdaratio": 0.0849641499,
    "operatingIncome": 64848000,
    "operatingIncomeRatio": 0.0636759799,
    "totalOtherIncomeExpensesNet": -3822000,
    "incomeBeforeTax": 61026000,
    "incomeBeforeTaxRatio": 0.0599230562,
    "incomeTaxExpense": 22132000,
    "netIncome": 38894000,
    "netIncomeRatio": 0.0381910554,
    "eps": 0.07,
    "epsdiluted": 0.07,
    "weightedAverageShsOut": 555628571,
    "weightedAverageShsOutDil": 555628571,
    "link": "https://www.sec.gov/Archives/edgar/data/48465/000091205701519492/0000912057-01-519492-index.htm",
    "finalLink": "https://www.sec.gov/Archives/edgar/data/48465/000091205701519492/a2051682z10-q.htm"
  },
  {
    "date": "2001-01-27",
    "symbol": "HRL",
    "reportedCurrency": "USD",
    "cik": "0000048465",
    "fillingDate": "2001-03-14",
    "acceptedDate": "2001-03-14 00:00:00",
    "calendarYear": "2001",
    "period": "Q1",
    "revenue": 947493000,
    "costOfRevenue": 680478000,
    "grossProfit": 267015000,
    "grossProfitRatio": 0.2818121084,
    "researchAndDevelopmentExpenses": 0,
    "generalAndAdministrativeExpenses": 0,
    "sellingAndMarketingExpenses": 0,
    "sellingGeneralAndAdministrativeExpenses": 201420000,
    "otherExpenses": 0,
    "operatingExpenses": 201420000,
    "costAndExpenses": 881898000,
    "interestIncome": 0,
    "interestExpense": 0,
    "depreciationAndAmortization": 16891000,
    "ebitda": 82486000,
    "ebitdaratio": 0.0870571075,
    "operatingIncome": 65595000,
    "operatingIncomeRatio": 0.0692300629,
    "totalOtherIncomeExpensesNet": -448000,
    "incomeBeforeTax": 65147000,
    "incomeBeforeTaxRatio": 0.0687572362,
    "incomeTaxExpense": 23615000,
    "netIncome": 41532000,
    "netIncomeRatio": 0.0438335692,
    "eps": 0.075,
    "epsdiluted": 0.075,
    "weightedAverageShsOut": 554258404,
    "weightedAverageShsOutDil": 558336572,
    "link": "https://www.sec.gov/Archives/edgar/data/48465/000110465901500025/0001104659-01-500025-index.htm",
    "finalLink": "https://www.sec.gov/Archives/edgar/data/48465/000110465901500025/j0110_10-q.htm"
  },
  {
    "date": "2000-10-28",
    "symbol": "HRL",
    "reportedCurrency": "USD",
    "cik": "0000048465",
    "fillingDate": "2001-01-26",
    "acceptedDate": "2001-01-26 00:00:00",
    "calendarYear": "2000",
    "period": "Q4",
    "revenue": 1006181000,
    "costOfRevenue": 711924000,
    "grossProfit": 294257000,
    "grossProfitRatio": 0.2924493704,
    "researchAndDevelopmentExpenses": 0,
    "generalAndAdministrativeExpenses": 0,
    "sellingAndMarketingExpenses": 0,
    "sellingGeneralAndAdministrativeExpenses": 184077000,
    "otherExpenses": 16580000,
    "operatingExpenses": 200657000,
    "costAndExpenses": 912581000,
    "interestIncome": 0,
    "interestExpense": 0,
    "depreciationAndAmortization": 16580000,
    "ebitda": 110180000,
    "ebitdaratio": 0.109503161,
    "operatingIncome": 93600000,
    "operatingIncomeRatio": 0.0930250124,
    "totalOtherIncomeExpensesNet": 88000,
    "incomeBeforeTax": 93688000,
    "incomeBeforeTaxRatio": 0.0931124718,
    "incomeTaxExpense": 32709000,
    "netIncome": 60979000,
    "netIncomeRatio": 0.0606044042,
    "eps": 0.11,
    "epsdiluted": 0.11,
    "weightedAverageShsOut": 548392916,
    "weightedAverageShsOutDil": 559400000,
    "link": "https://www.sec.gov/Archives/edgar/data/48465/000091205701002984/0000912057-01-002984-index.htm",
    "finalLink": "https://www.sec.gov/Archives/edgar/data/48465/000091205701002984/a2033904z10-k.htm"
  },
  {
    "date": "2000-07-29",
    "symbol": "HRL",
    "reportedCurrency": "USD",
    "cik": "0000048465",
    "fillingDate": "2000-09-12",
    "acceptedDate": "2000-09-12 00:00:00",
    "calendarYear": "2000",
    "period": "Q3",
    "revenue": 886015000,
    "costOfRevenue": 649979000,
    "grossProfit": 236036000,
    "grossProfitRatio": 0.2664018104,
    "researchAndDevelopmentExpenses": 0,
    "generalAndAdministrativeExpenses": 0,
    "sellingAndMarketingExpenses": 0,
    "sellingGeneralAndAdministrativeExpenses": 173114000,
    "otherExpenses": 16650000,
    "operatingExpenses": 189764000,
    "costAndExpenses": 839743000,
    "interestIncome": 0,
    "interestExpense": 0,
    "depreciationAndAmortization": 16650000,
    "ebitda": 62922000,
    "ebitdaratio": 0.0710168564,
    "operatingIncome": 46272000,
    "operatingIncomeRatio": 0.0522248495,
    "totalOtherIncomeExpensesNet": -769000,
    "incomeBeforeTax": 45503000,
    "incomeBeforeTaxRatio": 0.0513569183,
    "incomeTaxExpense": 16367000,
    "netIncome": 29136000,
    "netIncomeRatio": 0.0328843191,
    "eps": 0.0525,
    "epsdiluted": 0.0525,
    "weightedAverageShsOut": 554971429,
    "weightedAverageShsOutDil": 554971429,
    "link": "https://www.sec.gov/Archives/edgar/data/48465/000091205700041014/0000912057-00-041014-index.htm",
    "finalLink": "https://www.sec.gov/Archives/edgar/data/48465/000091205700041014/a2025395z10-q.txt"
  },
  {
    "date": "2000-04-29",
    "symbol": "HRL",
    "reportedCurrency": "USD",
    "cik": "0000048465",
    "fillingDate": "2000-06-13",
    "acceptedDate": "2000-06-13 00:00:00",
    "calendarYear": "2000",
    "period": "Q2",
    "revenue": 879023000,
    "costOfRevenue": 622809000,
    "grossProfit": 256214000,
    "grossProfitRatio": 0.2914758772,
    "researchAndDevelopmentExpenses": 0,
    "generalAndAdministrativeExpenses": 0,
    "sellingAndMarketingExpenses": 0,
    "sellingGeneralAndAdministrativeExpenses": 184100000,
    "otherExpenses": 16100000,
    "operatingExpenses": 200200000,
    "costAndExpenses": 823009000,
    "interestIncome": 0,
    "interestExpense": 0,
    "depreciationAndAmortization": 16556000,
    "ebitda": 72570000,
    "ebitdaratio": 0.0825575668,
    "operatingIncome": 56014000,
    "operatingIncomeRatio": 0.0637230198,
    "totalOtherIncomeExpensesNet": 630000,
    "incomeBeforeTax": 56644000,
    "incomeBeforeTaxRatio": 0.0644397246,
    "incomeTaxExpense": 20390000,
    "netIncome": 36254000,
    "netIncomeRatio": 0.041243517,
    "eps": 0.065,
    "epsdiluted": 0.065,
    "weightedAverageShsOut": 557753846,
    "weightedAverageShsOutDil": 557753846,
    "link": "https://www.sec.gov/Archives/edgar/data/48465/000091205700028386/0000912057-00-028386-index.htm",
    "finalLink": "https://www.sec.gov/Archives/edgar/data/48465/000091205700028386/a10-q.txt"
  },
  {
    "date": "2000-01-29",
    "symbol": "HRL",
    "reportedCurrency": "USD",
    "cik": "0000048465",
    "fillingDate": "2000-03-14",
    "acceptedDate": "2000-03-14 00:00:00",
    "calendarYear": "2000",
    "period": "Q1",
    "revenue": 903900000,
    "costOfRevenue": 624700000,
    "grossProfit": 279200000,
    "grossProfitRatio": 0.3088837261,
    "researchAndDevelopmentExpenses": 0,
    "generalAndAdministrativeExpenses": 0,
    "sellingAndMarketingExpenses": 0,
    "sellingGeneralAndAdministrativeExpenses": 196400000,
    "otherExpenses": 16100000,
    "operatingExpenses": 212500000,
    "costAndExpenses": 837200000,
    "interestIncome": 0,
    "interestExpense": 0,
    "depreciationAndAmortization": 16100000,
    "ebitda": 82800000,
    "ebitdaratio": 0.0916030534,
    "operatingIncome": 66700000,
    "operatingIncomeRatio": 0.0737913486,
    "totalOtherIncomeExpensesNet": 1800000,
    "incomeBeforeTax": 68500000,
    "incomeBeforeTaxRatio": 0.0757827193,
    "incomeTaxExpense": 24700000,
    "netIncome": 43800000,
    "netIncomeRatio": 0.0484566877,
    "eps": 0.0775,
    "epsdiluted": 0.075,
    "weightedAverageShsOut": 565161290,
    "weightedAverageShsOutDil": 584000000,
    "link": "https://www.sec.gov/Archives/edgar/data/48465/000091205700011510/0000912057-00-011510-index.html",
    "finalLink": "https://www.sec.gov/Archives/edgar/data/48465/000091205700011510/"
  },
  {
    "date": "1999-10-30",
    "symbol": "HRL",
    "reportedCurrency": "USD",
    "cik": "0000048465",
    "fillingDate": "2000-01-28",
    "acceptedDate": "2000-01-28 00:00:00",
    "calendarYear": "1999",
    "period": "Q4",
    "revenue": 950900000,
    "costOfRevenue": 646000000,
    "grossProfit": 304900000,
    "grossProfitRatio": 0.3206436008,
    "researchAndDevelopmentExpenses": 0,
    "generalAndAdministrativeExpenses": 0,
    "sellingAndMarketingExpenses": 0,
    "sellingGeneralAndAdministrativeExpenses": 198900000,
    "otherExpenses": 16600000,
    "operatingExpenses": 215500000,
    "costAndExpenses": 861500000,
    "interestIncome": 0,
    "interestExpense": 0,
    "depreciationAndAmortization": 16600000,
    "ebitda": 106000000,
    "ebitdaratio": 0.111473341,
    "operatingIncome": 89400000,
    "operatingIncomeRatio": 0.0940161952,
    "totalOtherIncomeExpensesNet": 2400000,
    "incomeBeforeTax": 91800000,
    "incomeBeforeTaxRatio": 0.0965401199,
    "incomeTaxExpense": 32200000,
    "netIncome": 59600000,
    "netIncomeRatio": 0.0626774635,
    "eps": 0.1,
    "epsdiluted": 0.1,
    "weightedAverageShsOut": 579919517,
    "weightedAverageShsOutDil": 584800000,
    "link": "https://www.sec.gov/Archives/edgar/data/48465/000091205700002891/0000912057-00-002891-index.html",
    "finalLink": "https://www.sec.gov/Archives/edgar/data/48465/000091205700002891/0000912057-00-002891-d1.html"
  },
  {
    "date": "1999-07-31",
    "symbol": "HRL",
    "reportedCurrency": "USD",
    "cik": "0000048465",
    "fillingDate": "1999-09-10",
    "acceptedDate": "1999-09-10 00:00:00",
    "calendarYear": "1999",
    "period": "Q3",
    "revenue": 816800000,
    "costOfRevenue": 580000000,
    "grossProfit": 236800000,
    "grossProfitRatio": 0.2899118511,
    "researchAndDevelopmentExpenses": 0,
    "generalAndAdministrativeExpenses": 0,
    "sellingAndMarketingExpenses": 0,
    "sellingGeneralAndAdministrativeExpenses": 177600000,
    "otherExpenses": 15800000,
    "operatingExpenses": 193400000,
    "costAndExpenses": 773400000,
    "interestIncome": 0,
    "interestExpense": 0,
    "depreciationAndAmortization": 15800000,
    "ebitda": 59200000,
    "ebitdaratio": 0.0724779628,
    "operatingIncome": 43400000,
    "operatingIncomeRatio": 0.0531341822,
    "totalOtherIncomeExpensesNet": 2000000,
    "incomeBeforeTax": 45400000,
    "incomeBeforeTaxRatio": 0.055582762,
    "incomeTaxExpense": 15800000,
    "netIncome": 29600000,
    "netIncomeRatio": 0.0362389814,
    "eps": 0.0525,
    "epsdiluted": 0.05,
    "weightedAverageShsOut": 563809524,
    "weightedAverageShsOutDil": 592000000,
    "link": "https://www.sec.gov/Archives/edgar/data/48465/000004846599000010/0000048465-99-000010-index.html",
    "finalLink": "https://www.sec.gov/Archives/edgar/data/48465/000004846599000010/"
  },
  {
    "date": "1999-05-01",
    "symbol": "HRL",
    "reportedCurrency": "USD",
    "cik": "0000048465",
    "fillingDate": "1999-06-15",
    "acceptedDate": "1999-06-15 00:00:00",
    "calendarYear": "1999",
    "period": "Q2",
    "revenue": 791100000,
    "costOfRevenue": 548500000,
    "grossProfit": 242600000,
    "grossProfitRatio": 0.3066616104,
    "researchAndDevelopmentExpenses": 0,
    "generalAndAdministrativeExpenses": 0,
    "sellingAndMarketingExpenses": 0,
    "sellingGeneralAndAdministrativeExpenses": 177400000,
    "otherExpenses": 15600000,
    "operatingExpenses": 193000000,
    "costAndExpenses": 741500000,
    "interestIncome": 0,
    "interestExpense": 0,
    "depreciationAndAmortization": 15600000,
    "ebitda": 65200000,
    "ebitdaratio": 0.0824168879,
    "operatingIncome": 49600000,
    "operatingIncomeRatio": 0.0626975098,
    "totalOtherIncomeExpensesNet": -1200000,
    "incomeBeforeTax": 48400000,
    "incomeBeforeTaxRatio": 0.0611806346,
    "incomeTaxExpense": 16600000,
    "netIncome": 31800000,
    "netIncomeRatio": 0.0401971938,
    "eps": 0.055,
    "epsdiluted": 0.055,
    "weightedAverageShsOut": 578181818,
    "weightedAverageShsOutDil": 578181818,
    "link": "https://www.sec.gov/Archives/edgar/data/48465/000004846599000007/0000048465-99-000007-index.html",
    "finalLink": "https://www.sec.gov/Archives/edgar/data/48465/000004846599000007/"
  },
  {
    "date": "1999-01-30",
    "symbol": "HRL",
    "reportedCurrency": "USD",
    "cik": "0000048465",
    "fillingDate": "1999-03-16",
    "acceptedDate": "1999-03-16 00:00:00",
    "calendarYear": "1999",
    "period": "Q1",
    "revenue": 799000000,
    "costOfRevenue": 540500000,
    "grossProfit": 258500000,
    "grossProfitRatio": 0.3235294118,
    "researchAndDevelopmentExpenses": 0,
    "generalAndAdministrativeExpenses": 0,
    "sellingAndMarketingExpenses": 0,
    "sellingGeneralAndAdministrativeExpenses": 183300000,
    "otherExpenses": 16700000,
    "operatingExpenses": 200000000,
    "costAndExpenses": 740500000,
    "interestIncome": 0,
    "interestExpense": 0,
    "depreciationAndAmortization": 16700000,
    "ebitda": 75200000,
    "ebitdaratio": 0.0941176471,
    "operatingIncome": 58500000,
    "operatingIncomeRatio": 0.0732165207,
    "totalOtherIncomeExpensesNet": 7200000,
    "incomeBeforeTax": 65700000,
    "incomeBeforeTaxRatio": 0.0822277847,
    "incomeTaxExpense": 23300000,
    "netIncome": 42400000,
    "netIncomeRatio": 0.0530663329,
    "eps": 0.0725,
    "epsdiluted": 0.0725,
    "weightedAverageShsOut": 584827586,
    "weightedAverageShsOutDil": 584827586,
    "link": "https://www.sec.gov/Archives/edgar/data/48465/000004846599000006/0000048465-99-000006-index.html",
    "finalLink": "https://www.sec.gov/Archives/edgar/data/48465/"
  },
  {
    "date": "1998-10-31",
    "symbol": "HRL",
    "reportedCurrency": "USD",
    "cik": "0000048465",
    "fillingDate": "1999-01-29",
    "acceptedDate": "1999-01-29 00:00:00",
    "calendarYear": "1998",
    "period": "Q4",
    "revenue": 912000000,
    "costOfRevenue": 639200000,
    "grossProfit": 272800000,
    "grossProfitRatio": 0.299122807,
    "researchAndDevelopmentExpenses": 0,
    "generalAndAdministrativeExpenses": 0,
    "sellingAndMarketingExpenses": 0,
    "sellingGeneralAndAdministrativeExpenses": 190100000,
    "otherExpenses": 17100000,
    "operatingExpenses": 207200000,
    "costAndExpenses": 846400000,
    "interestIncome": 0,
    "interestExpense": 0,
    "depreciationAndAmortization": 17100000,
    "ebitda": 82700000,
    "ebitdaratio": 0.0906798246,
    "operatingIncome": 65600000,
    "operatingIncomeRatio": 0.0719298246,
    "totalOtherIncomeExpensesNet": 2100000,
    "incomeBeforeTax": 67700000,
    "incomeBeforeTaxRatio": 0.0742324561,
    "incomeTaxExpense": 22500000,
    "netIncome": 45200000,
    "netIncomeRatio": 0.0495614035,
    "eps": 0.0765,
    "epsdiluted": 0.0765,
    "weightedAverageShsOut": 591100000,
    "weightedAverageShsOutDil": 591100000,
    "link": "https://www.sec.gov/Archives/edgar/data/48465/000004846599000004/0000048465-99-000004-index.html",
    "finalLink": "https://www.sec.gov/Archives/edgar/data/48465/"
  },
  {
    "date": "1998-07-25",
    "symbol": "HRL",
    "reportedCurrency": "USD",
    "cik": "0000048465",
    "fillingDate": "1998-09-08",
    "acceptedDate": "1998-09-08 00:00:00",
    "calendarYear": "1998",
    "period": "Q3",
    "revenue": 755800000,
    "costOfRevenue": 546200000,
    "grossProfit": 209600000,
    "grossProfitRatio": 0.2773220429,
    "researchAndDevelopmentExpenses": 0,
    "generalAndAdministrativeExpenses": 0,
    "sellingAndMarketingExpenses": 0,
    "sellingGeneralAndAdministrativeExpenses": 161000000,
    "otherExpenses": 14900000,
    "operatingExpenses": 175900000,
    "costAndExpenses": 722100000,
    "interestIncome": 0,
    "interestExpense": 0,
    "depreciationAndAmortization": 14900000,
    "ebitda": 48600000,
    "ebitdaratio": 0.0643027256,
    "operatingIncome": 33700000,
    "operatingIncomeRatio": 0.0445885155,
    "totalOtherIncomeExpensesNet": 200000,
    "incomeBeforeTax": 33900000,
    "incomeBeforeTaxRatio": 0.0448531358,
    "incomeTaxExpense": 12900000,
    "netIncome": 21000000,
    "netIncomeRatio": 0.0277851283,
    "eps": 0.035,
    "epsdiluted": 0.035,
    "weightedAverageShsOut": 600000000,
    "weightedAverageShsOutDil": 600000000,
    "link": "https://www.sec.gov/Archives/edgar/data/48465/000004846598000014/0000048465-98-000014-index.html",
    "finalLink": "https://www.sec.gov/Archives/edgar/data/48465/"
  },
  {
    "date": "1998-04-25",
    "symbol": "HRL",
    "reportedCurrency": "USD",
    "cik": "0000048465",
    "fillingDate": "1998-06-09",
    "acceptedDate": "1998-06-09 00:00:00",
    "calendarYear": "1998",
    "period": "Q2",
    "revenue": 778300000,
    "costOfRevenue": 563600000,
    "grossProfit": 214700000,
    "grossProfitRatio": 0.2758576384,
    "researchAndDevelopmentExpenses": 0,
    "generalAndAdministrativeExpenses": 0,
    "sellingAndMarketingExpenses": 0,
    "sellingGeneralAndAdministrativeExpenses": 162600000,
    "otherExpenses": 14200000,
    "operatingExpenses": 176800000,
    "costAndExpenses": 740400000,
    "interestIncome": 0,
    "interestExpense": 0,
    "depreciationAndAmortization": 14200000,
    "ebitda": 52100000,
    "ebitdaratio": 0.0669407683,
    "operatingIncome": 37900000,
    "operatingIncomeRatio": 0.0486958756,
    "totalOtherIncomeExpensesNet": 2500000,
    "incomeBeforeTax": 40400000,
    "incomeBeforeTaxRatio": 0.0519080046,
    "incomeTaxExpense": 14100000,
    "netIncome": 26300000,
    "netIncomeRatio": 0.0337915971,
    "eps": 0.045,
    "epsdiluted": 0.0425,
    "weightedAverageShsOut": 584444444,
    "weightedAverageShsOutDil": 618823529,
    "link": "https://www.sec.gov/Archives/edgar/data/48465/000004846598000011/0000048465-98-000011-index.html",
    "finalLink": "https://www.sec.gov/Archives/edgar/data/48465/"
  },
  {
    "date": "1998-01-24",
    "symbol": "HRL",
    "reportedCurrency": "USD",
    "cik": "0000048465",
    "fillingDate": "1998-03-10",
    "acceptedDate": "1998-03-10 00:00:00",
    "calendarYear": "1998",
    "period": "Q1",
    "revenue": 814900000,
    "costOfRevenue": 591100000,
    "grossProfit": 223800000,
    "grossProfitRatio": 0.2746349245,
    "researchAndDevelopmentExpenses": 0,
    "generalAndAdministrativeExpenses": 0,
    "sellingAndMarketingExpenses": 0,
    "sellingGeneralAndAdministrativeExpenses": 163600000,
    "otherExpenses": 14100000,
    "operatingExpenses": 177700000,
    "costAndExpenses": 768800000,
    "interestIncome": 0,
    "interestExpense": 0,
    "depreciationAndAmortization": 14100000,
    "ebitda": 60200000,
    "ebitdaratio": 0.073874095,
    "operatingIncome": 46100000,
    "operatingIncomeRatio": 0.0565713584,
    "totalOtherIncomeExpensesNet": 29200000,
    "incomeBeforeTax": 75300000,
    "incomeBeforeTaxRatio": 0.0924039759,
    "incomeTaxExpense": 28500000,
    "netIncome": 46800000,
    "netIncomeRatio": 0.0574303596,
    "eps": 0.0775,
    "epsdiluted": 0.0775,
    "weightedAverageShsOut": 603870968,
    "weightedAverageShsOutDil": 603870968,
    "link": "https://www.sec.gov/Archives/edgar/data/48465/000004846598000006/0000048465-98-000006-index.html",
    "finalLink": "https://www.sec.gov/Archives/edgar/data/48465/"
  },
  {
    "date": "1997-10-26",
    "symbol": "HRL",
    "reportedCurrency": "USD",
    "cik": "0000048465",
    "fillingDate": "1998-01-23",
    "acceptedDate": "1998-01-23 00:00:00",
    "calendarYear": "1997",
    "period": "Q4",
    "revenue": 868200000,
    "costOfRevenue": 637800000,
    "grossProfit": 230400000,
    "grossProfitRatio": 0.2653766413,
    "researchAndDevelopmentExpenses": 0,
    "generalAndAdministrativeExpenses": 0,
    "sellingAndMarketingExpenses": 0,
    "sellingGeneralAndAdministrativeExpenses": 150000000,
    "otherExpenses": 14700000,
    "operatingExpenses": 164700000,
    "costAndExpenses": 802500000,
    "interestIncome": 0,
    "interestExpense": 0,
    "depreciationAndAmortization": 14700000,
    "ebitda": 80400000,
    "ebitdaratio": 0.0926053905,
    "operatingIncome": 65700000,
    "operatingIncomeRatio": 0.0756738079,
    "totalOtherIncomeExpensesNet": 3100000,
    "incomeBeforeTax": 68800000,
    "incomeBeforeTaxRatio": 0.0792444137,
    "incomeTaxExpense": 24100000,
    "netIncome": 44700000,
    "netIncomeRatio": 0.0514858328,
    "eps": 0.0727,
    "epsdiluted": 0.0727,
    "weightedAverageShsOut": 614600000,
    "weightedAverageShsOutDil": 614600000,
    "link": "https://www.sec.gov/Archives/edgar/data/48465/000004846598000002/0000048465-98-000002-index.html",
    "finalLink": "https://www.sec.gov/Archives/edgar/data/48465/"
  },
  {
    "date": "1997-07-26",
    "symbol": "HRL",
    "reportedCurrency": "USD",
    "cik": "0000048465",
    "fillingDate": "1997-08-28",
    "acceptedDate": "1997-08-28 00:00:00",
    "calendarYear": "1997",
    "period": "Q3",
    "revenue": 779700000,
    "costOfRevenue": 596600000,
    "grossProfit": 183100000,
    "grossProfitRatio": 0.2348339105,
    "researchAndDevelopmentExpenses": 0,
    "generalAndAdministrativeExpenses": 0,
    "sellingAndMarketingExpenses": 0,
    "sellingGeneralAndAdministrativeExpenses": 142000000,
    "otherExpenses": 12900000,
    "operatingExpenses": 154900000,
    "costAndExpenses": 751500000,
    "interestIncome": 0,
    "interestExpense": 0,
    "depreciationAndAmortization": 12900000,
    "ebitda": 41100000,
    "ebitdaratio": 0.0527125818,
    "operatingIncome": 28200000,
    "operatingIncomeRatio": 0.0361677568,
    "totalOtherIncomeExpensesNet": 0,
    "incomeBeforeTax": 28200000,
    "incomeBeforeTaxRatio": 0.0361677568,
    "incomeTaxExpense": 10000000,
    "netIncome": 18200000,
    "netIncomeRatio": 0.0233423111,
    "eps": 0.03,
    "epsdiluted": 0.03,
    "weightedAverageShsOut": 606666667,
    "weightedAverageShsOutDil": 606666667,
    "link": "https://www.sec.gov/Archives/edgar/data/48465/000004846597000011/0000048465-97-000011-index.html",
    "finalLink": "https://www.sec.gov/Archives/edgar/data/48465/"
  },
  {
    "date": "1997-04-26",
    "symbol": "HRL",
    "reportedCurrency": "USD",
    "cik": "0000048465",
    "fillingDate": "1997-06-11",
    "acceptedDate": "1997-06-11 00:00:00",
    "calendarYear": "1997",
    "period": "Q2",
    "revenue": 798500000,
    "costOfRevenue": 595900000,
    "grossProfit": 202600000,
    "grossProfitRatio": 0.2537257358,
    "researchAndDevelopmentExpenses": 0,
    "generalAndAdministrativeExpenses": 0,
    "sellingAndMarketingExpenses": 0,
    "sellingGeneralAndAdministrativeExpenses": 148300000,
    "otherExpenses": 12900000,
    "operatingExpenses": 161200000,
    "costAndExpenses": 757100000,
    "interestIncome": 0,
    "interestExpense": 0,
    "depreciationAndAmortization": 12900000,
    "ebitda": 54300000,
    "ebitdaratio": 0.0680025047,
    "operatingIncome": 41400000,
    "operatingIncomeRatio": 0.0518472135,
    "totalOtherIncomeExpensesNet": -500000,
    "incomeBeforeTax": 40900000,
    "incomeBeforeTaxRatio": 0.0512210394,
    "incomeTaxExpense": 15200000,
    "netIncome": 25700000,
    "netIncomeRatio": 0.0321853475,
    "eps": 0.0425,
    "epsdiluted": 0.0425,
    "weightedAverageShsOut": 604705882,
    "weightedAverageShsOutDil": 604705882,
    "link": "https://www.sec.gov/Archives/edgar/data/48465/000004846597000010/0000048465-97-000010-index.html",
    "finalLink": "https://www.sec.gov/Archives/edgar/data/48465/"
  },
  {
    "date": "1997-01-25",
    "symbol": "HRL",
    "reportedCurrency": "USD",
    "cik": "0000048465",
    "fillingDate": "1997-03-11",
    "acceptedDate": "1997-03-11 00:00:00",
    "calendarYear": "1997",
    "period": "Q1",
    "revenue": 810300000,
    "costOfRevenue": 614400000,
    "grossProfit": 195900000,
    "grossProfitRatio": 0.2417623103,
    "researchAndDevelopmentExpenses": 0,
    "generalAndAdministrativeExpenses": 0,
    "sellingAndMarketingExpenses": 0,
    "sellingGeneralAndAdministrativeExpenses": 150400000,
    "otherExpenses": 12400000,
    "operatingExpenses": 162800000,
    "costAndExpenses": 777200000,
    "interestIncome": 0,
    "interestExpense": 0,
    "depreciationAndAmortization": 12400000,
    "ebitda": 45500000,
    "ebitdaratio": 0.0561520425,
    "operatingIncome": 33100000,
    "operatingIncomeRatio": 0.0408490682,
    "totalOtherIncomeExpensesNet": 0,
    "incomeBeforeTax": 33100000,
    "incomeBeforeTaxRatio": 0.0408490682,
    "incomeTaxExpense": 12100000,
    "netIncome": 21000000,
    "netIncomeRatio": 0.0259163273,
    "eps": 0.035,
    "epsdiluted": 0.035,
    "weightedAverageShsOut": 600000000,
    "weightedAverageShsOutDil": 600000000,
    "link": "https://www.sec.gov/Archives/edgar/data/48465/000004846597000006/0000048465-97-000006-index.html",
    "finalLink": "https://www.sec.gov/Archives/edgar/data/48465/"
  },
  {
    "date": "1996-10-26",
    "symbol": "HRL",
    "reportedCurrency": "USD",
    "cik": "0000048465",
    "fillingDate": "1997-01-24",
    "acceptedDate": "1997-01-24 00:00:00",
    "calendarYear": "1996",
    "period": "Q4",
    "revenue": 877800000,
    "costOfRevenue": 667600000,
    "grossProfit": 210200000,
    "grossProfitRatio": 0.2394622921,
    "researchAndDevelopmentExpenses": 0,
    "generalAndAdministrativeExpenses": 0,
    "sellingAndMarketingExpenses": 0,
    "sellingGeneralAndAdministrativeExpenses": 145000000,
    "otherExpenses": 11700000,
    "operatingExpenses": 156700000,
    "costAndExpenses": 824300000,
    "interestIncome": 0,
    "interestExpense": 0,
    "depreciationAndAmortization": 11700000,
    "ebitda": 65200000,
    "ebitdaratio": 0.0742766006,
    "operatingIncome": 53500000,
    "operatingIncomeRatio": 0.0609478241,
    "totalOtherIncomeExpensesNet": -5600000,
    "incomeBeforeTax": 47900000,
    "incomeBeforeTaxRatio": 0.0545682388,
    "incomeTaxExpense": 17700000,
    "netIncome": 30200000,
    "netIncomeRatio": 0.0344041923,
    "eps": 0.0496,
    "epsdiluted": 0.0496,
    "weightedAverageShsOut": 598076923,
    "weightedAverageShsOutDil": 608800000,
    "link": "https://www.sec.gov/Archives/edgar/data/48465/000004846597000004/0000048465-97-000004-index.html",
    "finalLink": "https://www.sec.gov/Archives/edgar/data/48465/"
  },
  {
    "date": "1996-07-27",
    "symbol": "HRL",
    "reportedCurrency": "USD",
    "cik": "0000048465",
    "fillingDate": "1996-09-10",
    "acceptedDate": "1996-09-10 00:00:00",
    "calendarYear": "1996",
    "period": "Q3",
    "revenue": 749900000,
    "costOfRevenue": 593100000,
    "grossProfit": 156800000,
    "grossProfitRatio": 0.2090945459,
    "researchAndDevelopmentExpenses": 0,
    "generalAndAdministrativeExpenses": 0,
    "sellingAndMarketingExpenses": 0,
    "sellingGeneralAndAdministrativeExpenses": 140700000,
    "otherExpenses": 10800000,
    "operatingExpenses": 151500000,
    "costAndExpenses": 744600000,
    "interestIncome": 0,
    "interestExpense": 0,
    "depreciationAndAmortization": 10800000,
    "ebitda": 16100000,
    "ebitdaratio": 0.0214695293,
    "operatingIncome": 5300000,
    "operatingIncomeRatio": 0.007067609,
    "totalOtherIncomeExpensesNet": 1400000,
    "incomeBeforeTax": 6700000,
    "incomeBeforeTaxRatio": 0.0089345246,
    "incomeTaxExpense": 2700000,
    "netIncome": 4000000,
    "netIncomeRatio": 0.0053340445,
    "eps": 0.0075,
    "epsdiluted": 0.0075,
    "weightedAverageShsOut": 533333333,
    "weightedAverageShsOutDil": 533333333,
    "link": "https://www.sec.gov/Archives/edgar/data/48465/000004846596000016/0000048465-96-000016-index.html",
    "finalLink": "https://www.sec.gov/Archives/edgar/data/48465/"
  },
  {
    "date": "1996-04-27",
    "symbol": "HRL",
    "reportedCurrency": "USD",
    "cik": "0000048465",
    "fillingDate": "1996-06-11",
    "acceptedDate": "1996-06-11 00:00:00",
    "calendarYear": "1996",
    "period": "Q2",
    "revenue": 746700000,
    "costOfRevenue": 557900000,
    "grossProfit": 188800000,
    "grossProfitRatio": 0.2528458551,
    "researchAndDevelopmentExpenses": 0,
    "generalAndAdministrativeExpenses": 0,
    "sellingAndMarketingExpenses": 0,
    "sellingGeneralAndAdministrativeExpenses": 142800000,
    "otherExpenses": 10300000,
    "operatingExpenses": 153100000,
    "costAndExpenses": 711000000,
    "interestIncome": 0,
    "interestExpense": 0,
    "depreciationAndAmortization": 10300000,
    "ebitda": 46000000,
    "ebitdaratio": 0.0616043927,
    "operatingIncome": 35700000,
    "operatingIncomeRatio": 0.0478103656,
    "totalOtherIncomeExpensesNet": 2200000,
    "incomeBeforeTax": 37900000,
    "incomeBeforeTaxRatio": 0.0507566626,
    "incomeTaxExpense": 13400000,
    "netIncome": 24500000,
    "netIncomeRatio": 0.0328110352,
    "eps": 0.04,
    "epsdiluted": 0.04,
    "weightedAverageShsOut": 612500000,
    "weightedAverageShsOutDil": 612500000,
    "link": "https://www.sec.gov/Archives/edgar/data/48465/000004846596000008/0000048465-96-000008-index.html",
    "finalLink": "https://www.sec.gov/Archives/edgar/data/48465/"
  },
  {
    "date": "1996-01-27",
    "symbol": "HRL",
    "reportedCurrency": "USD",
    "cik": "0000048465",
    "fillingDate": "1996-03-12",
    "acceptedDate": "1996-03-12 00:00:00",
    "calendarYear": "1996",
    "period": "Q1",
    "revenue": 724400000,
    "costOfRevenue": 537000000,
    "grossProfit": 187400000,
    "grossProfitRatio": 0.2586968526,
    "researchAndDevelopmentExpenses": 0,
    "generalAndAdministrativeExpenses": 0,
    "sellingAndMarketingExpenses": 0,
    "sellingGeneralAndAdministrativeExpenses": 150300000,
    "otherExpenses": 9900000,
    "operatingExpenses": 160200000,
    "costAndExpenses": 697200000,
    "interestIncome": 0,
    "interestExpense": 0,
    "depreciationAndAmortization": 9900000,
    "ebitda": 37100000,
    "ebitdaratio": 0.0512147985,
    "operatingIncome": 27200000,
    "operatingIncomeRatio": 0.0375483158,
    "totalOtherIncomeExpensesNet": 5900000,
    "incomeBeforeTax": 33100000,
    "incomeBeforeTaxRatio": 0.0456929873,
    "incomeTaxExpense": 12400000,
    "netIncome": 20700000,
    "netIncomeRatio": 0.0285753727,
    "eps": 0.035,
    "epsdiluted": 0.035,
    "weightedAverageShsOut": 591428571,
    "weightedAverageShsOutDil": 591428571,
    "link": "https://www.sec.gov/Archives/edgar/data/48465/000004846596000005/0000048465-96-000005-index.html",
    "finalLink": "https://www.sec.gov/Archives/edgar/data/48465/"
  },
  {
    "date": "1995-10-31",
    "symbol": "HRL",
    "reportedCurrency": "USD",
    "cik": "0000048465",
    "fillingDate": "1995-10-31",
    "acceptedDate": "1995-10-31 00:00:00",
    "calendarYear": "1995",
    "period": "Q4",
    "revenue": 835100000,
    "costOfRevenue": 626900000,
    "grossProfit": 208200000,
    "grossProfitRatio": 0.2493114597,
    "researchAndDevelopmentExpenses": 0,
    "generalAndAdministrativeExpenses": 0,
    "sellingAndMarketingExpenses": 0,
    "sellingGeneralAndAdministrativeExpenses": 139800000,
    "otherExpenses": 9500000,
    "operatingExpenses": 149300000,
    "costAndExpenses": 776200000,
    "interestIncome": 0,
    "interestExpense": 0,
    "depreciationAndAmortization": 9500000,
    "ebitda": 68400000,
    "ebitdaratio": 0.0819063585,
    "operatingIncome": 58900000,
    "operatingIncomeRatio": 0.0705304754,
    "totalOtherIncomeExpensesNet": 3200000,
    "incomeBeforeTax": 62100000,
    "incomeBeforeTaxRatio": 0.0743623518,
    "incomeTaxExpense": 23600000,
    "netIncome": 38500000,
    "netIncomeRatio": 0.0461022632,
    "eps": 0.0628,
    "epsdiluted": 0.0628,
    "weightedAverageShsOut": 615100000,
    "weightedAverageShsOutDil": 615100000,
    "link": null,
    "finalLink": null
  }
]