[
  {
    "date": "2025-06-28",
    "symbol": "HSIC",
    "reportedCurrency": "USD",
    "cik": "0001000228",
    "fillingDate": "2025-08-05",
    "acceptedDate": "2025-08-05 15:03:18",
    "calendarYear": "2025",
    "period": "Q2",
    "revenue": 3240000000,
    "costOfRevenue": 2288000000,
    "grossProfit": 952000000,
    "grossProfitRatio": 0.2938271605,
    "researchAndDevelopmentExpenses": 0,
    "generalAndAdministrativeExpenses": 0,
    "sellingAndMarketingExpenses": 0,
    "sellingGeneralAndAdministrativeExpenses": 778000000,
    "otherExpenses": 0,
    "operatingExpenses": 778000000,
    "costAndExpenses": 3066000000,
    "interestIncome": 9000000,
    "interestExpense": 38000000,
    "depreciationAndAmortization": 76000000,
    "ebitda": 235000000,
    "ebitdaratio": 0.0725308642,
    "operatingIncome": 174000000,
    "operatingIncomeRatio": 0.0537037037,
    "totalOtherIncomeExpensesNet": -49000000,
    "incomeBeforeTax": 125000000,
    "incomeBeforeTaxRatio": 0.0385802469,
    "incomeTaxExpense": 31000000,
    "netIncome": 86000000,
    "netIncomeRatio": 0.0265432099,
    "eps": 0.71,
    "epsdiluted": 0.7,
    "weightedAverageShsOut": 121928000,
    "weightedAverageShsOutDil": 122637000,
    "link": "https://www.sec.gov/Archives/edgar/data/1000228/000100022825000045/0001000228-25-000045-index.htm",
    "finalLink": "https://www.sec.gov/Archives/edgar/data/1000228/000100022825000045/hsic-20250628.htm"
  },
  {
    "date": "2025-03-29",
    "symbol": "HSIC",
    "reportedCurrency": "USD",
    "cik": "0001000228",
    "fillingDate": "2025-05-05",
    "acceptedDate": "2025-05-05 13:41:33",
    "calendarYear": "2025",
    "period": "Q1",
    "revenue": 3168000000,
    "costOfRevenue": 2168000000,
    "grossProfit": 1000000000,
    "grossProfitRatio": 0.3156565657,
    "researchAndDevelopmentExpenses": 0,
    "generalAndAdministrativeExpenses": 0,
    "sellingAndMarketingExpenses": 0,
    "sellingGeneralAndAdministrativeExpenses": 738000000,
    "otherExpenses": 87000000,
    "operatingExpenses": 825000000,
    "costAndExpenses": 2993000000,
    "interestIncome": 6000000,
    "interestExpense": 35000000,
    "depreciationAndAmortization": 73000000,
    "ebitda": 253000000,
    "ebitdaratio": 0.0798611111,
    "operatingIncome": 175000000,
    "operatingIncomeRatio": 0.055239899,
    "totalOtherIncomeExpensesNet": -27000000,
    "incomeBeforeTax": 148000000,
    "incomeBeforeTaxRatio": 0.0467171717,
    "incomeTaxExpense": 35000000,
    "netIncome": 110000000,
    "netIncomeRatio": 0.0347222222,
    "eps": 0.89,
    "epsdiluted": 0.88,
    "weightedAverageShsOut": 123776000,
    "weightedAverageShsOutDil": 124848000,
    "link": "https://www.sec.gov/Archives/edgar/data/1000228/000100022825000025/0001000228-25-000025-index.htm",
    "finalLink": "https://www.sec.gov/Archives/edgar/data/1000228/000100022825000025/hsic-20250329.htm"
  },
  {
    "date": "2024-12-28",
    "symbol": "HSIC",
    "reportedCurrency": "USD",
    "cik": "0001000228",
    "fillingDate": "2025-02-25",
    "acceptedDate": "2025-02-25 15:08:48",
    "calendarYear": "2024",
    "period": "Q4",
    "revenue": 3191000000,
    "costOfRevenue": 2198000000,
    "grossProfit": 993000000,
    "grossProfitRatio": 0.3111877154,
    "researchAndDevelopmentExpenses": 0,
    "generalAndAdministrativeExpenses": 0,
    "sellingAndMarketingExpenses": 0,
    "sellingGeneralAndAdministrativeExpenses": 738000000,
    "otherExpenses": 100000000,
    "operatingExpenses": 838000000,
    "costAndExpenses": 3036000000,
    "interestIncome": 6000000,
    "interestExpense": 35000000,
    "depreciationAndAmortization": 76000000,
    "ebitda": 237000000,
    "ebitdaratio": 0.0742713883,
    "operatingIncome": 155000000,
    "operatingIncomeRatio": 0.0485741147,
    "totalOtherIncomeExpensesNet": -28000000,
    "incomeBeforeTax": 127000000,
    "incomeBeforeTaxRatio": 0.0397994359,
    "incomeTaxExpense": 31000000,
    "netIncome": 94000000,
    "netIncomeRatio": 0.0294578502,
    "eps": 0.74,
    "epsdiluted": 0.74,
    "weightedAverageShsOut": 126456856,
    "weightedAverageShsOutDil": 127417081,
    "link": "https://www.sec.gov/Archives/edgar/data/1000228/000100022825000014/0001000228-25-000014-index.htm",
    "finalLink": "https://www.sec.gov/Archives/edgar/data/1000228/000100022825000014/hsic-20241228.htm"
  },
  {
    "date": "2024-09-28",
    "symbol": "HSIC",
    "reportedCurrency": "USD",
    "cik": "0001000228",
    "fillingDate": "2024-11-05",
    "acceptedDate": "2024-11-05 14:46:29",
    "calendarYear": "2024",
    "period": "Q3",
    "revenue": 3174000000,
    "costOfRevenue": 2181000000,
    "grossProfit": 993000000,
    "grossProfitRatio": 0.3128544423,
    "researchAndDevelopmentExpenses": 0,
    "generalAndAdministrativeExpenses": 0,
    "sellingAndMarketingExpenses": 0,
    "sellingGeneralAndAdministrativeExpenses": 724000000,
    "otherExpenses": 112000000,
    "operatingExpenses": 836000000,
    "costAndExpenses": 3017000000,
    "interestIncome": 7000000,
    "interestExpense": 34000000,
    "depreciationAndAmortization": 74000000,
    "ebitda": 236000000,
    "ebitdaratio": 0.0743541273,
    "operatingIncome": 157000000,
    "operatingIncomeRatio": 0.0494643982,
    "totalOtherIncomeExpensesNet": -26000000,
    "incomeBeforeTax": 131000000,
    "incomeBeforeTaxRatio": 0.0412728418,
    "incomeTaxExpense": 32000000,
    "netIncome": 99000000,
    "netIncomeRatio": 0.0311909263,
    "eps": 0.78,
    "epsdiluted": 0.78,
    "weightedAverageShsOut": 126124715,
    "weightedAverageShsOutDil": 127054934,
    "link": "https://www.sec.gov/Archives/edgar/data/1000228/000100022824000064/0001000228-24-000064-index.htm",
    "finalLink": "https://www.sec.gov/Archives/edgar/data/1000228/000100022824000064/hsic-20240928.htm"
  },
  {
    "date": "2024-06-29",
    "symbol": "HSIC",
    "reportedCurrency": "USD",
    "cik": "0001000228",
    "fillingDate": "2024-08-06",
    "acceptedDate": "2024-08-06 14:01:04",
    "calendarYear": "2024",
    "period": "Q2",
    "revenue": 3136000000,
    "costOfRevenue": 2181000000,
    "grossProfit": 955000000,
    "grossProfitRatio": 0.3045280612,
    "researchAndDevelopmentExpenses": 0,
    "generalAndAdministrativeExpenses": 0,
    "sellingAndMarketingExpenses": 0,
    "sellingGeneralAndAdministrativeExpenses": 781000000,
    "otherExpenses": 0,
    "operatingExpenses": 781000000,
    "costAndExpenses": 2977000000,
    "interestIncome": 6000000,
    "interestExpense": 32000000,
    "depreciationAndAmortization": 74000000,
    "ebitda": 252000000,
    "ebitdaratio": 0.0803571429,
    "operatingIncome": 159000000,
    "operatingIncomeRatio": 0.0507015306,
    "totalOtherIncomeExpensesNet": -21000000,
    "incomeBeforeTax": 138000000,
    "incomeBeforeTaxRatio": 0.044005102,
    "incomeTaxExpense": 33000000,
    "netIncome": 104000000,
    "netIncomeRatio": 0.0331632653,
    "eps": 0.81,
    "epsdiluted": 0.81,
    "weightedAverageShsOut": 127784380,
    "weightedAverageShsOutDil": 128646505,
    "link": "https://www.sec.gov/Archives/edgar/data/1000228/000100022824000054/0001000228-24-000054-index.htm",
    "finalLink": "https://www.sec.gov/Archives/edgar/data/1000228/000100022824000054/hsic-20240629.htm"
  },
  {
    "date": "2024-03-30",
    "symbol": "HSIC",
    "reportedCurrency": "USD",
    "cik": "0001000228",
    "fillingDate": "2024-05-07",
    "acceptedDate": "2024-05-07 15:55:16",
    "calendarYear": "2024",
    "period": "Q1",
    "revenue": 3172000000,
    "costOfRevenue": 2221000000,
    "grossProfit": 951000000,
    "grossProfitRatio": 0.2998108449,
    "researchAndDevelopmentExpenses": 0,
    "generalAndAdministrativeExpenses": 0,
    "sellingAndMarketingExpenses": 0,
    "sellingGeneralAndAdministrativeExpenses": 791000000,
    "otherExpenses": 0,
    "operatingExpenses": 791000000,
    "costAndExpenses": 3012000000,
    "interestIncome": 5000000,
    "interestExpense": 30000000,
    "depreciationAndAmortization": 73000000,
    "ebitda": 255000000,
    "ebitdaratio": 0.0803909206,
    "operatingIncome": 150000000,
    "operatingIncomeRatio": 0.0472887768,
    "totalOtherIncomeExpensesNet": -20000000,
    "incomeBeforeTax": 130000000,
    "incomeBeforeTaxRatio": 0.0409836066,
    "incomeTaxExpense": 32000000,
    "netIncome": 93000000,
    "netIncomeRatio": 0.0293190416,
    "eps": 0.72,
    "epsdiluted": 0.72,
    "weightedAverageShsOut": 128720661,
    "weightedAverageShsOutDil": 129769579,
    "link": "https://www.sec.gov/Archives/edgar/data/1000228/000100022824000025/0001000228-24-000025-index.htm",
    "finalLink": "https://www.sec.gov/Archives/edgar/data/1000228/000100022824000025/hsic-20240330.htm"
  },
  {
    "date": "2023-12-30",
    "symbol": "HSIC",
    "reportedCurrency": "USD",
    "cik": "0001000228",
    "fillingDate": "2024-02-28",
    "acceptedDate": "2024-02-28 14:14:38",
    "calendarYear": "2023",
    "period": "Q4",
    "revenue": 3017000000,
    "costOfRevenue": 2150000000,
    "grossProfit": 867000000,
    "grossProfitRatio": 0.2873715612,
    "researchAndDevelopmentExpenses": 0,
    "generalAndAdministrativeExpenses": 0,
    "sellingAndMarketingExpenses": 0,
    "sellingGeneralAndAdministrativeExpenses": 807000000,
    "otherExpenses": 0,
    "operatingExpenses": 807000000,
    "costAndExpenses": 2978000000,
    "interestIncome": 5000000,
    "interestExpense": 29000000,
    "depreciationAndAmortization": 68000000,
    "ebitda": 110000000,
    "ebitdaratio": 0.0364600597,
    "operatingIncome": 39000000,
    "operatingIncomeRatio": 0.0129267484,
    "totalOtherIncomeExpensesNet": -21000000,
    "incomeBeforeTax": 18000000,
    "incomeBeforeTaxRatio": 0.0059661916,
    "incomeTaxExpense": 1000000,
    "netIncome": 18000000,
    "netIncomeRatio": 0.0059661916,
    "eps": 0.14,
    "epsdiluted": 0.14,
    "weightedAverageShsOut": 129809665,
    "weightedAverageShsOutDil": 130743875,
    "link": "https://www.sec.gov/Archives/edgar/data/1000228/000100022824000011/0001000228-24-000011-index.htm",
    "finalLink": "https://www.sec.gov/Archives/edgar/data/1000228/000100022824000011/form10k20231230.htm"
  },
  {
    "date": "2023-09-30",
    "symbol": "HSIC",
    "reportedCurrency": "USD",
    "cik": "0001000228",
    "fillingDate": "2023-11-28",
    "acceptedDate": "2023-11-28 16:01:50",
    "calendarYear": "2023",
    "period": "Q3",
    "revenue": 3162000000,
    "costOfRevenue": 2167000000,
    "grossProfit": 995000000,
    "grossProfitRatio": 0.3146742568,
    "researchAndDevelopmentExpenses": 0,
    "generalAndAdministrativeExpenses": 0,
    "sellingAndMarketingExpenses": 0,
    "sellingGeneralAndAdministrativeExpenses": 725000000,
    "otherExpenses": 70000000,
    "operatingExpenses": 795000000,
    "costAndExpenses": 2951000000,
    "interestIncome": 6000000,
    "interestExpense": 25000000,
    "depreciationAndAmortization": 69000000,
    "ebitda": 280000000,
    "ebitdaratio": 0.0885515497,
    "operatingIncome": 200000000,
    "operatingIncomeRatio": 0.0632511069,
    "totalOtherIncomeExpensesNet": -18000000,
    "incomeBeforeTax": 182000000,
    "incomeBeforeTaxRatio": 0.0575585073,
    "incomeTaxExpense": 39000000,
    "netIncome": 137000000,
    "netIncomeRatio": 0.0433270082,
    "eps": 1.05,
    "epsdiluted": 1.05,
    "weightedAverageShsOut": 130388353,
    "weightedAverageShsOutDil": 131442135,
    "link": "https://www.sec.gov/Archives/edgar/data/1000228/000100022823000052/0001000228-23-000052-index.htm",
    "finalLink": "https://www.sec.gov/Archives/edgar/data/1000228/000100022823000052/hsic-20230930.htm"
  },
  {
    "date": "2023-07-01",
    "symbol": "HSIC",
    "reportedCurrency": "USD",
    "cik": "0001000228",
    "fillingDate": "2023-08-07",
    "acceptedDate": "2023-08-07 13:21:17",
    "calendarYear": "2023",
    "period": "Q2",
    "revenue": 3100000000,
    "costOfRevenue": 2125000000,
    "grossProfit": 975000000,
    "grossProfitRatio": 0.314516129,
    "researchAndDevelopmentExpenses": 0,
    "generalAndAdministrativeExpenses": 0,
    "sellingAndMarketingExpenses": 0,
    "sellingGeneralAndAdministrativeExpenses": 707000000,
    "otherExpenses": 1000000,
    "operatingExpenses": 756000000,
    "costAndExpenses": 2881000000,
    "interestIncome": 3000000,
    "interestExpense": 19000000,
    "depreciationAndAmortization": 59000000,
    "ebitda": 284000000,
    "ebitdaratio": 0.0916129032,
    "operatingIncome": 201000000,
    "operatingIncomeRatio": 0.0648387097,
    "totalOtherIncomeExpensesNet": -15000000,
    "incomeBeforeTax": 186000000,
    "incomeBeforeTaxRatio": 0.06,
    "incomeTaxExpense": 41000000,
    "netIncome": 140000000,
    "netIncomeRatio": 0.0451612903,
    "eps": 1.07,
    "epsdiluted": 1.06,
    "weightedAverageShsOut": 130905899,
    "weightedAverageShsOutDil": 131873174,
    "link": "https://www.sec.gov/Archives/edgar/data/1000228/000100022823000043/0001000228-23-000043-index.htm",
    "finalLink": "https://www.sec.gov/Archives/edgar/data/1000228/000100022823000043/hsic-20230701.htm"
  },
  {
    "date": "2023-04-01",
    "symbol": "HSIC",
    "reportedCurrency": "USD",
    "cik": "0001000228",
    "fillingDate": "2023-05-09",
    "acceptedDate": "2023-05-09 14:58:39",
    "calendarYear": "2023",
    "period": "Q1",
    "revenue": 3060000000,
    "costOfRevenue": 2094000000,
    "grossProfit": 966000000,
    "grossProfitRatio": 0.3156862745,
    "researchAndDevelopmentExpenses": 0,
    "generalAndAdministrativeExpenses": 0,
    "sellingAndMarketingExpenses": 0,
    "sellingGeneralAndAdministrativeExpenses": 717000000,
    "otherExpenses": 44000000,
    "operatingExpenses": 761000000,
    "costAndExpenses": 2855000000,
    "interestIncome": 3000000,
    "interestExpense": 14000000,
    "depreciationAndAmortization": 52000000,
    "ebitda": 264000000,
    "ebitdaratio": 0.0862745098,
    "operatingIncome": 175000000,
    "operatingIncomeRatio": 0.0571895425,
    "totalOtherIncomeExpensesNet": -12000000,
    "incomeBeforeTax": 163000000,
    "incomeBeforeTaxRatio": 0.0532679739,
    "incomeTaxExpense": 39000000,
    "netIncome": 121000000,
    "netIncomeRatio": 0.0395424837,
    "eps": 0.92,
    "epsdiluted": 0.91,
    "weightedAverageShsOut": 131365789,
    "weightedAverageShsOutDil": 133039886,
    "link": "https://www.sec.gov/Archives/edgar/data/1000228/000100022823000026/0001000228-23-000026-index.htm",
    "finalLink": "https://www.sec.gov/Archives/edgar/data/1000228/000100022823000026/hsic-20230401.htm"
  },
  {
    "date": "2022-12-31",
    "symbol": "HSIC",
    "reportedCurrency": "USD",
    "cik": "0001000228",
    "fillingDate": "2023-02-21",
    "acceptedDate": "2023-02-21 06:40:07",
    "calendarYear": "2022",
    "period": "Q4",
    "revenue": 3371000000,
    "costOfRevenue": 2372000000,
    "grossProfit": 999000000,
    "grossProfitRatio": 0.2963512311,
    "researchAndDevelopmentExpenses": 0,
    "generalAndAdministrativeExpenses": 0,
    "sellingAndMarketingExpenses": 0,
    "sellingGeneralAndAdministrativeExpenses": 761000000,
    "otherExpenses": 166000000,
    "operatingExpenses": 927000000,
    "costAndExpenses": 3299000000,
    "interestIncome": 8000000,
    "interestExpense": 17000000,
    "depreciationAndAmortization": 52000000,
    "ebitda": 132000000,
    "ebitdaratio": 0.03915752,
    "operatingIncome": 72000000,
    "operatingIncomeRatio": 0.0213586473,
    "totalOtherIncomeExpensesNet": -9000000,
    "incomeBeforeTax": 63000000,
    "incomeBeforeTaxRatio": 0.0186888164,
    "incomeTaxExpense": 15000000,
    "netIncome": 47000000,
    "netIncomeRatio": 0.0139424503,
    "eps": 0.35,
    "epsdiluted": 0.35,
    "weightedAverageShsOut": 134249915,
    "weightedAverageShsOutDil": 135857950,
    "link": "https://www.sec.gov/Archives/edgar/data/1000228/000100022823000011/0001000228-23-000011-index.htm",
    "finalLink": "https://www.sec.gov/Archives/edgar/data/1000228/000100022823000011/hsic-20221231.htm"
  },
  {
    "date": "2022-09-24",
    "symbol": "HSIC",
    "reportedCurrency": "USD",
    "cik": "0001000228",
    "fillingDate": "2022-11-01",
    "acceptedDate": "2022-11-01 14:08:10",
    "calendarYear": "2022",
    "period": "Q3",
    "revenue": 3067000000,
    "costOfRevenue": 2198000000,
    "grossProfit": 869000000,
    "grossProfitRatio": 0.2833387675,
    "researchAndDevelopmentExpenses": 0,
    "generalAndAdministrativeExpenses": 0,
    "sellingAndMarketingExpenses": 0,
    "sellingGeneralAndAdministrativeExpenses": 648000000,
    "otherExpenses": 1000000,
    "operatingExpenses": 648000000,
    "costAndExpenses": 2846000000,
    "interestIncome": 1000000,
    "interestExpense": 8000000,
    "depreciationAndAmortization": 52000000,
    "ebitda": 273000000,
    "ebitdaratio": 0.0890120639,
    "operatingIncome": 221000000,
    "operatingIncomeRatio": 0.0720573851,
    "totalOtherIncomeExpensesNet": -6000000,
    "incomeBeforeTax": 205000000,
    "incomeBeforeTaxRatio": 0.0668405608,
    "incomeTaxExpense": 46000000,
    "netIncome": 150000000,
    "netIncomeRatio": 0.0489077274,
    "eps": 1.11,
    "epsdiluted": 1.09,
    "weightedAverageShsOut": 135608678,
    "weightedAverageShsOutDil": 137084049,
    "link": "https://www.sec.gov/Archives/edgar/data/1000228/000100022822000068/0001000228-22-000068-index.htm",
    "finalLink": "https://www.sec.gov/Archives/edgar/data/1000228/000100022822000068/hsic-20220924.htm"
  },
  {
    "date": "2022-06-25",
    "symbol": "HSIC",
    "reportedCurrency": "USD",
    "cik": "0001000228",
    "fillingDate": "2022-08-02",
    "acceptedDate": "2022-08-02 14:06:23",
    "calendarYear": "2022",
    "period": "Q2",
    "revenue": 3030000000,
    "costOfRevenue": 2130000000,
    "grossProfit": 900000000,
    "grossProfitRatio": 0.297029703,
    "researchAndDevelopmentExpenses": 0,
    "generalAndAdministrativeExpenses": 0,
    "sellingAndMarketingExpenses": 0,
    "sellingGeneralAndAdministrativeExpenses": 680000000,
    "otherExpenses": 0,
    "operatingExpenses": 680000000,
    "costAndExpenses": 2810000000,
    "interestIncome": 2000000,
    "interestExpense": 8000000,
    "depreciationAndAmortization": 53000000,
    "ebitda": 273000000,
    "ebitdaratio": 0.0900990099,
    "operatingIncome": 220000000,
    "operatingIncomeRatio": 0.0726072607,
    "totalOtherIncomeExpensesNet": -6000000,
    "incomeBeforeTax": 214000000,
    "incomeBeforeTaxRatio": 0.0706270627,
    "incomeTaxExpense": 52000000,
    "netIncome": 160000000,
    "netIncomeRatio": 0.0528052805,
    "eps": 1.16,
    "epsdiluted": 1.15,
    "weightedAverageShsOut": 137350488,
    "weightedAverageShsOutDil": 138869064,
    "link": "https://www.sec.gov/Archives/edgar/data/1000228/000100022822000056/0001000228-22-000056-index.htm",
    "finalLink": "https://www.sec.gov/Archives/edgar/data/1000228/000100022822000056/hsic-20220625.htm"
  },
  {
    "date": "2022-03-26",
    "symbol": "HSIC",
    "reportedCurrency": "USD",
    "cik": "0001000228",
    "fillingDate": "2022-05-03",
    "acceptedDate": "2022-05-03 14:22:24",
    "calendarYear": "2022",
    "period": "Q1",
    "revenue": 3179000000,
    "costOfRevenue": 2206000000,
    "grossProfit": 973000000,
    "grossProfitRatio": 0.3060710915,
    "researchAndDevelopmentExpenses": 0,
    "generalAndAdministrativeExpenses": 0,
    "sellingAndMarketingExpenses": 0,
    "sellingGeneralAndAdministrativeExpenses": 682000000,
    "otherExpenses": 47000000,
    "operatingExpenses": 729000000,
    "costAndExpenses": 2935000000,
    "interestIncome": 2000000,
    "interestExpense": 7000000,
    "depreciationAndAmortization": 55000000,
    "ebitda": 301000000,
    "ebitdaratio": 0.0946838628,
    "operatingIncome": 244000000,
    "operatingIncomeRatio": 0.0767536961,
    "totalOtherIncomeExpensesNet": -5000000,
    "incomeBeforeTax": 239000000,
    "incomeBeforeTaxRatio": 0.0751808745,
    "incomeTaxExpense": 57000000,
    "netIncome": 181000000,
    "netIncomeRatio": 0.0569361434,
    "eps": 1.32,
    "epsdiluted": 1.3,
    "weightedAverageShsOut": 137296581,
    "weightedAverageShsOutDil": 139237472,
    "link": "https://www.sec.gov/Archives/edgar/data/1000228/000100022822000033/0001000228-22-000033-index.htm",
    "finalLink": "https://www.sec.gov/Archives/edgar/data/1000228/000100022822000033/hsic-20220326.htm"
  },
  {
    "date": "2021-12-25",
    "symbol": "HSIC",
    "reportedCurrency": "USD",
    "cik": "0001000228",
    "fillingDate": "2022-02-15",
    "acceptedDate": "2022-02-15 14:13:37",
    "calendarYear": "2021",
    "period": "Q4",
    "revenue": 3330522000,
    "costOfRevenue": 2351018000,
    "grossProfit": 979504000,
    "grossProfitRatio": 0.2940992433,
    "researchAndDevelopmentExpenses": 0,
    "generalAndAdministrativeExpenses": 0,
    "sellingAndMarketingExpenses": 0,
    "sellingGeneralAndAdministrativeExpenses": 774364000,
    "otherExpenses": -1025000,
    "operatingExpenses": 774364000,
    "costAndExpenses": 3125382000,
    "interestIncome": 1702000,
    "interestExpense": 8189000,
    "depreciationAndAmortization": 58695000,
    "ebitda": 259933000,
    "ebitdaratio": 0.0780457238,
    "operatingIncome": 200561000,
    "operatingIncomeRatio": 0.0602190888,
    "totalOtherIncomeExpensesNet": -7512000,
    "incomeBeforeTax": 193049000,
    "incomeBeforeTaxRatio": 0.0579635865,
    "incomeTaxExpense": 43361000,
    "netIncome": 147233000,
    "netIncomeRatio": 0.0442071843,
    "eps": 1.06,
    "epsdiluted": 1.05,
    "weightedAverageShsOut": 138406000,
    "weightedAverageShsOutDil": 140318000,
    "link": "https://www.sec.gov/Archives/edgar/data/1000228/000100022822000016/0001000228-22-000016-index.htm",
    "finalLink": "https://www.sec.gov/Archives/edgar/data/1000228/000100022822000016/hsicform10k20211225.htm"
  },
  {
    "date": "2021-09-25",
    "symbol": "HSIC",
    "reportedCurrency": "USD",
    "cik": "0001000228",
    "fillingDate": "2021-11-02",
    "acceptedDate": "2021-11-02 12:21:50",
    "calendarYear": "2021",
    "period": "Q3",
    "revenue": 3178315000,
    "costOfRevenue": 2266170000,
    "grossProfit": 912145000,
    "grossProfitRatio": 0.286990119,
    "researchAndDevelopmentExpenses": 0,
    "generalAndAdministrativeExpenses": 0,
    "sellingAndMarketingExpenses": 0,
    "sellingGeneralAndAdministrativeExpenses": 701499000,
    "otherExpenses": 403000,
    "operatingExpenses": 701499000,
    "costAndExpenses": 2967669000,
    "interestIncome": 2000000,
    "interestExpense": 7000000,
    "depreciationAndAmortization": 51555000,
    "ebitda": 264188000,
    "ebitdaratio": 0.0831220316,
    "operatingIncome": 210821000,
    "operatingIncomeRatio": 0.0663310591,
    "totalOtherIncomeExpensesNet": -4917000,
    "incomeBeforeTax": 206083000,
    "incomeBeforeTaxRatio": 0.0648403321,
    "incomeTaxExpense": 49276000,
    "netIncome": 162000000,
    "netIncomeRatio": 0.0509704041,
    "eps": 1.11,
    "epsdiluted": 1.1,
    "weightedAverageShsOut": 139377000,
    "weightedAverageShsOutDil": 141079000,
    "link": "https://www.sec.gov/Archives/edgar/data/1000228/000100022821000081/0001000228-21-000081-index.htm",
    "finalLink": "https://www.sec.gov/Archives/edgar/data/1000228/000100022821000081/hsicform10q20210925.htm"
  },
  {
    "date": "2021-06-26",
    "symbol": "HSIC",
    "reportedCurrency": "USD",
    "cik": "0001000228",
    "fillingDate": "2021-08-03",
    "acceptedDate": "2021-08-03 12:44:50",
    "calendarYear": "2021",
    "period": "Q2",
    "revenue": 2967223000,
    "costOfRevenue": 2077472000,
    "grossProfit": 889751000,
    "grossProfitRatio": 0.2998598353,
    "researchAndDevelopmentExpenses": 0,
    "generalAndAdministrativeExpenses": 0,
    "sellingAndMarketingExpenses": 0,
    "sellingGeneralAndAdministrativeExpenses": 678801000,
    "otherExpenses": 354000,
    "operatingExpenses": 678801000,
    "costAndExpenses": 2756273000,
    "interestIncome": 1000000,
    "interestExpense": 7000000,
    "depreciationAndAmortization": 49915000,
    "ebitda": 261972000,
    "ebitdaratio": 0.0882886119,
    "operatingIncome": 210346000,
    "operatingIncomeRatio": 0.0708898522,
    "totalOtherIncomeExpensesNet": -4319000,
    "incomeBeforeTax": 205681000,
    "incomeBeforeTaxRatio": 0.0693176751,
    "incomeTaxExpense": 48027000,
    "netIncome": 156000000,
    "netIncomeRatio": 0.0525744105,
    "eps": 1.11,
    "epsdiluted": 1.1,
    "weightedAverageShsOut": 140358000,
    "weightedAverageShsOutDil": 141657000,
    "link": "https://www.sec.gov/Archives/edgar/data/1000228/000100022821000060/0001000228-21-000060-index.htm",
    "finalLink": "https://www.sec.gov/Archives/edgar/data/1000228/000100022821000060/hsicform10q20210626.htm"
  },
  {
    "date": "2021-03-27",
    "symbol": "HSIC",
    "reportedCurrency": "USD",
    "cik": "0001000228",
    "fillingDate": "2021-05-04",
    "acceptedDate": "2021-05-04 16:29:27",
    "calendarYear": "2021",
    "period": "Q1",
    "revenue": 2924961000,
    "costOfRevenue": 2034110000,
    "grossProfit": 890851000,
    "grossProfitRatio": 0.3045685054,
    "researchAndDevelopmentExpenses": 0,
    "generalAndAdministrativeExpenses": 0,
    "sellingAndMarketingExpenses": 0,
    "sellingGeneralAndAdministrativeExpenses": 657992000,
    "otherExpenses": 309000,
    "operatingExpenses": 657992000,
    "costAndExpenses": 2692102000,
    "interestIncome": 2000000,
    "interestExpense": 6000000,
    "depreciationAndAmortization": 49363000,
    "ebitda": 281583000,
    "ebitdaratio": 0.0962689759,
    "operatingIncome": 229928000,
    "operatingIncomeRatio": 0.0786089114,
    "totalOtherIncomeExpensesNet": -4000000,
    "incomeBeforeTax": 225735000,
    "incomeBeforeTaxRatio": 0.077175388,
    "incomeTaxExpense": 56685000,
    "netIncome": 166000000,
    "netIncomeRatio": 0.0567528935,
    "eps": 1.17,
    "epsdiluted": 1.16,
    "weightedAverageShsOut": 142298000,
    "weightedAverageShsOutDil": 143398000,
    "link": "https://www.sec.gov/Archives/edgar/data/1000228/000100022821000036/0001000228-21-000036-index.htm",
    "finalLink": "https://www.sec.gov/Archives/edgar/data/1000228/000100022821000036/hsicform10q20210327.htm"
  },
  {
    "date": "2020-12-26",
    "symbol": "HSIC",
    "reportedCurrency": "USD",
    "cik": "0001000228",
    "fillingDate": "2021-02-17",
    "acceptedDate": "2021-02-17 12:52:42",
    "calendarYear": "2020",
    "period": "Q4",
    "revenue": 3165725000,
    "costOfRevenue": 2306014000,
    "grossProfit": 859711000,
    "grossProfitRatio": 0.2715684401,
    "researchAndDevelopmentExpenses": 0,
    "generalAndAdministrativeExpenses": 594931000,
    "sellingAndMarketingExpenses": 79200000,
    "sellingGeneralAndAdministrativeExpenses": 674131000,
    "otherExpenses": -1663000,
    "operatingExpenses": 674131000,
    "costAndExpenses": 2980145000,
    "interestIncome": 2361000,
    "interestExpense": 11968000,
    "depreciationAndAmortization": 44874000,
    "ebitda": 228921000,
    "ebitdaratio": 0.0723123455,
    "operatingIncome": 181200000,
    "operatingIncomeRatio": 0.0572380734,
    "totalOtherIncomeExpensesNet": -11270000,
    "incomeBeforeTax": 169930000,
    "incomeBeforeTaxRatio": 0.0536780674,
    "incomeTaxExpense": 29409000,
    "netIncome": 142633000,
    "netIncomeRatio": 0.0450553981,
    "eps": 0.99,
    "epsdiluted": 0.98,
    "weightedAverageShsOut": 142379000,
    "weightedAverageShsOutDil": 143328000,
    "link": "https://www.sec.gov/Archives/edgar/data/1000228/000100022821000019/0001000228-21-000019-index.htm",
    "finalLink": "https://www.sec.gov/Archives/edgar/data/1000228/000100022821000019/hsicform10k20201226.htm"
  },
  {
    "date": "2020-09-26",
    "symbol": "HSIC",
    "reportedCurrency": "USD",
    "cik": "0001000228",
    "fillingDate": "2020-11-02",
    "acceptedDate": "2020-11-02 14:11:02",
    "calendarYear": "2020",
    "period": "Q3",
    "revenue": 2840146000,
    "costOfRevenue": 2085847000,
    "grossProfit": 754299000,
    "grossProfitRatio": 0.2655845861,
    "researchAndDevelopmentExpenses": 0,
    "generalAndAdministrativeExpenses": 0,
    "sellingAndMarketingExpenses": 0,
    "sellingGeneralAndAdministrativeExpenses": 559636000,
    "otherExpenses": -1699000,
    "operatingExpenses": 559636000,
    "costAndExpenses": 2645483000,
    "interestIncome": 2294000,
    "interestExpense": 11111000,
    "depreciationAndAmortization": 44569000,
    "ebitda": 239232000,
    "ebitdaratio": 0.0842322895,
    "operatingIncome": 187671000,
    "operatingIncomeRatio": 0.0660779411,
    "totalOtherIncomeExpensesNet": -10516000,
    "incomeBeforeTax": 177155000,
    "incomeBeforeTaxRatio": 0.0623753145,
    "incomeTaxExpense": 29005000,
    "netIncome": 141697000,
    "netIncomeRatio": 0.0498907451,
    "eps": 1,
    "epsdiluted": 0.99,
    "weightedAverageShsOut": 142362000,
    "weightedAverageShsOutDil": 143091000,
    "link": "https://www.sec.gov/Archives/edgar/data/1000228/000100022820000066/0001000228-20-000066-index.htm",
    "finalLink": "https://www.sec.gov/Archives/edgar/data/1000228/000100022820000066/hsicform10q20200926.htm"
  },
  {
    "date": "2020-06-27",
    "symbol": "HSIC",
    "reportedCurrency": "USD",
    "cik": "0001000228",
    "fillingDate": "2020-08-04",
    "acceptedDate": "2020-08-04 12:14:44",
    "calendarYear": "2020",
    "period": "Q2",
    "revenue": 1684399000,
    "costOfRevenue": 1230105000,
    "grossProfit": 454294000,
    "grossProfitRatio": 0.2697068806,
    "researchAndDevelopmentExpenses": 0,
    "generalAndAdministrativeExpenses": 0,
    "sellingAndMarketingExpenses": 0,
    "sellingGeneralAndAdministrativeExpenses": 445793000,
    "otherExpenses": -291000,
    "operatingExpenses": 445793000,
    "costAndExpenses": 1675898000,
    "interestIncome": 1997000,
    "interestExpense": 10486000,
    "depreciationAndAmortization": 46963000,
    "ebitda": 41385000,
    "ebitdaratio": 0.0245695943,
    "operatingIncome": -7433000,
    "operatingIncomeRatio": -0.0044128499,
    "totalOtherIncomeExpensesNet": -8780000,
    "incomeBeforeTax": -16213000,
    "incomeBeforeTaxRatio": -0.0096253916,
    "incomeTaxExpense": -950000,
    "netIncome": -10797000,
    "netIncomeRatio": -0.0064100014,
    "eps": -0.0758,
    "epsdiluted": -0.0758,
    "weightedAverageShsOut": 142350000,
    "weightedAverageShsOutDil": 142350000,
    "link": "https://www.sec.gov/Archives/edgar/data/1000228/000100022820000055/0001000228-20-000055-index.htm",
    "finalLink": "https://www.sec.gov/Archives/edgar/data/1000228/000100022820000055/hsicform10q20200627.htm"
  },
  {
    "date": "2020-03-28",
    "symbol": "HSIC",
    "reportedCurrency": "USD",
    "cik": "0001000228",
    "fillingDate": "2020-05-05",
    "acceptedDate": "2020-05-05 13:47:10",
    "calendarYear": "2020",
    "period": "Q1",
    "revenue": 2428871000,
    "costOfRevenue": 1682832000,
    "grossProfit": 746039000,
    "grossProfitRatio": 0.307154641,
    "researchAndDevelopmentExpenses": 0,
    "generalAndAdministrativeExpenses": 0,
    "sellingAndMarketingExpenses": 0,
    "sellingGeneralAndAdministrativeExpenses": 567387000,
    "otherExpenses": -220000,
    "operatingExpenses": 567387000,
    "costAndExpenses": 2250219000,
    "interestIncome": 3190000,
    "interestExpense": 7812000,
    "depreciationAndAmortization": 46983000,
    "ebitda": 225635000,
    "ebitdaratio": 0.0928970703,
    "operatingIncome": 173865000,
    "operatingIncomeRatio": 0.0715826407,
    "totalOtherIncomeExpensesNet": -4842000,
    "incomeBeforeTax": 169023000,
    "incomeBeforeTaxRatio": 0.0695891219,
    "incomeTaxExpense": 37910000,
    "netIncome": 130261000,
    "netIncomeRatio": 0.0536302669,
    "eps": 0.91,
    "epsdiluted": 0.91,
    "weightedAverageShsOut": 142967000,
    "weightedAverageShsOutDil": 143095000,
    "link": "https://www.sec.gov/Archives/edgar/data/1000228/000100022820000034/0001000228-20-000034-index.htm",
    "finalLink": "https://www.sec.gov/Archives/edgar/data/1000228/000100022820000034/hsic-20200328.htm"
  },
  {
    "date": "2019-12-28",
    "symbol": "HSIC",
    "reportedCurrency": "USD",
    "cik": "0001000228",
    "fillingDate": "2020-02-20",
    "acceptedDate": "2020-02-20 15:45:16",
    "calendarYear": "2019",
    "period": "Q4",
    "revenue": 2668941000,
    "costOfRevenue": 1858343000,
    "grossProfit": 810598000,
    "grossProfitRatio": 0.3037152189,
    "researchAndDevelopmentExpenses": 0,
    "generalAndAdministrativeExpenses": 541523000,
    "sellingAndMarketingExpenses": 73800000,
    "sellingGeneralAndAdministrativeExpenses": 615323000,
    "otherExpenses": -907000,
    "operatingExpenses": 615323000,
    "costAndExpenses": 2473666000,
    "interestIncome": 3389000,
    "interestExpense": 9333000,
    "depreciationAndAmortization": 48732000,
    "ebitda": 244007000,
    "ebitdaratio": 0.0914246512,
    "operatingIncome": 196334000,
    "operatingIncomeRatio": 0.0735625104,
    "totalOtherIncomeExpensesNet": -6851000,
    "incomeBeforeTax": 189483000,
    "incomeBeforeTaxRatio": 0.0709955746,
    "incomeTaxExpense": 42189000,
    "netIncome": 329862000,
    "netIncomeRatio": 0.1235928408,
    "eps": 2.27,
    "epsdiluted": 2.24,
    "weightedAverageShsOut": 145404000,
    "weightedAverageShsOutDil": 147078000,
    "link": "https://www.sec.gov/Archives/edgar/data/1000228/000100022820000018/0001000228-20-000018-index.htm",
    "finalLink": "https://www.sec.gov/Archives/edgar/data/1000228/000100022820000018/hsic-20191228.htm"
  },
  {
    "date": "2019-09-28",
    "symbol": "HSIC",
    "reportedCurrency": "USD",
    "cik": "0001000228",
    "fillingDate": "2019-11-05",
    "acceptedDate": "2019-11-05 12:31:14",
    "calendarYear": "2019",
    "period": "Q3",
    "revenue": 2508767000,
    "costOfRevenue": 1747600000,
    "grossProfit": 761167000,
    "grossProfitRatio": 0.303402827,
    "researchAndDevelopmentExpenses": 0,
    "generalAndAdministrativeExpenses": 0,
    "sellingAndMarketingExpenses": 0,
    "sellingGeneralAndAdministrativeExpenses": 574771000,
    "otherExpenses": -177000,
    "operatingExpenses": 574771000,
    "costAndExpenses": 2322371000,
    "interestIncome": 3943000,
    "interestExpense": 12373000,
    "depreciationAndAmortization": 46855000,
    "ebitda": 233251000,
    "ebitdaratio": 0.0929743575,
    "operatingIncome": 187198000,
    "operatingIncomeRatio": 0.0746175312,
    "totalOtherIncomeExpensesNet": -8607000,
    "incomeBeforeTax": 178591000,
    "incomeBeforeTaxRatio": 0.0711867623,
    "incomeTaxExpense": 41964000,
    "netIncome": 140557000,
    "netIncomeRatio": 0.0560263269,
    "eps": 0.96,
    "epsdiluted": 0.95,
    "weightedAverageShsOut": 147136000,
    "weightedAverageShsOutDil": 148575000,
    "link": "https://www.sec.gov/Archives/edgar/data/1000228/000100022819000067/0001000228-19-000067-index.htm",
    "finalLink": "https://www.sec.gov/Archives/edgar/data/1000228/000100022819000067/hsic-20190928.htm"
  },
  {
    "date": "2019-06-29",
    "symbol": "HSIC",
    "reportedCurrency": "USD",
    "cik": "0001000228",
    "fillingDate": "2019-08-06",
    "acceptedDate": "2019-08-06 17:12:59",
    "calendarYear": "2019",
    "period": "Q2",
    "revenue": 2447827000,
    "costOfRevenue": 1680396000,
    "grossProfit": 767431000,
    "grossProfitRatio": 0.3135152117,
    "researchAndDevelopmentExpenses": 0,
    "generalAndAdministrativeExpenses": 0,
    "sellingAndMarketingExpenses": 0,
    "sellingGeneralAndAdministrativeExpenses": 593218000,
    "otherExpenses": -1416000,
    "operatingExpenses": 593218000,
    "costAndExpenses": 2273614000,
    "interestIncome": 3654000,
    "interestExpense": 12785000,
    "depreciationAndAmortization": 49055000,
    "ebitda": 223268000,
    "ebitdaratio": 0.0912106942,
    "operatingIncome": 162288000,
    "operatingIncomeRatio": 0.066298803,
    "totalOtherIncomeExpensesNet": -10547000,
    "incomeBeforeTax": 151741000,
    "incomeBeforeTaxRatio": 0.0619900834,
    "incomeTaxExpense": 35880000,
    "netIncome": 114532000,
    "netIncomeRatio": 0.0467892543,
    "eps": 0.77,
    "epsdiluted": 0.77,
    "weightedAverageShsOut": 148148000,
    "weightedAverageShsOutDil": 149423000,
    "link": "https://www.sec.gov/Archives/edgar/data/1000228/000100022819000048/0001000228-19-000048-index.htm",
    "finalLink": "https://www.sec.gov/Archives/edgar/data/1000228/000100022819000048/hsic-20190629.htm"
  },
  {
    "date": "2019-03-30",
    "symbol": "HSIC",
    "reportedCurrency": "USD",
    "cik": "0001000228",
    "fillingDate": "2019-05-07",
    "acceptedDate": "2019-05-07 15:17:04",
    "calendarYear": "2019",
    "period": "Q1",
    "revenue": 2360268000,
    "costOfRevenue": 1608578000,
    "grossProfit": 751690000,
    "grossProfitRatio": 0.3184765459,
    "researchAndDevelopmentExpenses": 0,
    "generalAndAdministrativeExpenses": 0,
    "sellingAndMarketingExpenses": 0,
    "sellingGeneralAndAdministrativeExpenses": 574608000,
    "otherExpenses": -419000,
    "operatingExpenses": 574608000,
    "costAndExpenses": 2183186000,
    "interestIncome": 4771000,
    "interestExpense": 16301000,
    "depreciationAndAmortization": 40300000,
    "ebitda": 217382000,
    "ebitdaratio": 0.0921005581,
    "operatingIncome": 172441000,
    "operatingIncomeRatio": 0.0730599237,
    "totalOtherIncomeExpensesNet": -11949000,
    "incomeBeforeTax": 160492000,
    "incomeBeforeTaxRatio": 0.067997363,
    "incomeTaxExpense": 39482000,
    "netIncome": 109783000,
    "netIncomeRatio": 0.0465129384,
    "eps": 0.73,
    "epsdiluted": 0.73,
    "weightedAverageShsOut": 150257000,
    "weightedAverageShsOutDil": 151156000,
    "link": "https://www.sec.gov/Archives/edgar/data/1000228/000100022819000030/0001000228-19-000030-index.htm",
    "finalLink": "https://www.sec.gov/Archives/edgar/data/1000228/000100022819000030/the10_1q19.htm"
  },
  {
    "date": "2018-12-29",
    "symbol": "HSIC",
    "reportedCurrency": "USD",
    "cik": "0001000228",
    "fillingDate": "2019-02-20",
    "acceptedDate": "2019-02-20 15:59:15",
    "calendarYear": "2018",
    "period": "Q4",
    "revenue": 3375202000,
    "costOfRevenue": 2465342000,
    "grossProfit": 909860000,
    "grossProfitRatio": 0.2695720138,
    "researchAndDevelopmentExpenses": 0,
    "generalAndAdministrativeExpenses": 604138000,
    "sellingAndMarketingExpenses": 70600000,
    "sellingGeneralAndAdministrativeExpenses": 674738000,
    "otherExpenses": 648000,
    "operatingExpenses": 674738000,
    "costAndExpenses": 3140080000,
    "interestIncome": 5807000,
    "interestExpense": 22320000,
    "depreciationAndAmortization": 52471000,
    "ebitda": 238561000,
    "ebitdaratio": 0.0706805104,
    "operatingIncome": 179635000,
    "operatingIncomeRatio": 0.0532219997,
    "totalOtherIncomeExpensesNet": -15865000,
    "incomeBeforeTax": 163770000,
    "incomeBeforeTaxRatio": 0.0485215403,
    "incomeTaxExpense": 31408000,
    "netIncome": 132973000,
    "netIncomeRatio": 0.0393970494,
    "eps": 0.88,
    "epsdiluted": 0.87,
    "weightedAverageShsOut": 151757000,
    "weightedAverageShsOutDil": 152991000,
    "link": "https://www.sec.gov/Archives/edgar/data/1000228/000100022819000015/0001000228-19-000015-index.htm",
    "finalLink": "https://www.sec.gov/Archives/edgar/data/1000228/000100022819000015/the10k_2018.htm"
  },
  {
    "date": "2018-09-29",
    "symbol": "HSIC",
    "reportedCurrency": "USD",
    "cik": "0001000228",
    "fillingDate": "2018-11-06",
    "acceptedDate": "2018-11-06 12:35:43",
    "calendarYear": "2018",
    "period": "Q3",
    "revenue": 3279678000,
    "costOfRevenue": 2391118000,
    "grossProfit": 888560000,
    "grossProfitRatio": 0.2709290363,
    "researchAndDevelopmentExpenses": 0,
    "generalAndAdministrativeExpenses": 0,
    "sellingAndMarketingExpenses": 0,
    "sellingGeneralAndAdministrativeExpenses": 668011000,
    "otherExpenses": -346000,
    "operatingExpenses": 668011000,
    "costAndExpenses": 3059129000,
    "interestIncome": 3928000,
    "interestExpense": 20430000,
    "depreciationAndAmortization": 51511000,
    "ebitda": 222254000,
    "ebitdaratio": 0.0677670186,
    "operatingIncome": 165926000,
    "operatingIncomeRatio": 0.0505921618,
    "totalOtherIncomeExpensesNet": -53046000,
    "incomeBeforeTax": 149698000,
    "incomeBeforeTaxRatio": 0.0456441151,
    "incomeTaxExpense": 29401000,
    "netIncome": 121478000,
    "netIncomeRatio": 0.0370396118,
    "eps": 0.8,
    "epsdiluted": 0.79,
    "weightedAverageShsOut": 152533000,
    "weightedAverageShsOutDil": 153614000,
    "link": "https://www.sec.gov/Archives/edgar/data/1000228/000100022818000060/0001000228-18-000060-index.htm",
    "finalLink": "https://www.sec.gov/Archives/edgar/data/1000228/000100022818000060/the10q_3q18.htm"
  },
  {
    "date": "2018-06-30",
    "symbol": "HSIC",
    "reportedCurrency": "USD",
    "cik": "0001000228",
    "fillingDate": "2018-06-30",
    "acceptedDate": "2018-06-29 20:00:00",
    "calendarYear": "2018",
    "period": "Q2",
    "revenue": 3326676000,
    "costOfRevenue": 2425604000,
    "grossProfit": 901072000,
    "grossProfitRatio": 0.2708625667,
    "researchAndDevelopmentExpenses": 0,
    "generalAndAdministrativeExpenses": 0,
    "sellingAndMarketingExpenses": 0,
    "sellingGeneralAndAdministrativeExpenses": 677216000,
    "otherExpenses": -118000,
    "operatingExpenses": 677216000,
    "costAndExpenses": 3102820000,
    "interestIncome": 3724000,
    "interestExpense": 17235000,
    "depreciationAndAmortization": 51493000,
    "ebitda": 257832000,
    "ebitdaratio": 0.0775043918,
    "operatingIncome": 201349000,
    "operatingIncomeRatio": 0.0605255817,
    "totalOtherIncomeExpensesNet": -8638000,
    "incomeBeforeTax": 188456000,
    "incomeBeforeTaxRatio": 0.0566499413,
    "incomeTaxExpense": 46919000,
    "netIncome": 141212000,
    "netIncomeRatio": 0.0424483779,
    "eps": 0.92,
    "epsdiluted": 0.92,
    "weightedAverageShsOut": 153353000,
    "weightedAverageShsOutDil": 154189000,
    "link": null,
    "finalLink": null
  },
  {
    "date": "2018-03-31",
    "symbol": "HSIC",
    "reportedCurrency": "USD",
    "cik": "0001000228",
    "fillingDate": "2018-05-08",
    "acceptedDate": "2018-05-08 07:26:09",
    "calendarYear": "2018",
    "period": "Q1",
    "revenue": 3220439000,
    "costOfRevenue": 2324847000,
    "grossProfit": 895592000,
    "grossProfitRatio": 0.2780962471,
    "researchAndDevelopmentExpenses": 0,
    "generalAndAdministrativeExpenses": 0,
    "sellingAndMarketingExpenses": 0,
    "sellingGeneralAndAdministrativeExpenses": 685688000,
    "otherExpenses": -338000,
    "operatingExpenses": 685688000,
    "costAndExpenses": 3010535000,
    "interestIncome": 3453000,
    "interestExpense": 16904000,
    "depreciationAndAmortization": 52085000,
    "ebitda": 263047000,
    "ebitdaratio": 0.081680479,
    "operatingIncome": 206142000,
    "operatingIncomeRatio": 0.0640105278,
    "totalOtherIncomeExpensesNet": 31184000,
    "incomeBeforeTax": 193424000,
    "incomeBeforeTaxRatio": 0.0600613767,
    "incomeTaxExpense": 47764000,
    "netIncome": 140218000,
    "netIncomeRatio": 0.0435400267,
    "eps": 0.92,
    "epsdiluted": 0.91,
    "weightedAverageShsOut": 153106000,
    "weightedAverageShsOutDil": 154130000,
    "link": "https://www.sec.gov/Archives/edgar/data/1000228/000100022818000020/0001000228-18-000020-index.htm",
    "finalLink": "https://www.sec.gov/Archives/edgar/data/1000228/000100022818000020/the8k_1q18.htm"
  },
  {
    "date": "2017-12-31",
    "symbol": "HSIC",
    "reportedCurrency": "USD",
    "cik": "0001000228",
    "fillingDate": "2017-12-31",
    "acceptedDate": "2017-12-30 19:00:00",
    "calendarYear": "2017",
    "period": "Q4",
    "revenue": 3318054000,
    "costOfRevenue": 2417098000,
    "grossProfit": 900956000,
    "grossProfitRatio": 0.2715314458,
    "researchAndDevelopmentExpenses": 0,
    "generalAndAdministrativeExpenses": 566465000,
    "sellingAndMarketingExpenses": 93300000,
    "sellingGeneralAndAdministrativeExpenses": 659765000,
    "otherExpenses": -909000,
    "operatingExpenses": 659765000,
    "costAndExpenses": 3076863000,
    "interestIncome": 4349000,
    "interestExpense": 16598000,
    "depreciationAndAmortization": 51794000,
    "ebitda": 296425000,
    "ebitdaratio": 0.089337003,
    "operatingIncome": 241191000,
    "operatingIncomeRatio": 0.0726904987,
    "totalOtherIncomeExpensesNet": -13158000,
    "incomeBeforeTax": 228033000,
    "incomeBeforeTaxRatio": 0.0687249213,
    "incomeTaxExpense": 206230000,
    "netIncome": -8535000,
    "netIncomeRatio": -0.0025722909,
    "eps": -0.055,
    "epsdiluted": -0.055,
    "weightedAverageShsOut": 155104000,
    "weightedAverageShsOutDil": 155104000,
    "link": null,
    "finalLink": null
  },
  {
    "date": "2017-09-30",
    "symbol": "HSIC",
    "reportedCurrency": "USD",
    "cik": "0001000228",
    "fillingDate": "2017-09-30",
    "acceptedDate": "2017-09-29 20:00:00",
    "calendarYear": "2017",
    "period": "Q3",
    "revenue": 3161083000,
    "costOfRevenue": 2325029000,
    "grossProfit": 836054000,
    "grossProfitRatio": 0.2644834065,
    "researchAndDevelopmentExpenses": 0,
    "generalAndAdministrativeExpenses": 0,
    "sellingAndMarketingExpenses": 0,
    "sellingGeneralAndAdministrativeExpenses": 622506000,
    "otherExpenses": -194000,
    "operatingExpenses": 622506000,
    "costAndExpenses": 2947535000,
    "interestIncome": 4793000,
    "interestExpense": 13428000,
    "depreciationAndAmortization": 48740000,
    "ebitda": 266887000,
    "ebitdaratio": 0.0844289758,
    "operatingIncome": 213548000,
    "operatingIncomeRatio": 0.0675553283,
    "totalOtherIncomeExpensesNet": -8829000,
    "incomeBeforeTax": 204719000,
    "incomeBeforeTaxRatio": 0.0647622982,
    "incomeTaxExpense": 59340000,
    "netIncome": 138031000,
    "netIncomeRatio": 0.043665731,
    "eps": 0.88,
    "epsdiluted": 0.87,
    "weightedAverageShsOut": 156914000,
    "weightedAverageShsOutDil": 158271000,
    "link": null,
    "finalLink": null
  },
  {
    "date": "2017-06-30",
    "symbol": "HSIC",
    "reportedCurrency": "USD",
    "cik": "0001000228",
    "fillingDate": "2017-06-30",
    "acceptedDate": "2017-06-29 20:00:00",
    "calendarYear": "2017",
    "period": "Q2",
    "revenue": 3059458000,
    "costOfRevenue": 2220285000,
    "grossProfit": 839173000,
    "grossProfitRatio": 0.2742881255,
    "researchAndDevelopmentExpenses": 0,
    "generalAndAdministrativeExpenses": 0,
    "sellingAndMarketingExpenses": 0,
    "sellingGeneralAndAdministrativeExpenses": 628511000,
    "otherExpenses": 728000,
    "operatingExpenses": 628511000,
    "costAndExpenses": 2848796000,
    "interestIncome": 4107000,
    "interestExpense": 12198000,
    "depreciationAndAmortization": 47789000,
    "ebitda": 263286000,
    "ebitdaratio": 0.0860564191,
    "operatingIncome": 210662000,
    "operatingIncomeRatio": 0.0688559869,
    "totalOtherIncomeExpensesNet": -7363000,
    "incomeBeforeTax": 203299000,
    "incomeBeforeTaxRatio": 0.0664493515,
    "incomeTaxExpense": 58306000,
    "netIncome": 136055000,
    "netIncomeRatio": 0.0444702951,
    "eps": 0.86,
    "epsdiluted": 0.86,
    "weightedAverageShsOut": 157748000,
    "weightedAverageShsOutDil": 159076000,
    "link": null,
    "finalLink": null
  },
  {
    "date": "2017-03-31",
    "symbol": "HSIC",
    "reportedCurrency": "USD",
    "cik": "0001000228",
    "fillingDate": "2017-03-31",
    "acceptedDate": "2017-03-31 00:00:00",
    "calendarYear": "2017",
    "period": "Q1",
    "revenue": 2922948000,
    "costOfRevenue": 2100028000,
    "grossProfit": 822920000,
    "grossProfitRatio": 0.2815376805,
    "researchAndDevelopmentExpenses": 0,
    "generalAndAdministrativeExpenses": 0,
    "sellingAndMarketingExpenses": 0,
    "sellingGeneralAndAdministrativeExpenses": 628952000,
    "otherExpenses": -45000,
    "operatingExpenses": 628952000,
    "costAndExpenses": 2728980000,
    "interestIncome": 4304000,
    "interestExpense": 11430000,
    "depreciationAndAmortization": 44749000,
    "ebitda": 242976000,
    "ebitdaratio": 0.0831270348,
    "operatingIncome": 193968000,
    "operatingIncomeRatio": 0.0663604005,
    "totalOtherIncomeExpensesNet": -7171000,
    "incomeBeforeTax": 186797000,
    "incomeBeforeTaxRatio": 0.0639070555,
    "incomeTaxExpense": 38630000,
    "netIncome": 140748000,
    "netIncomeRatio": 0.0481527554,
    "eps": 0.89,
    "epsdiluted": 0.88,
    "weightedAverageShsOut": 157716000,
    "weightedAverageShsOutDil": 159758000,
    "link": null,
    "finalLink": null
  },
  {
    "date": "2016-12-31",
    "symbol": "HSIC",
    "reportedCurrency": "USD",
    "cik": "0001000228",
    "fillingDate": "2017-02-21",
    "acceptedDate": "2017-02-21 15:57:15",
    "calendarYear": "2016",
    "period": "Q4",
    "revenue": 3120934000,
    "costOfRevenue": 2259077000,
    "grossProfit": 861857000,
    "grossProfitRatio": 0.2761535489,
    "researchAndDevelopmentExpenses": 0,
    "generalAndAdministrativeExpenses": 547695000,
    "sellingAndMarketingExpenses": 84100000,
    "sellingGeneralAndAdministrativeExpenses": 631795000,
    "otherExpenses": -327000,
    "operatingExpenses": 631795000,
    "costAndExpenses": 2890872000,
    "interestIncome": 3230000,
    "interestExpense": 9911000,
    "depreciationAndAmortization": 43951000,
    "ebitda": 274013000,
    "ebitdaratio": 0.0877983962,
    "operatingIncome": 213982000,
    "operatingIncomeRatio": 0.0685634493,
    "totalOtherIncomeExpensesNet": -7008000,
    "incomeBeforeTax": 206974000,
    "incomeBeforeTaxRatio": 0.0663179676,
    "incomeTaxExpense": 58859000,
    "netIncome": 139216000,
    "netIncomeRatio": 0.0446071593,
    "eps": 0.88,
    "epsdiluted": 0.87,
    "weightedAverageShsOut": 159028000,
    "weightedAverageShsOutDil": 161052000,
    "link": "https://www.sec.gov/Archives/edgar/data/1000228/000100022817000011/0001000228-17-000011-index.htm",
    "finalLink": "https://www.sec.gov/Archives/edgar/data/1000228/000100022817000011/the10k_2016.htm"
  },
  {
    "date": "2016-09-30",
    "symbol": "HSIC",
    "reportedCurrency": "USD",
    "cik": "0001000228",
    "fillingDate": "2016-09-30",
    "acceptedDate": "2016-09-29 20:00:00",
    "calendarYear": "2016",
    "period": "Q3",
    "revenue": 2865148000,
    "costOfRevenue": 2075657000,
    "grossProfit": 789491000,
    "grossProfitRatio": 0.2755498145,
    "researchAndDevelopmentExpenses": 0,
    "generalAndAdministrativeExpenses": 0,
    "sellingAndMarketingExpenses": 0,
    "sellingGeneralAndAdministrativeExpenses": 583400000,
    "otherExpenses": -199000,
    "operatingExpenses": 583400000,
    "costAndExpenses": 2659057000,
    "interestIncome": 3141000,
    "interestExpense": 7488000,
    "depreciationAndAmortization": 42431000,
    "ebitda": 248522000,
    "ebitdaratio": 0.0867396728,
    "operatingIncome": 200721000,
    "operatingIncomeRatio": 0.0700560669,
    "totalOtherIncomeExpensesNet": -4546000,
    "incomeBeforeTax": 196175000,
    "incomeBeforeTaxRatio": 0.0684694124,
    "incomeTaxExpense": 56601000,
    "netIncome": 133713000,
    "netIncomeRatio": 0.0466687934,
    "eps": 0.83,
    "epsdiluted": 0.82,
    "weightedAverageShsOut": 161792000,
    "weightedAverageShsOutDil": 163710000,
    "link": null,
    "finalLink": null
  },
  {
    "date": "2016-06-30",
    "symbol": "HSIC",
    "reportedCurrency": "USD",
    "cik": "0001000228",
    "fillingDate": "2016-06-30",
    "acceptedDate": "2016-06-30 00:00:00",
    "calendarYear": "2016",
    "period": "Q2",
    "revenue": 2872630000,
    "costOfRevenue": 2069314000,
    "grossProfit": 803316000,
    "grossProfitRatio": 0.2796447854,
    "researchAndDevelopmentExpenses": 0,
    "generalAndAdministrativeExpenses": 0,
    "sellingAndMarketingExpenses": 0,
    "sellingGeneralAndAdministrativeExpenses": 602256000,
    "otherExpenses": 268000,
    "operatingExpenses": 602256000,
    "costAndExpenses": 2671570000,
    "interestIncome": 3556000,
    "interestExpense": 7367000,
    "depreciationAndAmortization": 42431000,
    "ebitda": 243491000,
    "ebitdaratio": 0.0847623954,
    "operatingIncome": 180677000,
    "operatingIncomeRatio": 0.0628960221,
    "totalOtherIncomeExpensesNet": -3543000,
    "incomeBeforeTax": 177134000,
    "incomeBeforeTaxRatio": 0.0616626576,
    "incomeTaxExpense": 48965000,
    "netIncome": 120097000,
    "netIncomeRatio": 0.0418073333,
    "eps": 0.74,
    "epsdiluted": 0.73,
    "weightedAverageShsOut": 162916000,
    "weightedAverageShsOutDil": 164788000,
    "link": null,
    "finalLink": null
  },
  {
    "date": "2016-03-26",
    "symbol": "HSIC",
    "reportedCurrency": "USD",
    "cik": "0001000228",
    "fillingDate": "2016-05-03",
    "acceptedDate": "2016-05-03 15:00:39",
    "calendarYear": "2016",
    "period": "Q1",
    "revenue": 2712956000,
    "costOfRevenue": 1933651000,
    "grossProfit": 779305000,
    "grossProfitRatio": 0.2872530922,
    "researchAndDevelopmentExpenses": 0,
    "generalAndAdministrativeExpenses": 0,
    "sellingAndMarketingExpenses": 0,
    "sellingGeneralAndAdministrativeExpenses": 599053000,
    "otherExpenses": 3137000,
    "operatingExpenses": 599053000,
    "costAndExpenses": 2532704000,
    "interestIncome": 3348000,
    "interestExpense": 7127000,
    "depreciationAndAmortization": 40967000,
    "ebitda": 221219000,
    "ebitdaratio": 0.0815416837,
    "operatingIncome": 176194000,
    "operatingIncomeRatio": 0.0649453954,
    "totalOtherIncomeExpensesNet": -642000,
    "incomeBeforeTax": 175552000,
    "incomeBeforeTaxRatio": 0.0647087531,
    "incomeTaxExpense": 53533000,
    "netIncome": 113752000,
    "netIncomeRatio": 0.0419291725,
    "eps": 0.7,
    "epsdiluted": 0.69,
    "weightedAverageShsOut": 163136000,
    "weightedAverageShsOutDil": 165478000,
    "link": "https://www.sec.gov/Archives/edgar/data/1000228/000100022816000066/0001000228-16-000066-index.htm",
    "finalLink": "https://www.sec.gov/Archives/edgar/data/1000228/000100022816000066/the10q_1q16.htm"
  },
  {
    "date": "2015-12-26",
    "symbol": "HSIC",
    "reportedCurrency": "USD",
    "cik": "0001000228",
    "fillingDate": "2016-02-10",
    "acceptedDate": "2016-02-10 15:04:27",
    "calendarYear": "2015",
    "period": "Q4",
    "revenue": 2850918000,
    "costOfRevenue": 2051640000,
    "grossProfit": 799278000,
    "grossProfitRatio": 0.2803581162,
    "researchAndDevelopmentExpenses": 0,
    "generalAndAdministrativeExpenses": 507476000,
    "sellingAndMarketingExpenses": 78700000,
    "sellingGeneralAndAdministrativeExpenses": 586176000,
    "otherExpenses": 193000,
    "operatingExpenses": 586176000,
    "costAndExpenses": 2637816000,
    "interestIncome": 3094000,
    "interestExpense": 7158000,
    "depreciationAndAmortization": 40236000,
    "ebitda": 253338000,
    "ebitdaratio": 0.0888619034,
    "operatingIncome": 200693000,
    "operatingIncomeRatio": 0.0703959216,
    "totalOtherIncomeExpensesNet": -3871000,
    "incomeBeforeTax": 196822000,
    "incomeBeforeTaxRatio": 0.0690381133,
    "incomeTaxExpense": 59248000,
    "netIncome": 129948000,
    "netIncomeRatio": 0.0455811076,
    "eps": 0.78,
    "epsdiluted": 0.78,
    "weightedAverageShsOut": 164496000,
    "weightedAverageShsOutDil": 167100000,
    "link": "https://www.sec.gov/Archives/edgar/data/1000228/000100022816000042/0001000228-16-000042-index.htm",
    "finalLink": "https://www.sec.gov/Archives/edgar/data/1000228/000100022816000042/the10k_2015.htm"
  },
  {
    "date": "2015-09-26",
    "symbol": "HSIC",
    "reportedCurrency": "USD",
    "cik": "0001000228",
    "fillingDate": "2015-11-04",
    "acceptedDate": "2015-11-04 14:09:34",
    "calendarYear": "2015",
    "period": "Q3",
    "revenue": 2685835000,
    "costOfRevenue": 1936927000,
    "grossProfit": 748908000,
    "grossProfitRatio": 0.2788361906,
    "researchAndDevelopmentExpenses": 0,
    "generalAndAdministrativeExpenses": 0,
    "sellingAndMarketingExpenses": 0,
    "sellingGeneralAndAdministrativeExpenses": 551588000,
    "otherExpenses": -277000,
    "operatingExpenses": 551588000,
    "costAndExpenses": 2488515000,
    "interestIncome": 3129000,
    "interestExpense": 6297000,
    "depreciationAndAmortization": 42716000,
    "ebitda": 240036000,
    "ebitdaratio": 0.0893710894,
    "operatingIncome": 188882000,
    "operatingIncomeRatio": 0.0703252434,
    "totalOtherIncomeExpensesNet": -3445000,
    "incomeBeforeTax": 185437000,
    "incomeBeforeTaxRatio": 0.0690425882,
    "incomeTaxExpense": 49232000,
    "netIncome": 127735000,
    "netIncomeRatio": 0.0475587666,
    "eps": 0.77,
    "epsdiluted": 0.76,
    "weightedAverageShsOut": 165716000,
    "weightedAverageShsOutDil": 168168000,
    "link": "https://www.sec.gov/Archives/edgar/data/1000228/000100022815000035/0001000228-15-000035-index.htm",
    "finalLink": "https://www.sec.gov/Archives/edgar/data/1000228/000100022815000035/the10q_3q15.htm"
  },
  {
    "date": "2015-06-27",
    "symbol": "HSIC",
    "reportedCurrency": "USD",
    "cik": "0001000228",
    "fillingDate": "2015-07-29",
    "acceptedDate": "2015-07-29 15:10:46",
    "calendarYear": "2015",
    "period": "Q2",
    "revenue": 2629320000,
    "costOfRevenue": 1878642000,
    "grossProfit": 750678000,
    "grossProfitRatio": 0.2855027155,
    "researchAndDevelopmentExpenses": 0,
    "generalAndAdministrativeExpenses": 0,
    "sellingAndMarketingExpenses": 0,
    "sellingGeneralAndAdministrativeExpenses": 560426000,
    "otherExpenses": -177000,
    "operatingExpenses": 560426000,
    "costAndExpenses": 2439068000,
    "interestIncome": 3257000,
    "interestExpense": 6290000,
    "depreciationAndAmortization": 39026000,
    "ebitda": 229278000,
    "ebitdaratio": 0.0872004929,
    "operatingIncome": 183030000,
    "operatingIncomeRatio": 0.0696111542,
    "totalOtherIncomeExpensesNet": -3210000,
    "incomeBeforeTax": 179820000,
    "incomeBeforeTaxRatio": 0.0683903062,
    "incomeTaxExpense": 53784000,
    "netIncome": 117928000,
    "netIncomeRatio": 0.0448511402,
    "eps": 0.71,
    "epsdiluted": 0.7,
    "weightedAverageShsOut": 166106000,
    "weightedAverageShsOutDil": 168498000,
    "link": "https://www.sec.gov/Archives/edgar/data/1000228/000100022815000029/0001000228-15-000029-index.htm",
    "finalLink": "https://www.sec.gov/Archives/edgar/data/1000228/000100022815000029/the2q15_10q.htm"
  },
  {
    "date": "2015-03-28",
    "symbol": "HSIC",
    "reportedCurrency": "USD",
    "cik": "0001000228",
    "fillingDate": "2015-05-04",
    "acceptedDate": "2015-05-04 14:13:13",
    "calendarYear": "2015",
    "period": "Q1",
    "revenue": 2463646000,
    "costOfRevenue": 1750251000,
    "grossProfit": 713395000,
    "grossProfitRatio": 0.2895687936,
    "researchAndDevelopmentExpenses": 0,
    "generalAndAdministrativeExpenses": 0,
    "sellingAndMarketingExpenses": 0,
    "sellingGeneralAndAdministrativeExpenses": 545166000,
    "otherExpenses": 120000,
    "operatingExpenses": 545166000,
    "costAndExpenses": 2295417000,
    "interestIncome": 3455000,
    "interestExpense": 6263000,
    "depreciationAndAmortization": 37149000,
    "ebitda": 205378000,
    "ebitdaratio": 0.0833634378,
    "operatingIncome": 161367000,
    "operatingIncomeRatio": 0.0654992641,
    "totalOtherIncomeExpensesNet": -2688000,
    "incomeBeforeTax": 158679000,
    "incomeBeforeTaxRatio": 0.0644081983,
    "incomeTaxExpense": 49127000,
    "netIncome": 103447000,
    "netIncomeRatio": 0.041989393,
    "eps": 0.62,
    "epsdiluted": 0.61,
    "weightedAverageShsOut": 166460000,
    "weightedAverageShsOutDil": 169430000,
    "link": "https://www.sec.gov/Archives/edgar/data/1000228/000100022815000017/0001000228-15-000017-index.htm",
    "finalLink": "https://www.sec.gov/Archives/edgar/data/1000228/000100022815000017/the10q_1q15.htm"
  },
  {
    "date": "2014-12-27",
    "symbol": "HSIC",
    "reportedCurrency": "USD",
    "cik": "0001000228",
    "fillingDate": "2015-02-11",
    "acceptedDate": "2015-02-11 13:37:28",
    "calendarYear": "2014",
    "period": "Q4",
    "revenue": 2702096000,
    "costOfRevenue": 1937632000,
    "grossProfit": 764464000,
    "grossProfitRatio": 0.2829151888,
    "researchAndDevelopmentExpenses": 0,
    "generalAndAdministrativeExpenses": 0,
    "sellingAndMarketingExpenses": 0,
    "sellingGeneralAndAdministrativeExpenses": 561522000,
    "otherExpenses": 444000,
    "operatingExpenses": 561522000,
    "costAndExpenses": 2499154000,
    "interestIncome": 3332000,
    "interestExpense": 6849000,
    "depreciationAndAmortization": 39570000,
    "ebitda": 242512000,
    "ebitdaratio": 0.089749587,
    "operatingIncome": 202942000,
    "operatingIncomeRatio": 0.0751053997,
    "totalOtherIncomeExpensesNet": -3073000,
    "incomeBeforeTax": 199869000,
    "incomeBeforeTaxRatio": 0.0739681344,
    "incomeTaxExpense": 59363000,
    "netIncome": 132966000,
    "netIncomeRatio": 0.0492084663,
    "eps": 0.8,
    "epsdiluted": 0.78,
    "weightedAverageShsOut": 167116000,
    "weightedAverageShsOutDil": 170054000,
    "link": "https://www.sec.gov/Archives/edgar/data/1000228/000100022815000007/0001000228-15-000007-index.htm",
    "finalLink": "https://www.sec.gov/Archives/edgar/data/1000228/000100022815000007/the10k_2014.htm"
  },
  {
    "date": "2014-09-27",
    "symbol": "HSIC",
    "reportedCurrency": "USD",
    "cik": "0001000228",
    "fillingDate": "2014-11-06",
    "acceptedDate": "2014-11-06 13:13:37",
    "calendarYear": "2014",
    "period": "Q3",
    "revenue": 2623729000,
    "costOfRevenue": 1902063000,
    "grossProfit": 721666000,
    "grossProfitRatio": 0.2750535593,
    "researchAndDevelopmentExpenses": 0,
    "generalAndAdministrativeExpenses": 0,
    "sellingAndMarketingExpenses": 0,
    "sellingGeneralAndAdministrativeExpenses": 547578000,
    "otherExpenses": -484000,
    "operatingExpenses": 547578000,
    "costAndExpenses": 2449641000,
    "interestIncome": 3452000,
    "interestExpense": 6280000,
    "depreciationAndAmortization": 39179000,
    "ebitda": 213267000,
    "ebitdaratio": 0.0812839283,
    "operatingIncome": 174088000,
    "operatingIncomeRatio": 0.0663513648,
    "totalOtherIncomeExpensesNet": -3312000,
    "incomeBeforeTax": 170776000,
    "incomeBeforeTaxRatio": 0.0650890393,
    "incomeTaxExpense": 51302000,
    "netIncome": 114776000,
    "netIncomeRatio": 0.0437453716,
    "eps": 0.68,
    "epsdiluted": 0.67,
    "weightedAverageShsOut": 168190000,
    "weightedAverageShsOutDil": 170900000,
    "link": "https://www.sec.gov/Archives/edgar/data/1000228/000100022814000037/0001000228-14-000037-index.htm",
    "finalLink": "https://www.sec.gov/Archives/edgar/data/1000228/000100022814000037/the3q14_10q.htm"
  },
  {
    "date": "2014-06-28",
    "symbol": "HSIC",
    "reportedCurrency": "USD",
    "cik": "0001000228",
    "fillingDate": "2014-08-04",
    "acceptedDate": "2014-08-04 12:28:28",
    "calendarYear": "2014",
    "period": "Q2",
    "revenue": 2615406000,
    "costOfRevenue": 1886934000,
    "grossProfit": 728472000,
    "grossProfitRatio": 0.2785311344,
    "researchAndDevelopmentExpenses": 0,
    "generalAndAdministrativeExpenses": 0,
    "sellingAndMarketingExpenses": 0,
    "sellingGeneralAndAdministrativeExpenses": 547628000,
    "otherExpenses": 1032000,
    "operatingExpenses": 547628000,
    "costAndExpenses": 2434562000,
    "interestIncome": 3416000,
    "interestExpense": 5670000,
    "depreciationAndAmortization": 37353000,
    "ebitda": 218197000,
    "ebitdaratio": 0.0834275826,
    "operatingIncome": 180844000,
    "operatingIncomeRatio": 0.0691456699,
    "totalOtherIncomeExpensesNet": 1595000,
    "incomeBeforeTax": 179622000,
    "incomeBeforeTaxRatio": 0.0686784385,
    "incomeTaxExpense": 55322000,
    "netIncome": 116236000,
    "netIncomeRatio": 0.0444428131,
    "eps": 0.69,
    "epsdiluted": 0.68,
    "weightedAverageShsOut": 169240000,
    "weightedAverageShsOutDil": 171960000,
    "link": "https://www.sec.gov/Archives/edgar/data/1000228/000100022814000029/0001000228-14-000029-index.htm",
    "finalLink": "https://www.sec.gov/Archives/edgar/data/1000228/000100022814000029/the10q_2q14.htm"
  },
  {
    "date": "2014-03-29",
    "symbol": "HSIC",
    "reportedCurrency": "USD",
    "cik": "0001000228",
    "fillingDate": "2014-05-06",
    "acceptedDate": "2014-05-06 12:25:41",
    "calendarYear": "2014",
    "period": "Q1",
    "revenue": 2430159000,
    "costOfRevenue": 1733446000,
    "grossProfit": 696713000,
    "grossProfitRatio": 0.2866944097,
    "researchAndDevelopmentExpenses": 0,
    "generalAndAdministrativeExpenses": 0,
    "sellingAndMarketingExpenses": 0,
    "sellingGeneralAndAdministrativeExpenses": 539445000,
    "otherExpenses": 3580000,
    "operatingExpenses": 539445000,
    "costAndExpenses": 2272891000,
    "interestIncome": 3455000,
    "interestExpense": 5258000,
    "depreciationAndAmortization": 36136000,
    "ebitda": 193404000,
    "ebitdaratio": 0.079584916,
    "operatingIncome": 157268000,
    "operatingIncomeRatio": 0.0647151071,
    "totalOtherIncomeExpensesNet": 2483000,
    "incomeBeforeTax": 159045000,
    "incomeBeforeTaxRatio": 0.065446335,
    "incomeTaxExpense": 49623000,
    "netIncome": 102099000,
    "netIncomeRatio": 0.0420133004,
    "eps": 0.6,
    "epsdiluted": 0.59,
    "weightedAverageShsOut": 169616000,
    "weightedAverageShsOutDil": 173036000,
    "link": "https://www.sec.gov/Archives/edgar/data/1000228/000100022814000017/0001000228-14-000017-index.htm",
    "finalLink": "https://www.sec.gov/Archives/edgar/data/1000228/000100022814000017/the10q_1q14.htm"
  },
  {
    "date": "2013-12-28",
    "symbol": "HSIC",
    "reportedCurrency": "USD",
    "cik": "0001000228",
    "fillingDate": "2014-02-11",
    "acceptedDate": "2014-02-11 15:13:53",
    "calendarYear": "2013",
    "period": "Q4",
    "revenue": 2526370000,
    "costOfRevenue": 1826850000,
    "grossProfit": 699520000,
    "grossProfitRatio": 0.2768873918,
    "researchAndDevelopmentExpenses": 0,
    "generalAndAdministrativeExpenses": 443537000,
    "sellingAndMarketingExpenses": 69100000,
    "sellingGeneralAndAdministrativeExpenses": 512637000,
    "otherExpenses": 1466000,
    "operatingExpenses": 512637000,
    "costAndExpenses": 2339487000,
    "interestIncome": 3109000,
    "interestExpense": 4870000,
    "depreciationAndAmortization": 31954000,
    "ebitda": 218837000,
    "ebitdaratio": 0.0866211204,
    "operatingIncome": 186883000,
    "operatingIncomeRatio": 0.0739729335,
    "totalOtherIncomeExpensesNet": -295000,
    "incomeBeforeTax": 186588000,
    "incomeBeforeTaxRatio": 0.0738561652,
    "incomeTaxExpense": 55604000,
    "netIncome": 124268000,
    "netIncomeRatio": 0.0491883612,
    "eps": 0.72,
    "epsdiluted": 0.72,
    "weightedAverageShsOut": 170160000,
    "weightedAverageShsOutDil": 173600000,
    "link": "https://www.sec.gov/Archives/edgar/data/1000228/000100022814000010/0001000228-14-000010-index.htm",
    "finalLink": "https://www.sec.gov/Archives/edgar/data/1000228/000100022814000010/the10k_2013.htm"
  },
  {
    "date": "2013-09-28",
    "symbol": "HSIC",
    "reportedCurrency": "USD",
    "cik": "0001000228",
    "fillingDate": "2013-11-05",
    "acceptedDate": "2013-11-05 11:53:29",
    "calendarYear": "2013",
    "period": "Q3",
    "revenue": 2348956000,
    "costOfRevenue": 1709309000,
    "grossProfit": 639647000,
    "grossProfitRatio": 0.2723111885,
    "researchAndDevelopmentExpenses": 0,
    "generalAndAdministrativeExpenses": 0,
    "sellingAndMarketingExpenses": 0,
    "sellingGeneralAndAdministrativeExpenses": 479170000,
    "otherExpenses": 1263000,
    "operatingExpenses": 479170000,
    "costAndExpenses": 2188479000,
    "interestIncome": 3236000,
    "interestExpense": 5051000,
    "depreciationAndAmortization": 31845000,
    "ebitda": 192322000,
    "ebitdaratio": 0.0818755226,
    "operatingIncome": 160477000,
    "operatingIncomeRatio": 0.0683184359,
    "totalOtherIncomeExpensesNet": -552000,
    "incomeBeforeTax": 159925000,
    "incomeBeforeTaxRatio": 0.0680834379,
    "incomeTaxExpense": 34660000,
    "netIncome": 107378000,
    "netIncomeRatio": 0.0457130742,
    "eps": 0.63,
    "epsdiluted": 0.62,
    "weightedAverageShsOut": 171292000,
    "weightedAverageShsOutDil": 174808000,
    "link": "https://www.sec.gov/Archives/edgar/data/1000228/000100022813000036/0001000228-13-000036-index.htm",
    "finalLink": "https://www.sec.gov/Archives/edgar/data/1000228/000100022813000036/the10q_3q13.htm"
  },
  {
    "date": "2013-06-29",
    "symbol": "HSIC",
    "reportedCurrency": "USD",
    "cik": "0001000228",
    "fillingDate": "2013-08-06",
    "acceptedDate": "2013-08-06 12:11:31",
    "calendarYear": "2013",
    "period": "Q2",
    "revenue": 2391810000,
    "costOfRevenue": 1721954000,
    "grossProfit": 669856000,
    "grossProfitRatio": 0.2800623795,
    "researchAndDevelopmentExpenses": 0,
    "generalAndAdministrativeExpenses": 0,
    "sellingAndMarketingExpenses": 0,
    "sellingGeneralAndAdministrativeExpenses": 493791000,
    "otherExpenses": -34000,
    "operatingExpenses": 493791000,
    "costAndExpenses": 2215745000,
    "interestIncome": 3303000,
    "interestExpense": 4890000,
    "depreciationAndAmortization": 31843000,
    "ebitda": 211177000,
    "ebitdaratio": 0.0882917121,
    "operatingIncome": 176065000,
    "operatingIncomeRatio": 0.0736116163,
    "totalOtherIncomeExpensesNet": 145000,
    "incomeBeforeTax": 174444000,
    "incomeBeforeTaxRatio": 0.0729338869,
    "incomeTaxExpense": 54775000,
    "netIncome": 108430000,
    "netIncomeRatio": 0.0453338685,
    "eps": 0.63,
    "epsdiluted": 0.62,
    "weightedAverageShsOut": 172740000,
    "weightedAverageShsOutDil": 175936000,
    "link": "https://www.sec.gov/Archives/edgar/data/1000228/000100022813000030/0001000228-13-000030-index.htm",
    "finalLink": "https://www.sec.gov/Archives/edgar/data/1000228/000100022813000030/the10q_2q13.htm"
  },
  {
    "date": "2013-03-30",
    "symbol": "HSIC",
    "reportedCurrency": "USD",
    "cik": "0001000228",
    "fillingDate": "2013-05-07",
    "acceptedDate": "2013-05-07 12:11:16",
    "calendarYear": "2013",
    "period": "Q1",
    "revenue": 2293511000,
    "costOfRevenue": 1646520000,
    "grossProfit": 646991000,
    "grossProfitRatio": 0.2820963143,
    "researchAndDevelopmentExpenses": 0,
    "generalAndAdministrativeExpenses": 0,
    "sellingAndMarketingExpenses": 0,
    "sellingGeneralAndAdministrativeExpenses": 493362000,
    "otherExpenses": -370000,
    "operatingExpenses": 493362000,
    "costAndExpenses": 2139882000,
    "interestIncome": 3205000,
    "interestExpense": 12727000,
    "depreciationAndAmortization": 32393000,
    "ebitda": 188857000,
    "ebitdaratio": 0.0823440568,
    "operatingIncome": 153629000,
    "operatingIncomeRatio": 0.0669842002,
    "totalOtherIncomeExpensesNet": -9091000,
    "incomeBeforeTax": 143737000,
    "incomeBeforeTaxRatio": 0.0626711622,
    "incomeTaxExpense": 45852000,
    "netIncome": 91478000,
    "netIncomeRatio": 0.0398855728,
    "eps": 0.53,
    "epsdiluted": 0.52,
    "weightedAverageShsOut": 173308000,
    "weightedAverageShsOutDil": 177584000,
    "link": "https://www.sec.gov/Archives/edgar/data/1000228/000100022813000019/0001000228-13-000019-index.htm",
    "finalLink": "https://www.sec.gov/Archives/edgar/data/1000228/000100022813000019/the10q_1q13.htm"
  },
  {
    "date": "2012-12-29",
    "symbol": "HSIC",
    "reportedCurrency": "USD",
    "cik": "0001000228",
    "fillingDate": "2013-02-13",
    "acceptedDate": "2013-02-13 14:03:18",
    "calendarYear": "2012",
    "period": "Q4",
    "revenue": 2408438000,
    "costOfRevenue": 1744943000,
    "grossProfit": 663495000,
    "grossProfitRatio": 0.2754876812,
    "researchAndDevelopmentExpenses": 0,
    "generalAndAdministrativeExpenses": 0,
    "sellingAndMarketingExpenses": 0,
    "sellingGeneralAndAdministrativeExpenses": 482153000,
    "otherExpenses": 0,
    "operatingExpenses": 482153000,
    "costAndExpenses": 2227096000,
    "interestIncome": 3172000,
    "interestExpense": 8243000,
    "depreciationAndAmortization": 33333000,
    "ebitda": 218239000,
    "ebitdaratio": 0.0906143318,
    "operatingIncome": 181342000,
    "operatingIncomeRatio": 0.075294444,
    "totalOtherIncomeExpensesNet": -4679000,
    "incomeBeforeTax": 176663000,
    "incomeBeforeTaxRatio": 0.073351691,
    "incomeTaxExpense": 54108000,
    "netIncome": 112467000,
    "netIncomeRatio": 0.0466970709,
    "eps": 0.63,
    "epsdiluted": 0.63,
    "weightedAverageShsOut": 173180000,
    "weightedAverageShsOutDil": 178600000,
    "link": "https://www.sec.gov/Archives/edgar/data/1000228/000100022813000010/0001000228-13-000010-index.htm",
    "finalLink": "https://www.sec.gov/Archives/edgar/data/1000228/000100022813000010/the201210k.htm"
  },
  {
    "date": "2012-09-29",
    "symbol": "HSIC",
    "reportedCurrency": "USD",
    "cik": "0001000228",
    "fillingDate": "2012-11-07",
    "acceptedDate": "2012-11-07 12:18:58",
    "calendarYear": "2012",
    "period": "Q3",
    "revenue": 2231058000,
    "costOfRevenue": 1622014000,
    "grossProfit": 609044000,
    "grossProfitRatio": 0.2729843868,
    "researchAndDevelopmentExpenses": 0,
    "generalAndAdministrativeExpenses": 0,
    "sellingAndMarketingExpenses": 0,
    "sellingGeneralAndAdministrativeExpenses": 459422000,
    "otherExpenses": 988000,
    "operatingExpenses": 459422000,
    "costAndExpenses": 2081436000,
    "interestIncome": 3283000,
    "interestExpense": 7308000,
    "depreciationAndAmortization": 30600000,
    "ebitda": 184493000,
    "ebitdaratio": 0.0826930541,
    "operatingIncome": 149622000,
    "operatingIncomeRatio": 0.0670632498,
    "totalOtherIncomeExpensesNet": 397000,
    "incomeBeforeTax": 146585000,
    "incomeBeforeTaxRatio": 0.0657020122,
    "incomeTaxExpense": 44709000,
    "netIncome": 96771000,
    "netIncomeRatio": 0.0433744887,
    "eps": 0.56,
    "epsdiluted": 0.54,
    "weightedAverageShsOut": 174930000,
    "weightedAverageShsOutDil": 179294000,
    "link": "https://www.sec.gov/Archives/edgar/data/1000228/000100022812000041/0001000228-12-000041-index.htm",
    "finalLink": "https://www.sec.gov/Archives/edgar/data/1000228/000100022812000041/the10q_3q12.htm"
  },
  {
    "date": "2012-06-30",
    "symbol": "HSIC",
    "reportedCurrency": "USD",
    "cik": "0001000228",
    "fillingDate": "2012-08-02",
    "acceptedDate": "2012-08-02 13:16:14",
    "calendarYear": "2012",
    "period": "Q2",
    "revenue": 2201452000,
    "costOfRevenue": 1577057000,
    "grossProfit": 624395000,
    "grossProfitRatio": 0.2836287141,
    "researchAndDevelopmentExpenses": 0,
    "generalAndAdministrativeExpenses": 0,
    "sellingAndMarketingExpenses": 0,
    "sellingGeneralAndAdministrativeExpenses": 466333000,
    "otherExpenses": 830000,
    "operatingExpenses": 466333000,
    "costAndExpenses": 2043390000,
    "interestIncome": 3609000,
    "interestExpense": 7711000,
    "depreciationAndAmortization": 30969000,
    "ebitda": 190110000,
    "ebitdaratio": 0.086356641,
    "operatingIncome": 154702000,
    "operatingIncomeRatio": 0.0702727109,
    "totalOtherIncomeExpensesNet": -3272000,
    "incomeBeforeTax": 151430000,
    "incomeBeforeTaxRatio": 0.0687864191,
    "incomeTaxExpense": 47201000,
    "netIncome": 98086000,
    "netIncomeRatio": 0.0445551391,
    "eps": 0.56,
    "epsdiluted": 0.54,
    "weightedAverageShsOut": 176980000,
    "weightedAverageShsOutDil": 181106000,
    "link": "https://www.sec.gov/Archives/edgar/data/1000228/000100022812000032/0001000228-12-000032-index.htm",
    "finalLink": "https://www.sec.gov/Archives/edgar/data/1000228/000100022812000032/the10q_2q12.htm"
  },
  {
    "date": "2012-03-31",
    "symbol": "HSIC",
    "reportedCurrency": "USD",
    "cik": "0001000228",
    "fillingDate": "2012-05-08",
    "acceptedDate": "2012-05-08 12:15:30",
    "calendarYear": "2012",
    "period": "Q1",
    "revenue": 2099019000,
    "costOfRevenue": 1488440000,
    "grossProfit": 610579000,
    "grossProfitRatio": 0.2908877909,
    "researchAndDevelopmentExpenses": 0,
    "generalAndAdministrativeExpenses": 0,
    "sellingAndMarketingExpenses": 0,
    "sellingGeneralAndAdministrativeExpenses": 465452000,
    "otherExpenses": 525000,
    "operatingExpenses": 465452000,
    "costAndExpenses": 1953892000,
    "interestIncome": 3330000,
    "interestExpense": 7640000,
    "depreciationAndAmortization": 30420000,
    "ebitda": 167570000,
    "ebitdaratio": 0.0798325313,
    "operatingIncome": 133295000,
    "operatingIncomeRatio": 0.0635034747,
    "totalOtherIncomeExpensesNet": -3785000,
    "incomeBeforeTax": 129510000,
    "incomeBeforeTaxRatio": 0.0617002514,
    "incomeTaxExpense": 41840000,
    "netIncome": 80752000,
    "netIncomeRatio": 0.0384713049,
    "eps": 0.46,
    "epsdiluted": 0.45,
    "weightedAverageShsOut": 176432000,
    "weightedAverageShsOutDil": 181332000,
    "link": "https://www.sec.gov/Archives/edgar/data/1000228/000100022812000020/0001000228-12-000020-index.htm",
    "finalLink": "https://www.sec.gov/Archives/edgar/data/1000228/000100022812000020/the10q_1q12.htm"
  },
  {
    "date": "2011-12-31",
    "symbol": "HSIC",
    "reportedCurrency": "USD",
    "cik": "0001000228",
    "fillingDate": "2012-02-15",
    "acceptedDate": "2012-02-15 15:57:04",
    "calendarYear": "2011",
    "period": "Q4",
    "revenue": 2340148000,
    "costOfRevenue": 1687559000,
    "grossProfit": 652589000,
    "grossProfitRatio": 0.2788665503,
    "researchAndDevelopmentExpenses": 0,
    "generalAndAdministrativeExpenses": 0,
    "sellingAndMarketingExpenses": 0,
    "sellingGeneralAndAdministrativeExpenses": 489216000,
    "otherExpenses": 0,
    "operatingExpenses": 489216000,
    "costAndExpenses": 2176775000,
    "interestIncome": 3638000,
    "interestExpense": 7577000,
    "depreciationAndAmortization": 29856000,
    "ebitda": 197496000,
    "ebitdaratio": 0.0843946622,
    "operatingIncome": 163373000,
    "operatingIncomeRatio": 0.0698131058,
    "totalOtherIncomeExpensesNet": -3310000,
    "incomeBeforeTax": 160063000,
    "incomeBeforeTaxRatio": 0.0683986654,
    "incomeTaxExpense": 49458000,
    "netIncome": 104730000,
    "netIncomeRatio": 0.0447535797,
    "eps": 0.59,
    "epsdiluted": 0.57,
    "weightedAverageShsOut": 177516000,
    "weightedAverageShsOutDil": 182484000,
    "link": "https://www.sec.gov/Archives/edgar/data/1000228/000100022812000009/0001000228-12-000009-index.htm",
    "finalLink": "https://www.sec.gov/Archives/edgar/data/1000228/000100022812000009/the10k_2011.htm"
  },
  {
    "date": "2011-09-24",
    "symbol": "HSIC",
    "reportedCurrency": "USD",
    "cik": "0001000228",
    "fillingDate": "2011-11-01",
    "acceptedDate": "2011-11-01 16:14:47",
    "calendarYear": "2011",
    "period": "Q3",
    "revenue": 2111693000,
    "costOfRevenue": 1524273000,
    "grossProfit": 587420000,
    "grossProfitRatio": 0.2781749052,
    "researchAndDevelopmentExpenses": 0,
    "generalAndAdministrativeExpenses": 0,
    "sellingAndMarketingExpenses": 0,
    "sellingGeneralAndAdministrativeExpenses": 444159000,
    "otherExpenses": 0,
    "operatingExpenses": 444159000,
    "costAndExpenses": 1968432000,
    "interestIncome": 3830000,
    "interestExpense": 6813000,
    "depreciationAndAmortization": 28571000,
    "ebitda": 175894000,
    "ebitdaratio": 0.0832952517,
    "operatingIncome": 143261000,
    "operatingIncomeRatio": 0.0678417743,
    "totalOtherIncomeExpensesNet": -2751000,
    "incomeBeforeTax": 140510000,
    "incomeBeforeTaxRatio": 0.0665390282,
    "incomeTaxExpense": 44261000,
    "netIncome": 91961000,
    "netIncomeRatio": 0.0435484704,
    "eps": 0.51,
    "epsdiluted": 0.5,
    "weightedAverageShsOut": 180502000,
    "weightedAverageShsOutDil": 185738000,
    "link": "https://www.sec.gov/Archives/edgar/data/1000228/000100022811000066/0001000228-11-000066-index.htm",
    "finalLink": "https://www.sec.gov/Archives/edgar/data/1000228/000100022811000066/the10q_3q11.htm"
  },
  {
    "date": "2011-06-25",
    "symbol": "HSIC",
    "reportedCurrency": "USD",
    "cik": "0001000228",
    "fillingDate": "2011-08-02",
    "acceptedDate": "2011-08-02 11:47:28",
    "calendarYear": "2011",
    "period": "Q2",
    "revenue": 2130640000,
    "costOfRevenue": 1518416000,
    "grossProfit": 612224000,
    "grossProfitRatio": 0.2873427702,
    "researchAndDevelopmentExpenses": 0,
    "generalAndAdministrativeExpenses": 0,
    "sellingAndMarketingExpenses": 0,
    "sellingGeneralAndAdministrativeExpenses": 461009000,
    "otherExpenses": 0,
    "operatingExpenses": 461009000,
    "costAndExpenses": 1979425000,
    "interestIncome": 4192000,
    "interestExpense": 7902000,
    "depreciationAndAmortization": 29121000,
    "ebitda": 185286000,
    "ebitdaratio": 0.0869626028,
    "operatingIncome": 151215000,
    "operatingIncomeRatio": 0.0709716329,
    "totalOtherIncomeExpensesNet": -2952000,
    "incomeBeforeTax": 148263000,
    "incomeBeforeTaxRatio": 0.0695861337,
    "incomeTaxExpense": 47340000,
    "netIncome": 94475000,
    "netIncomeRatio": 0.0443411369,
    "eps": 0.52,
    "epsdiluted": 0.51,
    "weightedAverageShsOut": 181532000,
    "weightedAverageShsOutDil": 186892000,
    "link": "https://www.sec.gov/Archives/edgar/data/1000228/000100022811000049/0001000228-11-000049-index.htm",
    "finalLink": "https://www.sec.gov/Archives/edgar/data/1000228/000100022811000049/the2q11_10q.htm"
  },
  {
    "date": "2011-03-26",
    "symbol": "HSIC",
    "reportedCurrency": "USD",
    "cik": "0001000228",
    "fillingDate": "2011-05-03",
    "acceptedDate": "2011-05-03 11:33:26",
    "calendarYear": "2011",
    "period": "Q1",
    "revenue": 1947761000,
    "costOfRevenue": 1381939000,
    "grossProfit": 565822000,
    "grossProfitRatio": 0.2904986803,
    "researchAndDevelopmentExpenses": 0,
    "generalAndAdministrativeExpenses": 0,
    "sellingAndMarketingExpenses": 0,
    "sellingGeneralAndAdministrativeExpenses": 441522000,
    "otherExpenses": 0,
    "operatingExpenses": 441522000,
    "costAndExpenses": 1823461000,
    "interestIncome": 3933000,
    "interestExpense": 8085000,
    "depreciationAndAmortization": 28348000,
    "ebitda": 156904000,
    "ebitdaratio": 0.0805560847,
    "operatingIncome": 124300000,
    "operatingIncomeRatio": 0.0638168646,
    "totalOtherIncomeExpensesNet": -3829000,
    "incomeBeforeTax": 120471000,
    "incomeBeforeTaxRatio": 0.0618510177,
    "incomeTaxExpense": 39153000,
    "netIncome": 76495000,
    "netIncomeRatio": 0.0392732989,
    "eps": 0.42,
    "epsdiluted": 0.41,
    "weightedAverageShsOut": 181230000,
    "weightedAverageShsOutDil": 186322000,
    "link": "https://www.sec.gov/Archives/edgar/data/1000228/000100022811000029/0001000228-11-000029-index.htm",
    "finalLink": "https://www.sec.gov/Archives/edgar/data/1000228/000100022811000029/the1q11_10q.htm"
  },
  {
    "date": "2010-12-25",
    "symbol": "HSIC",
    "reportedCurrency": "USD",
    "cik": "0001000228",
    "fillingDate": "2011-02-22",
    "acceptedDate": "2011-02-22 12:01:27",
    "calendarYear": "2010",
    "period": "Q4",
    "revenue": 2023568000,
    "costOfRevenue": 1448825000,
    "grossProfit": 574743000,
    "grossProfitRatio": 0.2840245546,
    "researchAndDevelopmentExpenses": 0,
    "generalAndAdministrativeExpenses": 0,
    "sellingAndMarketingExpenses": 0,
    "sellingGeneralAndAdministrativeExpenses": 432745000,
    "otherExpenses": 0,
    "operatingExpenses": 432745000,
    "costAndExpenses": 1881570000,
    "interestIncome": 3780000,
    "interestExpense": 7545000,
    "depreciationAndAmortization": 25704000,
    "ebitda": 171541000,
    "ebitdaratio": 0.084771552,
    "operatingIncome": 141998000,
    "operatingIncomeRatio": 0.0701720921,
    "totalOtherIncomeExpensesNet": -3706000,
    "incomeBeforeTax": 138292000,
    "incomeBeforeTaxRatio": 0.0683406735,
    "incomeTaxExpense": 44184000,
    "netIncome": 92995000,
    "netIncomeRatio": 0.045955955,
    "eps": 0.5,
    "epsdiluted": 0.5,
    "weightedAverageShsOut": 181184000,
    "weightedAverageShsOutDil": 185800000,
    "link": "https://www.sec.gov/Archives/edgar/data/1000228/000100022811000014/0001000228-11-000014-index.htm",
    "finalLink": "https://www.sec.gov/Archives/edgar/data/1000228/000100022811000014/the2010_10k.htm"
  },
  {
    "date": "2010-09-25",
    "symbol": "HSIC",
    "reportedCurrency": "USD",
    "cik": "0001000228",
    "fillingDate": "2010-10-29",
    "acceptedDate": "2010-10-29 11:37:50",
    "calendarYear": "2010",
    "period": "Q3",
    "revenue": 1893511000,
    "costOfRevenue": 1356055000,
    "grossProfit": 537456000,
    "grossProfitRatio": 0.2838409706,
    "researchAndDevelopmentExpenses": 0,
    "generalAndAdministrativeExpenses": 0,
    "sellingAndMarketingExpenses": 0,
    "sellingGeneralAndAdministrativeExpenses": 400088000,
    "otherExpenses": 0,
    "operatingExpenses": 400088000,
    "costAndExpenses": 1756143000,
    "interestIncome": 3422000,
    "interestExpense": 7824000,
    "depreciationAndAmortization": 25166000,
    "ebitda": 165985000,
    "ebitdaratio": 0.087659908,
    "operatingIncome": 137368000,
    "operatingIncomeRatio": 0.0725467135,
    "totalOtherIncomeExpensesNet": -4373000,
    "incomeBeforeTax": 132995000,
    "incomeBeforeTaxRatio": 0.0702372471,
    "incomeTaxExpense": 42226000,
    "netIncome": 87893000,
    "netIncomeRatio": 0.0464180034,
    "eps": 0.49,
    "epsdiluted": 0.47,
    "weightedAverageShsOut": 180652000,
    "weightedAverageShsOutDil": 186540000,
    "link": "https://www.sec.gov/Archives/edgar/data/1000228/000100022810000043/0001000228-10-000043-index.htm",
    "finalLink": "https://www.sec.gov/Archives/edgar/data/1000228/000100022810000043/the3q10_10q.htm"
  },
  {
    "date": "2010-06-26",
    "symbol": "HSIC",
    "reportedCurrency": "USD",
    "cik": "0001000228",
    "fillingDate": "2010-08-02",
    "acceptedDate": "2010-08-02 12:58:47",
    "calendarYear": "2010",
    "period": "Q2",
    "revenue": 1849401000,
    "costOfRevenue": 1303757000,
    "grossProfit": 545644000,
    "grossProfitRatio": 0.2950382313,
    "researchAndDevelopmentExpenses": 0,
    "generalAndAdministrativeExpenses": 0,
    "sellingAndMarketingExpenses": 0,
    "sellingGeneralAndAdministrativeExpenses": 407638000,
    "otherExpenses": 0,
    "operatingExpenses": 407638000,
    "costAndExpenses": 1711395000,
    "interestIncome": 3508000,
    "interestExpense": 9185000,
    "depreciationAndAmortization": 25772000,
    "ebitda": 167760000,
    "ebitdaratio": 0.0907104517,
    "operatingIncome": 138006000,
    "operatingIncomeRatio": 0.0746219992,
    "totalOtherIncomeExpensesNet": -5203000,
    "incomeBeforeTax": 132803000,
    "incomeBeforeTaxRatio": 0.0718086559,
    "incomeTaxExpense": 41435000,
    "netIncome": 84001000,
    "netIncomeRatio": 0.0454206524,
    "eps": 0.47,
    "epsdiluted": 0.45,
    "weightedAverageShsOut": 180042000,
    "weightedAverageShsOutDil": 186704000,
    "link": "https://www.sec.gov/Archives/edgar/data/1000228/000100022810000032/0001000228-10-000032-index.htm",
    "finalLink": "https://www.sec.gov/Archives/edgar/data/1000228/000100022810000032/the2q10_10q.htm"
  },
  {
    "date": "2010-03-27",
    "symbol": "HSIC",
    "reportedCurrency": "USD",
    "cik": "0001000228",
    "fillingDate": "2010-05-04",
    "acceptedDate": "2010-05-04 12:39:09",
    "calendarYear": "2010",
    "period": "Q1",
    "revenue": 1760310000,
    "costOfRevenue": 1247277000,
    "grossProfit": 513033000,
    "grossProfitRatio": 0.2914446887,
    "researchAndDevelopmentExpenses": 0,
    "generalAndAdministrativeExpenses": 0,
    "sellingAndMarketingExpenses": 0,
    "sellingGeneralAndAdministrativeExpenses": 396989000,
    "otherExpenses": 0,
    "operatingExpenses": 396989000,
    "costAndExpenses": 1644266000,
    "interestIncome": 3388000,
    "interestExpense": 9087000,
    "depreciationAndAmortization": 24572000,
    "ebitda": 131604000,
    "ebitdaratio": 0.0747618317,
    "operatingIncome": 103759000,
    "operatingIncomeRatio": 0.0589435952,
    "totalOtherIncomeExpensesNet": -5814000,
    "incomeBeforeTax": 97945000,
    "incomeBeforeTaxRatio": 0.0556407678,
    "incomeTaxExpense": 32224000,
    "netIncome": 60900000,
    "netIncomeRatio": 0.0345961791,
    "eps": 0.34,
    "epsdiluted": 0.33,
    "weightedAverageShsOut": 179016000,
    "weightedAverageShsOutDil": 185442000,
    "link": "https://www.sec.gov/Archives/edgar/data/1000228/000100022810000021/0001000228-10-000021-index.htm",
    "finalLink": "https://www.sec.gov/Archives/edgar/data/1000228/000100022810000021/the1q10_10q.htm"
  },
  {
    "date": "2009-12-26",
    "symbol": "HSIC",
    "reportedCurrency": "USD",
    "cik": "0001000228",
    "fillingDate": "2010-02-23",
    "acceptedDate": "2010-02-23 12:42:05",
    "calendarYear": "2009",
    "period": "Q4",
    "revenue": 1786081000,
    "costOfRevenue": 1259809000,
    "grossProfit": 526272000,
    "grossProfitRatio": 0.2946518103,
    "researchAndDevelopmentExpenses": 0,
    "generalAndAdministrativeExpenses": 0,
    "sellingAndMarketingExpenses": 0,
    "sellingGeneralAndAdministrativeExpenses": 389653000,
    "otherExpenses": 0,
    "operatingExpenses": 389653000,
    "costAndExpenses": 1649462000,
    "interestIncome": 2305000,
    "interestExpense": 5041000,
    "depreciationAndAmortization": 20563000,
    "ebitda": 160941000,
    "ebitdaratio": 0.0901084553,
    "operatingIncome": 137642000,
    "operatingIncomeRatio": 0.0770636942,
    "totalOtherIncomeExpensesNet": -1666000,
    "incomeBeforeTax": 135337000,
    "incomeBeforeTaxRatio": 0.0757731592,
    "incomeTaxExpense": 44119000,
    "netIncome": 86408000,
    "netIncomeRatio": 0.048378545,
    "eps": 0.47,
    "epsdiluted": 0.47,
    "weightedAverageShsOut": 177918000,
    "weightedAverageShsOutDil": 184000000,
    "link": "https://www.sec.gov/Archives/edgar/data/1000228/000100022810000006/0001000228-10-000006-index.htm",
    "finalLink": "https://www.sec.gov/Archives/edgar/data/1000228/000100022810000006/the10k_2009.htm"
  },
  {
    "date": "2009-09-26",
    "symbol": "HSIC",
    "reportedCurrency": "USD",
    "cik": "0001000228",
    "fillingDate": "2009-11-04",
    "acceptedDate": "2009-11-04 12:21:40",
    "calendarYear": "2009",
    "period": "Q3",
    "revenue": 1659433000,
    "costOfRevenue": 1183166000,
    "grossProfit": 476267000,
    "grossProfitRatio": 0.2870058628,
    "researchAndDevelopmentExpenses": 0,
    "generalAndAdministrativeExpenses": 0,
    "sellingAndMarketingExpenses": 0,
    "sellingGeneralAndAdministrativeExpenses": 362382000,
    "otherExpenses": 0,
    "operatingExpenses": 362382000,
    "costAndExpenses": 1545548000,
    "interestIncome": 2387000,
    "interestExpense": 5171000,
    "depreciationAndAmortization": 20196000,
    "ebitda": 138406000,
    "ebitdaratio": 0.083405597,
    "operatingIncome": 113885000,
    "operatingIncomeRatio": 0.068628863,
    "totalOtherIncomeExpensesNet": -846000,
    "incomeBeforeTax": 113039000,
    "incomeBeforeTaxRatio": 0.0681190503,
    "incomeTaxExpense": 15864000,
    "netIncome": 96421000,
    "netIncomeRatio": 0.0581047864,
    "eps": 0.55,
    "epsdiluted": 0.53,
    "weightedAverageShsOut": 177592000,
    "weightedAverageShsOutDil": 183026000,
    "link": "https://www.sec.gov/Archives/edgar/data/1000228/000100022809000038/0001000228-09-000038-index.htm",
    "finalLink": "https://www.sec.gov/Archives/edgar/data/1000228/000100022809000038/the3q09_10q.htm"
  },
  {
    "date": "2009-06-27",
    "symbol": "HSIC",
    "reportedCurrency": "USD",
    "cik": "0001000228",
    "fillingDate": "2009-08-04",
    "acceptedDate": "2009-08-04 12:06:40",
    "calendarYear": "2009",
    "period": "Q2",
    "revenue": 1611006000,
    "costOfRevenue": 1132494000,
    "grossProfit": 478512000,
    "grossProfitRatio": 0.2970268267,
    "researchAndDevelopmentExpenses": 0,
    "generalAndAdministrativeExpenses": 0,
    "sellingAndMarketingExpenses": 0,
    "sellingGeneralAndAdministrativeExpenses": 356202000,
    "otherExpenses": 0,
    "operatingExpenses": 356202000,
    "costAndExpenses": 1488696000,
    "interestIncome": 2486000,
    "interestExpense": 6467000,
    "depreciationAndAmortization": 20813000,
    "ebitda": 144896000,
    "ebitdaratio": 0.0899413162,
    "operatingIncome": 122310000,
    "operatingIncomeRatio": 0.0759215049,
    "totalOtherIncomeExpensesNet": -4633000,
    "incomeBeforeTax": 118057000,
    "incomeBeforeTaxRatio": 0.0732815396,
    "incomeTaxExpense": 38841000,
    "netIncome": 73473000,
    "netIncomeRatio": 0.0456069065,
    "eps": 0.42,
    "epsdiluted": 0.41,
    "weightedAverageShsOut": 177630000,
    "weightedAverageShsOutDil": 181068000,
    "link": "https://www.sec.gov/Archives/edgar/data/1000228/000100022809000030/0001000228-09-000030-index.htm",
    "finalLink": "https://www.sec.gov/Archives/edgar/data/1000228/000100022809000030/the10q_2q09.htm"
  },
  {
    "date": "2009-03-28",
    "symbol": "HSIC",
    "reportedCurrency": "USD",
    "cik": "0001000228",
    "fillingDate": "2009-05-04",
    "acceptedDate": "2009-05-04 11:50:48",
    "calendarYear": "2009",
    "period": "Q1",
    "revenue": 1488605000,
    "costOfRevenue": 1047595000,
    "grossProfit": 441010000,
    "grossProfitRatio": 0.2962572341,
    "researchAndDevelopmentExpenses": 0,
    "generalAndAdministrativeExpenses": 0,
    "sellingAndMarketingExpenses": 0,
    "sellingGeneralAndAdministrativeExpenses": 346080000,
    "otherExpenses": 0,
    "operatingExpenses": 346080000,
    "costAndExpenses": 1393675000,
    "interestIncome": 2801000,
    "interestExpense": 6814000,
    "depreciationAndAmortization": 19921000,
    "ebitda": 113340000,
    "ebitdaratio": 0.076138398,
    "operatingIncome": 90887000,
    "operatingIncomeRatio": 0.0610551489,
    "totalOtherIncomeExpensesNet": -4220000,
    "incomeBeforeTax": 86857000,
    "incomeBeforeTaxRatio": 0.0583479163,
    "incomeTaxExpense": 28922000,
    "netIncome": 54851000,
    "netIncomeRatio": 0.0368472496,
    "eps": 0.31,
    "epsdiluted": 0.31,
    "weightedAverageShsOut": 177462000,
    "weightedAverageShsOutDil": 179178000,
    "link": "https://www.sec.gov/Archives/edgar/data/1000228/000100022809000019/0001000228-09-000019-index.htm",
    "finalLink": "https://www.sec.gov/Archives/edgar/data/1000228/000100022809000019/the10_q1q09.htm"
  },
  {
    "date": "2008-12-27",
    "symbol": "HSIC",
    "reportedCurrency": "USD",
    "cik": "0001000228",
    "fillingDate": "2009-02-24",
    "acceptedDate": "2009-02-24 12:18:20",
    "calendarYear": "2008",
    "period": "Q4",
    "revenue": 1573507000,
    "costOfRevenue": 1107198000,
    "grossProfit": 466309000,
    "grossProfitRatio": 0.2963501275,
    "researchAndDevelopmentExpenses": 0,
    "generalAndAdministrativeExpenses": 0,
    "sellingAndMarketingExpenses": 0,
    "sellingGeneralAndAdministrativeExpenses": 337328000,
    "otherExpenses": 0,
    "operatingExpenses": 337328000,
    "costAndExpenses": 1444526000,
    "interestIncome": 4138000,
    "interestExpense": 49739000,
    "depreciationAndAmortization": 18944000,
    "ebitda": 135336000,
    "ebitdaratio": 0.0860091503,
    "operatingIncome": 105741000,
    "operatingIncomeRatio": 0.067200845,
    "totalOtherIncomeExpensesNet": -2500000,
    "incomeBeforeTax": 103241000,
    "incomeBeforeTaxRatio": 0.0656120373,
    "incomeTaxExpense": 33221000,
    "netIncome": 56911000,
    "netIncomeRatio": 0.0361682535,
    "eps": 0.31,
    "epsdiluted": 0.31,
    "weightedAverageShsOut": 177344000,
    "weightedAverageShsOutDil": 179700000,
    "link": "https://www.sec.gov/Archives/edgar/data/1000228/000100022809000011/0001000228-09-000011-index.htm",
    "finalLink": "https://www.sec.gov/Archives/edgar/data/1000228/000100022809000011/the10_k2008final.htm"
  },
  {
    "date": "2008-09-27",
    "symbol": "HSIC",
    "reportedCurrency": "USD",
    "cik": "0001000228",
    "fillingDate": "2008-11-05",
    "acceptedDate": "2008-11-05 11:49:56",
    "calendarYear": "2008",
    "period": "Q3",
    "revenue": 1650771000,
    "costOfRevenue": 1172190000,
    "grossProfit": 478581000,
    "grossProfitRatio": 0.2899136222,
    "researchAndDevelopmentExpenses": 0,
    "generalAndAdministrativeExpenses": 0,
    "sellingAndMarketingExpenses": 0,
    "sellingGeneralAndAdministrativeExpenses": 363303000,
    "otherExpenses": 0,
    "operatingExpenses": 363303000,
    "costAndExpenses": 1535493000,
    "interestIncome": 4260000,
    "interestExpense": 16931000,
    "depreciationAndAmortization": 19475000,
    "ebitda": 134286000,
    "ebitdaratio": 0.0813474431,
    "operatingIncome": 115278000,
    "operatingIncomeRatio": 0.0698328236,
    "totalOtherIncomeExpensesNet": -9707000,
    "incomeBeforeTax": 106814000,
    "incomeBeforeTaxRatio": 0.0647055224,
    "incomeTaxExpense": 34713000,
    "netIncome": 67488000,
    "netIncomeRatio": 0.0408827148,
    "eps": 0.38,
    "epsdiluted": 0.37,
    "weightedAverageShsOut": 177860000,
    "weightedAverageShsOutDil": 182752000,
    "link": "https://www.sec.gov/Archives/edgar/data/1000228/000100022808000037/0001000228-08-000037-index.htm",
    "finalLink": "https://www.sec.gov/Archives/edgar/data/1000228/000100022808000037/the10q_3q08.htm"
  },
  {
    "date": "2008-06-28",
    "symbol": "HSIC",
    "reportedCurrency": "USD",
    "cik": "0001000228",
    "fillingDate": "2008-08-05",
    "acceptedDate": "2008-08-05 14:25:03",
    "calendarYear": "2008",
    "period": "Q2",
    "revenue": 1644977000,
    "costOfRevenue": 1156562000,
    "grossProfit": 488415000,
    "grossProfitRatio": 0.296912966,
    "researchAndDevelopmentExpenses": 0,
    "generalAndAdministrativeExpenses": 0,
    "sellingAndMarketingExpenses": 0,
    "sellingGeneralAndAdministrativeExpenses": 375058000,
    "otherExpenses": 0,
    "operatingExpenses": 375058000,
    "costAndExpenses": 1531620000,
    "interestIncome": 3974000,
    "interestExpense": 11036000,
    "depreciationAndAmortization": 20270000,
    "ebitda": 137945000,
    "ebitdaratio": 0.0838583153,
    "operatingIncome": 113357000,
    "operatingIncomeRatio": 0.0689109939,
    "totalOtherIncomeExpensesNet": -5275000,
    "incomeBeforeTax": 108835000,
    "incomeBeforeTaxRatio": 0.0661620193,
    "incomeTaxExpense": 37135000,
    "netIncome": 64570000,
    "netIncomeRatio": 0.0392528285,
    "eps": 0.36,
    "epsdiluted": 0.35,
    "weightedAverageShsOut": 179174000,
    "weightedAverageShsOutDil": 184024000,
    "link": "https://www.sec.gov/Archives/edgar/data/1000228/000100022808000024/0001000228-08-000024-index.htm",
    "finalLink": "https://www.sec.gov/Archives/edgar/data/1000228/000100022808000024/the10q_2q08.htm"
  },
  {
    "date": "2008-03-29",
    "symbol": "HSIC",
    "reportedCurrency": "USD",
    "cik": "0001000228",
    "fillingDate": "2008-05-07",
    "acceptedDate": "2008-05-07 15:20:36",
    "calendarYear": "2008",
    "period": "Q1",
    "revenue": 1525619000,
    "costOfRevenue": 1074386000,
    "grossProfit": 451233000,
    "grossProfitRatio": 0.2957704381,
    "researchAndDevelopmentExpenses": 0,
    "generalAndAdministrativeExpenses": 0,
    "sellingAndMarketingExpenses": 0,
    "sellingGeneralAndAdministrativeExpenses": 366006000,
    "otherExpenses": 0,
    "operatingExpenses": 366006000,
    "costAndExpenses": 1440392000,
    "interestIncome": 3983000,
    "interestExpense": 5425000,
    "depreciationAndAmortization": 19438000,
    "ebitda": 108313000,
    "ebitdaratio": 0.0709961006,
    "operatingIncome": 85227000,
    "operatingIncomeRatio": 0.0558638821,
    "totalOtherIncomeExpensesNet": -4519000,
    "incomeBeforeTax": 81925000,
    "incomeBeforeTaxRatio": 0.0536995148,
    "incomeTaxExpense": 27855000,
    "netIncome": 51440000,
    "netIncomeRatio": 0.0337174616,
    "eps": 0.29,
    "epsdiluted": 0.28,
    "weightedAverageShsOut": 178446000,
    "weightedAverageShsOutDil": 184518000,
    "link": "https://www.sec.gov/Archives/edgar/data/1000228/000100022808000012/0001000228-08-000012-index.htm",
    "finalLink": "https://www.sec.gov/Archives/edgar/data/1000228/000100022808000012/the10q_1q082.htm"
  },
  {
    "date": "2007-12-29",
    "symbol": "HSIC",
    "reportedCurrency": "USD",
    "cik": "0001000228",
    "fillingDate": "2008-02-26",
    "acceptedDate": "2008-02-26 15:14:31",
    "calendarYear": "2007",
    "period": "Q4",
    "revenue": 1717470000,
    "costOfRevenue": 1233339000,
    "grossProfit": 484131000,
    "grossProfitRatio": 0.2818861465,
    "researchAndDevelopmentExpenses": 0,
    "generalAndAdministrativeExpenses": 0,
    "sellingAndMarketingExpenses": 0,
    "sellingGeneralAndAdministrativeExpenses": 359145000,
    "otherExpenses": 0,
    "operatingExpenses": 359145000,
    "costAndExpenses": 1592484000,
    "interestIncome": 0,
    "interestExpense": 6455000,
    "depreciationAndAmortization": 20915000,
    "ebitda": 145901000,
    "ebitdaratio": 0.08495112,
    "operatingIncome": 124986000,
    "operatingIncomeRatio": 0.0727733236,
    "totalOtherIncomeExpensesNet": 98736000,
    "incomeBeforeTax": 223722000,
    "incomeBeforeTaxRatio": 0.1302625373,
    "incomeTaxExpense": 39974000,
    "netIncome": 78269000,
    "netIncomeRatio": 0.0455722662,
    "eps": 0.44,
    "epsdiluted": 0.43,
    "weightedAverageShsOut": 178174000,
    "weightedAverageShsOutDil": 184100000,
    "link": "https://www.sec.gov/Archives/edgar/data/1000228/000095012308002119/0000950123-08-002119-index.htm",
    "finalLink": "https://www.sec.gov/Archives/edgar/data/1000228/000095012308002119/y50229e10vk.htm"
  },
  {
    "date": "2007-09-29",
    "symbol": "HSIC",
    "reportedCurrency": "USD",
    "cik": "0001000228",
    "fillingDate": "2007-11-06",
    "acceptedDate": "2007-11-06 15:04:52",
    "calendarYear": "2007",
    "period": "Q3",
    "revenue": 1505575000,
    "costOfRevenue": 1076245000,
    "grossProfit": 429330000,
    "grossProfitRatio": 0.2851601548,
    "researchAndDevelopmentExpenses": 0,
    "generalAndAdministrativeExpenses": 0,
    "sellingAndMarketingExpenses": 0,
    "sellingGeneralAndAdministrativeExpenses": 332630000,
    "otherExpenses": 0,
    "operatingExpenses": 332630000,
    "costAndExpenses": 1408875000,
    "interestIncome": 0,
    "interestExpense": 0,
    "depreciationAndAmortization": 17794000,
    "ebitda": 96700000,
    "ebitdaratio": 0.0642279528,
    "operatingIncome": 96700000,
    "operatingIncomeRatio": 0.0642279528,
    "totalOtherIncomeExpensesNet": 2079000,
    "incomeBeforeTax": 98779000,
    "incomeBeforeTaxRatio": 0.0656088206,
    "incomeTaxExpense": 33682000,
    "netIncome": 59573000,
    "netIncomeRatio": 0.0395682713,
    "eps": 0.34,
    "epsdiluted": 0.33,
    "weightedAverageShsOut": 177580000,
    "weightedAverageShsOutDil": 182798000,
    "link": "https://www.sec.gov/Archives/edgar/data/1000228/000095012307014945/0000950123-07-014945-index.htm",
    "finalLink": "https://www.sec.gov/Archives/edgar/data/1000228/000095012307014945/y41908e10vq.htm"
  },
  {
    "date": "2007-06-30",
    "symbol": "HSIC",
    "reportedCurrency": "USD",
    "cik": "0001000228",
    "fillingDate": "2007-08-08",
    "acceptedDate": "2007-08-08 17:10:59",
    "calendarYear": "2007",
    "period": "Q2",
    "revenue": 1387017000,
    "costOfRevenue": 973240000,
    "grossProfit": 413777000,
    "grossProfitRatio": 0.2983215058,
    "researchAndDevelopmentExpenses": 0,
    "generalAndAdministrativeExpenses": 0,
    "sellingAndMarketingExpenses": 0,
    "sellingGeneralAndAdministrativeExpenses": 322925000,
    "otherExpenses": 0,
    "operatingExpenses": 322925000,
    "costAndExpenses": 1296165000,
    "interestIncome": 4269000,
    "interestExpense": 25832000,
    "depreciationAndAmortization": 17670000,
    "ebitda": 90852000,
    "ebitdaratio": 0.0655017206,
    "operatingIncome": 90852000,
    "operatingIncomeRatio": 0.0655017206,
    "totalOtherIncomeExpensesNet": -1407000,
    "incomeBeforeTax": 89445000,
    "incomeBeforeTaxRatio": 0.0644873134,
    "incomeTaxExpense": 30636000,
    "netIncome": 33837000,
    "netIncomeRatio": 0.0243955193,
    "eps": 0.19,
    "epsdiluted": 0.19,
    "weightedAverageShsOut": 176780000,
    "weightedAverageShsOutDil": 181182000,
    "link": "https://www.sec.gov/Archives/edgar/data/1000228/000095012307011088/0000950123-07-011088-index.htm",
    "finalLink": "https://www.sec.gov/Archives/edgar/data/1000228/000095012307011088/y38010e10vq.htm"
  },
  {
    "date": "2007-03-31",
    "symbol": "HSIC",
    "reportedCurrency": "USD",
    "cik": "0001000228",
    "fillingDate": "2007-05-09",
    "acceptedDate": "2007-05-09 13:33:00",
    "calendarYear": "2007",
    "period": "Q1",
    "revenue": 1334143000,
    "costOfRevenue": 941170000,
    "grossProfit": 392973000,
    "grossProfitRatio": 0.294550884,
    "researchAndDevelopmentExpenses": 0,
    "generalAndAdministrativeExpenses": 0,
    "sellingAndMarketingExpenses": 0,
    "sellingGeneralAndAdministrativeExpenses": 319074000,
    "otherExpenses": 0,
    "operatingExpenses": 319074000,
    "costAndExpenses": 1260244000,
    "interestIncome": 4138000,
    "interestExpense": 4992000,
    "depreciationAndAmortization": 17557000,
    "ebitda": 91278000,
    "ebitdaratio": 0.0684169538,
    "operatingIncome": 73899000,
    "operatingIncomeRatio": 0.055390614,
    "totalOtherIncomeExpensesNet": -2123000,
    "incomeBeforeTax": 71916000,
    "incomeBeforeTaxRatio": 0.0539042666,
    "incomeTaxExpense": 25530000,
    "netIncome": 43414000,
    "netIncomeRatio": 0.0325407396,
    "eps": 0.25,
    "epsdiluted": 0.24,
    "weightedAverageShsOut": 175822000,
    "weightedAverageShsOutDil": 179968000,
    "link": "https://www.sec.gov/Archives/edgar/data/1000228/000095012307007087/0000950123-07-007087-index.htm",
    "finalLink": "https://www.sec.gov/Archives/edgar/data/1000228/000095012307007087/y34635e10vq.htm"
  },
  {
    "date": "2006-12-30",
    "symbol": "HSIC",
    "reportedCurrency": "USD",
    "cik": "0001000228",
    "fillingDate": "2007-02-28",
    "acceptedDate": "2007-02-28 12:14:16",
    "calendarYear": "2006",
    "period": "Q4",
    "revenue": 1498936000,
    "costOfRevenue": 1076949000,
    "grossProfit": 421987000,
    "grossProfitRatio": 0.2815243613,
    "researchAndDevelopmentExpenses": 0,
    "generalAndAdministrativeExpenses": 0,
    "sellingAndMarketingExpenses": 0,
    "sellingGeneralAndAdministrativeExpenses": 317431000,
    "otherExpenses": 0,
    "operatingExpenses": 317431000,
    "costAndExpenses": 1394380000,
    "interestIncome": 0,
    "interestExpense": 5770000,
    "depreciationAndAmortization": 18039000,
    "ebitda": 122595000,
    "ebitdaratio": 0.081788015,
    "operatingIncome": 104556000,
    "operatingIncomeRatio": 0.0697534785,
    "totalOtherIncomeExpensesNet": -2266000,
    "incomeBeforeTax": 102290000,
    "incomeBeforeTaxRatio": 0.0682417395,
    "incomeTaxExpense": 35904000,
    "netIncome": 62997000,
    "netIncomeRatio": 0.0420278117,
    "eps": 0.35,
    "epsdiluted": 0.35,
    "weightedAverageShsOut": 176696000,
    "weightedAverageShsOutDil": 181000000,
    "link": "https://www.sec.gov/Archives/edgar/data/1000228/000095012307002886/0000950123-07-002886-index.htm",
    "finalLink": "https://www.sec.gov/Archives/edgar/data/1000228/000095012307002886/y30969e10vk.htm"
  },
  {
    "date": "2006-09-30",
    "symbol": "HSIC",
    "reportedCurrency": "USD",
    "cik": "0001000228",
    "fillingDate": "2006-11-08",
    "acceptedDate": "2006-11-08 15:47:05",
    "calendarYear": "2006",
    "period": "Q3",
    "revenue": 1272020000,
    "costOfRevenue": 911014000,
    "grossProfit": 361006000,
    "grossProfitRatio": 0.2838052861,
    "researchAndDevelopmentExpenses": 0,
    "generalAndAdministrativeExpenses": 0,
    "sellingAndMarketingExpenses": 0,
    "sellingGeneralAndAdministrativeExpenses": 298331000,
    "otherExpenses": 0,
    "operatingExpenses": 298331000,
    "costAndExpenses": 1209345000,
    "interestIncome": 0,
    "interestExpense": 0,
    "depreciationAndAmortization": 16733000,
    "ebitda": 79334000,
    "ebitdaratio": 0.0623685162,
    "operatingIncome": 62675000,
    "operatingIncomeRatio": 0.049272024,
    "totalOtherIncomeExpensesNet": -799000,
    "incomeBeforeTax": 61935000,
    "incomeBeforeTaxRatio": 0.0486902722,
    "incomeTaxExpense": 21715000,
    "netIncome": 39285000,
    "netIncomeRatio": 0.0308839484,
    "eps": 0.22,
    "epsdiluted": 0.22,
    "weightedAverageShsOut": 176582000,
    "weightedAverageShsOutDil": 180030000,
    "link": "https://www.sec.gov/Archives/edgar/data/1000228/000095012306013729/0000950123-06-013729-index.htm",
    "finalLink": "https://www.sec.gov/Archives/edgar/data/1000228/000095012306013729/y26845e10vq.htm"
  },
  {
    "date": "2006-07-01",
    "symbol": "HSIC",
    "reportedCurrency": "USD",
    "cik": "0001000228",
    "fillingDate": "2006-08-08",
    "acceptedDate": "2006-08-08 17:23:53",
    "calendarYear": "2006",
    "period": "Q2",
    "revenue": 1220360000,
    "costOfRevenue": 860900000,
    "grossProfit": 359460000,
    "grossProfitRatio": 0.2945524272,
    "researchAndDevelopmentExpenses": 0,
    "generalAndAdministrativeExpenses": 0,
    "sellingAndMarketingExpenses": 0,
    "sellingGeneralAndAdministrativeExpenses": 282712000,
    "otherExpenses": 0,
    "operatingExpenses": 282712000,
    "costAndExpenses": 1143612000,
    "interestIncome": 3969000,
    "interestExpense": 5490000,
    "depreciationAndAmortization": 15806000,
    "ebitda": 92164000,
    "ebitdaratio": 0.0755219771,
    "operatingIncome": 76748000,
    "operatingIncomeRatio": 0.0628896391,
    "totalOtherIncomeExpensesNet": -4018000,
    "incomeBeforeTax": 73076000,
    "incomeBeforeTaxRatio": 0.0598806909,
    "incomeTaxExpense": 26379000,
    "netIncome": 45218000,
    "netIncomeRatio": 0.0370530008,
    "eps": 0.26,
    "epsdiluted": 0.25,
    "weightedAverageShsOut": 176762000,
    "weightedAverageShsOutDil": 179646000,
    "link": "https://www.sec.gov/Archives/edgar/data/1000228/000095012306010143/0000950123-06-010143-index.htm",
    "finalLink": "https://www.sec.gov/Archives/edgar/data/1000228/000095012306010143/y23970e10vq.htm"
  },
  {
    "date": "2006-04-01",
    "symbol": "HSIC",
    "reportedCurrency": "USD",
    "cik": "0001000228",
    "fillingDate": "2006-05-09",
    "acceptedDate": "2006-05-09 16:34:03",
    "calendarYear": "2006",
    "period": "Q1",
    "revenue": 1161781000,
    "costOfRevenue": 824179000,
    "grossProfit": 337602000,
    "grossProfitRatio": 0.290590051,
    "researchAndDevelopmentExpenses": 0,
    "generalAndAdministrativeExpenses": 0,
    "sellingAndMarketingExpenses": 0,
    "sellingGeneralAndAdministrativeExpenses": 276684000,
    "otherExpenses": 0,
    "operatingExpenses": 276684000,
    "costAndExpenses": 1100863000,
    "interestIncome": 4556000,
    "interestExpense": 23216000,
    "depreciationAndAmortization": 14352000,
    "ebitda": 60918000,
    "ebitdaratio": 0.0524350114,
    "operatingIncome": 60918000,
    "operatingIncomeRatio": 0.0524350114,
    "totalOtherIncomeExpensesNet": -2617000,
    "incomeBeforeTax": 58301000,
    "incomeBeforeTaxRatio": 0.0501824354,
    "incomeTaxExpense": 21222000,
    "netIncome": 16259000,
    "netIncomeRatio": 0.0139948923,
    "eps": 0.095,
    "epsdiluted": 0.09,
    "weightedAverageShsOut": 174620000,
    "weightedAverageShsOutDil": 178484000,
    "link": "https://www.sec.gov/Archives/edgar/data/1000228/000095012306005970/0000950123-06-005970-index.htm",
    "finalLink": "https://www.sec.gov/Archives/edgar/data/1000228/000095012306005970/y20559e10vq.htm"
  },
  {
    "date": "2005-12-31",
    "symbol": "HSIC",
    "reportedCurrency": "USD",
    "cik": "0001000228",
    "fillingDate": "2006-03-10",
    "acceptedDate": "2006-03-10 16:57:13",
    "calendarYear": "2005",
    "period": "Q4",
    "revenue": 1343141000,
    "costOfRevenue": 965666000,
    "grossProfit": 377475000,
    "grossProfitRatio": 0.2810389974,
    "researchAndDevelopmentExpenses": 0,
    "generalAndAdministrativeExpenses": 0,
    "sellingAndMarketingExpenses": 0,
    "sellingGeneralAndAdministrativeExpenses": 288240000,
    "otherExpenses": 0,
    "operatingExpenses": 288240000,
    "costAndExpenses": 1253906000,
    "interestIncome": 0,
    "interestExpense": 5544000,
    "depreciationAndAmortization": 17798000,
    "ebitda": 107033000,
    "ebitdaratio": 0.0796885807,
    "operatingIncome": 89235000,
    "operatingIncomeRatio": 0.066437552,
    "totalOtherIncomeExpensesNet": -3632000,
    "incomeBeforeTax": 85603000,
    "incomeBeforeTaxRatio": 0.0637334427,
    "incomeTaxExpense": 31247000,
    "netIncome": 51700000,
    "netIncomeRatio": 0.0384918635,
    "eps": 0.29,
    "epsdiluted": 0.29,
    "weightedAverageShsOut": 174198000,
    "weightedAverageShsOutDil": 177300000,
    "link": "https://www.sec.gov/Archives/edgar/data/1000228/000095012306002954/0000950123-06-002954-index.htm",
    "finalLink": "https://www.sec.gov/Archives/edgar/data/1000228/000095012306002954/y18197e10vk.htm"
  },
  {
    "date": "2005-09-24",
    "symbol": "HSIC",
    "reportedCurrency": "USD",
    "cik": "0001000228",
    "fillingDate": "2005-11-01",
    "acceptedDate": "2005-11-01 15:19:08",
    "calendarYear": "2005",
    "period": "Q3",
    "revenue": 1125363000,
    "costOfRevenue": 808632000,
    "grossProfit": 316731000,
    "grossProfitRatio": 0.2814478528,
    "researchAndDevelopmentExpenses": 0,
    "generalAndAdministrativeExpenses": 0,
    "sellingAndMarketingExpenses": 0,
    "sellingGeneralAndAdministrativeExpenses": 253593000,
    "otherExpenses": 0,
    "operatingExpenses": 253593000,
    "costAndExpenses": 1062225000,
    "interestIncome": 1941000,
    "interestExpense": 14103000,
    "depreciationAndAmortization": 14199000,
    "ebitda": 72578000,
    "ebitdaratio": 0.064492968,
    "operatingIncome": 63138000,
    "operatingIncomeRatio": 0.0561045636,
    "totalOtherIncomeExpensesNet": -4006000,
    "incomeBeforeTax": 59130000,
    "incomeBeforeTaxRatio": 0.0525430461,
    "incomeTaxExpense": 21580000,
    "netIncome": 23301000,
    "netIncomeRatio": 0.0207053191,
    "eps": 0.14,
    "epsdiluted": 0.13,
    "weightedAverageShsOut": 174464000,
    "weightedAverageShsOutDil": 177272000,
    "link": "https://www.sec.gov/Archives/edgar/data/1000228/000095012305012886/0000950123-05-012886-index.htm",
    "finalLink": "https://www.sec.gov/Archives/edgar/data/1000228/000095012305012886/y14085e10vq.htm"
  },
  {
    "date": "2005-06-25",
    "symbol": "HSIC",
    "reportedCurrency": "USD",
    "cik": "0001000228",
    "fillingDate": "2005-08-04",
    "acceptedDate": "2005-08-03 17:59:40",
    "calendarYear": "2005",
    "period": "Q2",
    "revenue": 1141620000,
    "costOfRevenue": 817208000,
    "grossProfit": 324412000,
    "grossProfitRatio": 0.284168112,
    "researchAndDevelopmentExpenses": 0,
    "generalAndAdministrativeExpenses": 0,
    "sellingAndMarketingExpenses": 0,
    "sellingGeneralAndAdministrativeExpenses": 253948000,
    "otherExpenses": 0,
    "operatingExpenses": 253948000,
    "costAndExpenses": 1071156000,
    "interestIncome": 0,
    "interestExpense": 5931000,
    "depreciationAndAmortization": 15111000,
    "ebitda": 82169000,
    "ebitdaratio": 0.0719757888,
    "operatingIncome": 70464000,
    "operatingIncomeRatio": 0.0617228149,
    "totalOtherIncomeExpensesNet": -7262000,
    "incomeBeforeTax": 66989000,
    "incomeBeforeTaxRatio": 0.0586788949,
    "incomeTaxExpense": 24787000,
    "netIncome": 37770000,
    "netIncomeRatio": 0.033084564,
    "eps": 0.22,
    "epsdiluted": 0.21,
    "weightedAverageShsOut": 173854000,
    "weightedAverageShsOutDil": 176308000,
    "link": "https://www.sec.gov/Archives/edgar/data/1000228/000095012305009366/0000950123-05-009366-index.htm",
    "finalLink": "https://www.sec.gov/Archives/edgar/data/1000228/000095012305009366/y11335e10vq.htm"
  },
  {
    "date": "2005-03-26",
    "symbol": "HSIC",
    "reportedCurrency": "USD",
    "cik": "0001000228",
    "fillingDate": "2005-05-03",
    "acceptedDate": "2005-05-03 16:32:43",
    "calendarYear": "2005",
    "period": "Q1",
    "revenue": 1101410000,
    "costOfRevenue": 795223000,
    "grossProfit": 306187000,
    "grossProfitRatio": 0.2779954785,
    "researchAndDevelopmentExpenses": 0,
    "generalAndAdministrativeExpenses": 0,
    "sellingAndMarketingExpenses": 0,
    "sellingGeneralAndAdministrativeExpenses": 248982000,
    "otherExpenses": 0,
    "operatingExpenses": 248982000,
    "costAndExpenses": 1044205000,
    "interestIncome": 2028000,
    "interestExpense": 4889000,
    "depreciationAndAmortization": 13237000,
    "ebitda": 66499000,
    "ebitdaratio": 0.060376245,
    "operatingIncome": 57205000,
    "operatingIncomeRatio": 0.0519379704,
    "totalOtherIncomeExpensesNet": -5040000,
    "incomeBeforeTax": 52521000,
    "incomeBeforeTaxRatio": 0.0476852398,
    "incomeTaxExpense": 19432000,
    "netIncome": 30873000,
    "netIncomeRatio": 0.0280304337,
    "eps": 0.18,
    "epsdiluted": 0.18,
    "weightedAverageShsOut": 173358000,
    "weightedAverageShsOutDil": 176442000,
    "link": "https://www.sec.gov/Archives/edgar/data/1000228/000095012305005517/0000950123-05-005517-index.htm",
    "finalLink": "https://www.sec.gov/Archives/edgar/data/1000228/000095012305005517/y08474e10vq.htm"
  },
  {
    "date": "2004-12-25",
    "symbol": "HSIC",
    "reportedCurrency": "USD",
    "cik": "0001000228",
    "fillingDate": "2005-03-04",
    "acceptedDate": "2005-03-04 16:53:40",
    "calendarYear": "2004",
    "period": "Q4",
    "revenue": 1194320000,
    "costOfRevenue": 874484000,
    "grossProfit": 319836000,
    "grossProfitRatio": 0.2677975752,
    "researchAndDevelopmentExpenses": 0,
    "generalAndAdministrativeExpenses": 0,
    "sellingAndMarketingExpenses": 0,
    "sellingGeneralAndAdministrativeExpenses": 269789000,
    "otherExpenses": 0,
    "operatingExpenses": 269789000,
    "costAndExpenses": 1144273000,
    "interestIncome": 0,
    "interestExpense": 3642000,
    "depreciationAndAmortization": 18095000,
    "ebitda": 68142000,
    "ebitdaratio": 0.0570550606,
    "operatingIncome": 50047000,
    "operatingIncomeRatio": 0.0419041798,
    "totalOtherIncomeExpensesNet": -4148000,
    "incomeBeforeTax": 45899000,
    "incomeBeforeTaxRatio": 0.0384310737,
    "incomeTaxExpense": 16938000,
    "netIncome": 29550000,
    "netIncomeRatio": 0.0247421127,
    "eps": 0.17,
    "epsdiluted": 0.17,
    "weightedAverageShsOut": 173800000,
    "weightedAverageShsOutDil": 173800000,
    "link": "https://www.sec.gov/Archives/edgar/data/1000228/000095012305002634/0000950123-05-002634-index.htm",
    "finalLink": "https://www.sec.gov/Archives/edgar/data/1000228/000095012305002634/y06070e10vk.htm"
  },
  {
    "date": "2004-09-25",
    "symbol": "HSIC",
    "reportedCurrency": "USD",
    "cik": "0001000228",
    "fillingDate": "2004-11-02",
    "acceptedDate": "2004-11-02 17:21:27",
    "calendarYear": "2004",
    "period": "Q3",
    "revenue": 1033625000,
    "costOfRevenue": 759597000,
    "grossProfit": 274028000,
    "grossProfitRatio": 0.2651135567,
    "researchAndDevelopmentExpenses": 0,
    "generalAndAdministrativeExpenses": 0,
    "sellingAndMarketingExpenses": 0,
    "sellingGeneralAndAdministrativeExpenses": 220873000,
    "otherExpenses": 0,
    "operatingExpenses": 220873000,
    "costAndExpenses": 980470000,
    "interestIncome": 0,
    "interestExpense": 3509000,
    "depreciationAndAmortization": 13247000,
    "ebitda": 65982000,
    "ebitdaratio": 0.0638355303,
    "operatingIncome": 53155000,
    "operatingIncomeRatio": 0.0514258072,
    "totalOtherIncomeExpensesNet": -5197000,
    "incomeBeforeTax": 48708000,
    "incomeBeforeTaxRatio": 0.0471234732,
    "incomeTaxExpense": 18022000,
    "netIncome": 31504000,
    "netIncomeRatio": 0.030479139,
    "eps": 0.18,
    "epsdiluted": 0.18,
    "weightedAverageShsOut": 174776552,
    "weightedAverageShsOutDil": 179461566,
    "link": "https://www.sec.gov/Archives/edgar/data/1000228/000095012304012869/0000950123-04-012869-index.htm",
    "finalLink": "https://www.sec.gov/Archives/edgar/data/1000228/000095012304012869/y68044e10vq.htm"
  },
  {
    "date": "2004-06-26",
    "symbol": "HSIC",
    "reportedCurrency": "USD",
    "cik": "0001000228",
    "fillingDate": "2004-08-03",
    "acceptedDate": "2004-08-02 19:44:19",
    "calendarYear": "2004",
    "period": "Q2",
    "revenue": 945690000,
    "costOfRevenue": 693975000,
    "grossProfit": 251715000,
    "grossProfitRatio": 0.2661707325,
    "researchAndDevelopmentExpenses": 0,
    "generalAndAdministrativeExpenses": 0,
    "sellingAndMarketingExpenses": 0,
    "sellingGeneralAndAdministrativeExpenses": 188130000,
    "otherExpenses": 0,
    "operatingExpenses": 188130000,
    "costAndExpenses": 882105000,
    "interestIncome": 2451000,
    "interestExpense": 1257000,
    "depreciationAndAmortization": 10342000,
    "ebitda": 63585000,
    "ebitdaratio": 0.0672366209,
    "operatingIncome": 63585000,
    "operatingIncomeRatio": 0.0672366209,
    "totalOtherIncomeExpensesNet": -483000,
    "incomeBeforeTax": 63102000,
    "incomeBeforeTaxRatio": 0.0667258827,
    "incomeTaxExpense": 23412000,
    "netIncome": 38736000,
    "netIncomeRatio": 0.0409605685,
    "eps": 0.22,
    "epsdiluted": 0.22,
    "weightedAverageShsOut": 174776552,
    "weightedAverageShsOutDil": 179461566,
    "link": "https://www.sec.gov/Archives/edgar/data/1000228/000095012304009119/0000950123-04-009119-index.htm",
    "finalLink": "https://www.sec.gov/Archives/edgar/data/1000228/000095012304009119/y99551e10vq.htm"
  },
  {
    "date": "2004-03-27",
    "symbol": "HSIC",
    "reportedCurrency": "USD",
    "cik": "0001000228",
    "fillingDate": "2004-05-04",
    "acceptedDate": "2004-05-04 16:25:29",
    "calendarYear": "2004",
    "period": "Q1",
    "revenue": 886631000,
    "costOfRevenue": 655804000,
    "grossProfit": 230827000,
    "grossProfitRatio": 0.2603416754,
    "researchAndDevelopmentExpenses": 0,
    "generalAndAdministrativeExpenses": 0,
    "sellingAndMarketingExpenses": 0,
    "sellingGeneralAndAdministrativeExpenses": 184527000,
    "otherExpenses": 0,
    "operatingExpenses": 184527000,
    "costAndExpenses": 840331000,
    "interestIncome": 2216000,
    "interestExpense": 724000,
    "depreciationAndAmortization": 9642000,
    "ebitda": 46300000,
    "ebitdaratio": 0.0522201457,
    "operatingIncome": 46300000,
    "operatingIncomeRatio": 0.0522201457,
    "totalOtherIncomeExpensesNet": -635000,
    "incomeBeforeTax": 45665000,
    "incomeBeforeTaxRatio": 0.0515039515,
    "incomeTaxExpense": 17032000,
    "netIncome": 28393000,
    "netIncomeRatio": 0.0320234686,
    "eps": 0.16,
    "epsdiluted": 0.16,
    "weightedAverageShsOut": 174776552,
    "weightedAverageShsOutDil": 179461566,
    "link": "https://www.sec.gov/Archives/edgar/data/1000228/000095012304005688/0000950123-04-005688-index.htm",
    "finalLink": "https://www.sec.gov/Archives/edgar/data/1000228/000095012304005688/y96894e10vq.htm"
  },
  {
    "date": "2003-12-27",
    "symbol": "HSIC",
    "reportedCurrency": "USD",
    "cik": "0001000228",
    "fillingDate": "2004-03-09",
    "acceptedDate": "2004-03-09 17:28:03",
    "calendarYear": "2003",
    "period": "Q4",
    "revenue": 946924000,
    "costOfRevenue": 693176000,
    "grossProfit": 253748000,
    "grossProfitRatio": 0.2679708192,
    "researchAndDevelopmentExpenses": 0,
    "generalAndAdministrativeExpenses": 0,
    "sellingAndMarketingExpenses": 0,
    "sellingGeneralAndAdministrativeExpenses": 194664000,
    "otherExpenses": 0,
    "operatingExpenses": 194664000,
    "costAndExpenses": 887840000,
    "interestIncome": 0,
    "interestExpense": 1779000,
    "depreciationAndAmortization": 10887000,
    "ebitda": 69971000,
    "ebitdaratio": 0.0738929418,
    "operatingIncome": 59084000,
    "operatingIncomeRatio": 0.062395715,
    "totalOtherIncomeExpensesNet": -1568000,
    "incomeBeforeTax": 57516000,
    "incomeBeforeTaxRatio": 0.0607398271,
    "incomeTaxExpense": 21396000,
    "netIncome": 35542000,
    "netIncomeRatio": 0.0375341632,
    "eps": 0.2,
    "epsdiluted": 0.2,
    "weightedAverageShsOut": 175047892,
    "weightedAverageShsOutDil": 180000000,
    "link": "https://www.sec.gov/Archives/edgar/data/1000228/000095012304003036/0000950123-04-003036-index.htm",
    "finalLink": "https://www.sec.gov/Archives/edgar/data/1000228/000095012304003036/y94988e10vk.htm"
  },
  {
    "date": "2003-09-27",
    "symbol": "HSIC",
    "reportedCurrency": "USD",
    "cik": "0001000228",
    "fillingDate": "2003-11-10",
    "acceptedDate": "2003-11-10 15:58:14",
    "calendarYear": "2003",
    "period": "Q3",
    "revenue": 892718000,
    "costOfRevenue": 641218000,
    "grossProfit": 251500000,
    "grossProfitRatio": 0.2817239039,
    "researchAndDevelopmentExpenses": 0,
    "generalAndAdministrativeExpenses": 0,
    "sellingAndMarketingExpenses": 0,
    "sellingGeneralAndAdministrativeExpenses": 175100000,
    "otherExpenses": 0,
    "operatingExpenses": 175100000,
    "costAndExpenses": 816318000,
    "interestIncome": 0,
    "interestExpense": 4156000,
    "depreciationAndAmortization": 8841000,
    "ebitda": 85241000,
    "ebitdaratio": 0.0954848004,
    "operatingIncome": 76400000,
    "operatingIncomeRatio": 0.085581337,
    "totalOtherIncomeExpensesNet": -2287000,
    "incomeBeforeTax": 74113000,
    "incomeBeforeTaxRatio": 0.0830194978,
    "incomeTaxExpense": 27569000,
    "netIncome": 44347000,
    "netIncomeRatio": 0.0496763816,
    "eps": 0.26,
    "epsdiluted": 0.25,
    "weightedAverageShsOut": 174436000,
    "weightedAverageShsOutDil": 179540000,
    "link": "https://www.sec.gov/Archives/edgar/data/1000228/000100022803000021/0001000228-03-000021-index.htm",
    "finalLink": "https://www.sec.gov/Archives/edgar/data/1000228/000100022803000021/q3_10q.txt"
  },
  {
    "date": "2003-06-28",
    "symbol": "HSIC",
    "reportedCurrency": "USD",
    "cik": "0001000228",
    "fillingDate": "2003-08-12",
    "acceptedDate": "2003-08-11 17:47:24",
    "calendarYear": "2003",
    "period": "Q2",
    "revenue": 776166000,
    "costOfRevenue": 555637000,
    "grossProfit": 220529000,
    "grossProfitRatio": 0.2841260761,
    "researchAndDevelopmentExpenses": 0,
    "generalAndAdministrativeExpenses": 0,
    "sellingAndMarketingExpenses": 0,
    "sellingGeneralAndAdministrativeExpenses": 164499000,
    "otherExpenses": 0,
    "operatingExpenses": 164499000,
    "costAndExpenses": 720136000,
    "interestIncome": 0,
    "interestExpense": 2726000,
    "depreciationAndAmortization": 8571000,
    "ebitda": 64601000,
    "ebitdaratio": 0.0832309068,
    "operatingIncome": 56030000,
    "operatingIncomeRatio": 0.0721881659,
    "totalOtherIncomeExpensesNet": -2968000,
    "incomeBeforeTax": 53062000,
    "incomeBeforeTaxRatio": 0.0683642417,
    "incomeTaxExpense": 20207000,
    "netIncome": 32855000,
    "netIncomeRatio": 0.0423298624,
    "eps": 0.19,
    "epsdiluted": 0.19,
    "weightedAverageShsOut": 174000000,
    "weightedAverageShsOutDil": 178196000,
    "link": "https://www.sec.gov/Archives/edgar/data/1000228/000100022803000017/0001000228-03-000017-index.htm",
    "finalLink": "https://www.sec.gov/Archives/edgar/data/1000228/000100022803000017/the10q_2q2003.txt"
  },
  {
    "date": "2003-03-29",
    "symbol": "HSIC",
    "reportedCurrency": "USD",
    "cik": "0001000228",
    "fillingDate": "2003-05-09",
    "acceptedDate": "2003-05-09 12:27:27",
    "calendarYear": "2003",
    "period": "Q1",
    "revenue": 737997000,
    "costOfRevenue": 536580000,
    "grossProfit": 201417000,
    "grossProfitRatio": 0.2729238737,
    "researchAndDevelopmentExpenses": 0,
    "generalAndAdministrativeExpenses": 0,
    "sellingAndMarketingExpenses": 0,
    "sellingGeneralAndAdministrativeExpenses": 159212000,
    "otherExpenses": 0,
    "operatingExpenses": 159212000,
    "costAndExpenses": 695792000,
    "interestIncome": 0,
    "interestExpense": 1548000,
    "depreciationAndAmortization": 8544000,
    "ebitda": 50749000,
    "ebitdaratio": 0.0687658622,
    "operatingIncome": 42205000,
    "operatingIncomeRatio": 0.0571885794,
    "totalOtherIncomeExpensesNet": -2233000,
    "incomeBeforeTax": 39972000,
    "incomeBeforeTaxRatio": 0.0541628218,
    "incomeTaxExpense": 15206000,
    "netIncome": 24766000,
    "netIncomeRatio": 0.033558402,
    "eps": 0.14,
    "epsdiluted": 0.14,
    "weightedAverageShsOut": 174958224,
    "weightedAverageShsOutDil": 179298000,
    "link": "https://www.sec.gov/Archives/edgar/data/1000228/000100022803000011/0001000228-03-000011-index.htm",
    "finalLink": "https://www.sec.gov/Archives/edgar/data/1000228/000100022803000011/the10_q.txt"
  },
  {
    "date": "2002-12-28",
    "symbol": "HSIC",
    "reportedCurrency": "USD",
    "cik": "0001000228",
    "fillingDate": "2003-03-24",
    "acceptedDate": "2003-03-24 16:26:11",
    "calendarYear": "2002",
    "period": "Q4",
    "revenue": 747403000,
    "costOfRevenue": 539757000,
    "grossProfit": 207646000,
    "grossProfitRatio": 0.277823343,
    "researchAndDevelopmentExpenses": 0,
    "generalAndAdministrativeExpenses": 0,
    "sellingAndMarketingExpenses": 0,
    "sellingGeneralAndAdministrativeExpenses": 157849000,
    "otherExpenses": 0,
    "operatingExpenses": 157849000,
    "costAndExpenses": 697606000,
    "interestIncome": 0,
    "interestExpense": 195000,
    "depreciationAndAmortization": 8186000,
    "ebitda": 57983000,
    "ebitdaratio": 0.0775792979,
    "operatingIncome": 50531000,
    "operatingIncomeRatio": 0.0676087733,
    "totalOtherIncomeExpensesNet": -1586000,
    "incomeBeforeTax": 48945000,
    "incomeBeforeTaxRatio": 0.0654867588,
    "incomeTaxExpense": 17982000,
    "netIncome": 30963000,
    "netIncomeRatio": 0.0414274494,
    "eps": 0.17,
    "epsdiluted": 0.17,
    "weightedAverageShsOut": 175916448,
    "weightedAverageShsOutDil": 180400000,
    "link": "https://www.sec.gov/Archives/edgar/data/1000228/000100022803000008/0001000228-03-000008-index.htm",
    "finalLink": "https://www.sec.gov/Archives/edgar/data/1000228/000100022803000008/the2002_10k.txt"
  },
  {
    "date": "2002-09-28",
    "symbol": "HSIC",
    "reportedCurrency": "USD",
    "cik": "0001000228",
    "fillingDate": "2002-11-12",
    "acceptedDate": "2002-11-12 09:54:58",
    "calendarYear": "2002",
    "period": "Q3",
    "revenue": 759073000,
    "costOfRevenue": 542601000,
    "grossProfit": 216472000,
    "grossProfitRatio": 0.2851794228,
    "researchAndDevelopmentExpenses": 0,
    "generalAndAdministrativeExpenses": 0,
    "sellingAndMarketingExpenses": 0,
    "sellingGeneralAndAdministrativeExpenses": 152187000,
    "otherExpenses": 0,
    "operatingExpenses": 152187000,
    "costAndExpenses": 694788000,
    "interestIncome": 0,
    "interestExpense": 712000,
    "depreciationAndAmortization": 7077000,
    "ebitda": 71362000,
    "ebitdaratio": 0.0940120384,
    "operatingIncome": 64285000,
    "operatingIncomeRatio": 0.0846888244,
    "totalOtherIncomeExpensesNet": -1589000,
    "incomeBeforeTax": 62696000,
    "incomeBeforeTaxRatio": 0.0825954816,
    "incomeTaxExpense": 23468000,
    "netIncome": 39228000,
    "netIncomeRatio": 0.051678824,
    "eps": 0.23,
    "epsdiluted": 0.22,
    "weightedAverageShsOut": 175232000,
    "weightedAverageShsOutDil": 180000000,
    "link": "https://www.sec.gov/Archives/edgar/data/1000228/000100022802000022/0001000228-02-000022-index.htm",
    "finalLink": "https://www.sec.gov/Archives/edgar/data/1000228/000100022802000022/the10q_3q2002.txt"
  },
  {
    "date": "2002-06-29",
    "symbol": "HSIC",
    "reportedCurrency": "USD",
    "cik": "0001000228",
    "fillingDate": "2002-08-13",
    "acceptedDate": "2002-08-13 12:31:40",
    "calendarYear": "2002",
    "period": "Q2",
    "revenue": 671432000,
    "costOfRevenue": 479036000,
    "grossProfit": 192396000,
    "grossProfitRatio": 0.2865457708,
    "researchAndDevelopmentExpenses": 0,
    "generalAndAdministrativeExpenses": 0,
    "sellingAndMarketingExpenses": 0,
    "sellingGeneralAndAdministrativeExpenses": 145407000,
    "otherExpenses": 0,
    "operatingExpenses": 145407000,
    "costAndExpenses": 624443000,
    "interestIncome": 0,
    "interestExpense": 1221000,
    "depreciationAndAmortization": 7211000,
    "ebitda": 54200000,
    "ebitdaratio": 0.0807229921,
    "operatingIncome": 46989000,
    "operatingIncomeRatio": 0.0699832597,
    "totalOtherIncomeExpensesNet": -1927000,
    "incomeBeforeTax": 45062000,
    "incomeBeforeTaxRatio": 0.0671132743,
    "incomeTaxExpense": 16996000,
    "netIncome": 28066000,
    "netIncomeRatio": 0.0418002121,
    "eps": 0.16,
    "epsdiluted": 0.16,
    "weightedAverageShsOut": 173556000,
    "weightedAverageShsOutDil": 178988000,
    "link": "https://www.sec.gov/Archives/edgar/data/1000228/000100022802000017/0001000228-02-000017-index.htm",
    "finalLink": "https://www.sec.gov/Archives/edgar/data/1000228/000100022802000017/q.txt"
  },
  {
    "date": "2002-03-30",
    "symbol": "HSIC",
    "reportedCurrency": "USD",
    "cik": "0001000228",
    "fillingDate": "2002-05-13",
    "acceptedDate": "2002-05-13 14:55:23",
    "calendarYear": "2002",
    "period": "Q1",
    "revenue": 647093000,
    "costOfRevenue": 468703000,
    "grossProfit": 178390000,
    "grossProfitRatio": 0.2756790755,
    "researchAndDevelopmentExpenses": 0,
    "generalAndAdministrativeExpenses": 0,
    "sellingAndMarketingExpenses": 0,
    "sellingGeneralAndAdministrativeExpenses": 143192000,
    "otherExpenses": 0,
    "operatingExpenses": 143192000,
    "costAndExpenses": 611895000,
    "interestIncome": 0,
    "interestExpense": 3970000,
    "depreciationAndAmortization": 5798000,
    "ebitda": 40996000,
    "ebitdaratio": 0.0633541083,
    "operatingIncome": 35198000,
    "operatingIncomeRatio": 0.0543940361,
    "totalOtherIncomeExpensesNet": -3404000,
    "incomeBeforeTax": 31794000,
    "incomeBeforeTaxRatio": 0.0491335867,
    "incomeTaxExpense": 12064000,
    "netIncome": 19730000,
    "netIncomeRatio": 0.0304902077,
    "eps": 0.0575,
    "epsdiluted": 0.0563,
    "weightedAverageShsOut": 342328000,
    "weightedAverageShsOutDil": 352552000,
    "link": "https://www.sec.gov/Archives/edgar/data/1000228/000100022802000011/0001000228-02-000011-index.htm",
    "finalLink": "https://www.sec.gov/Archives/edgar/data/1000228/000100022802000011/q102_10q.txt"
  },
  {
    "date": "2001-12-29",
    "symbol": "HSIC",
    "reportedCurrency": "USD",
    "cik": "0001000228",
    "fillingDate": "2002-03-19",
    "acceptedDate": "2002-03-19 00:00:00",
    "calendarYear": "2001",
    "period": "Q4",
    "revenue": 698289000,
    "costOfRevenue": 504070000,
    "grossProfit": 194219000,
    "grossProfitRatio": 0.2781355571,
    "researchAndDevelopmentExpenses": 0,
    "generalAndAdministrativeExpenses": 0,
    "sellingAndMarketingExpenses": 0,
    "sellingGeneralAndAdministrativeExpenses": 151199000,
    "otherExpenses": 0,
    "operatingExpenses": 151199000,
    "costAndExpenses": 655269000,
    "interestIncome": 0,
    "interestExpense": 637000,
    "depreciationAndAmortization": 9393000,
    "ebitda": 52413000,
    "ebitdaratio": 0.0750591804,
    "operatingIncome": 43020000,
    "operatingIncomeRatio": 0.0616077298,
    "totalOtherIncomeExpensesNet": 948000,
    "incomeBeforeTax": 43968000,
    "incomeBeforeTaxRatio": 0.0629653338,
    "incomeTaxExpense": 15784000,
    "netIncome": 27136000,
    "netIncomeRatio": 0.0388607009,
    "eps": 0.0812,
    "epsdiluted": 0.0796,
    "weightedAverageShsOut": 334280000,
    "weightedAverageShsOutDil": 340988000,
    "link": "https://www.sec.gov/Archives/edgar/data/1000228/000100022802000007/0001000228-02-000007-index.htm",
    "finalLink": "https://www.sec.gov/Archives/edgar/data/1000228/000100022802000007/the10k.txt"
  },
  {
    "date": "2001-09-29",
    "symbol": "HSIC",
    "reportedCurrency": "USD",
    "cik": "0001000228",
    "fillingDate": "2001-11-13",
    "acceptedDate": "2001-11-13 00:00:00",
    "calendarYear": "2001",
    "period": "Q3",
    "revenue": 659774000,
    "costOfRevenue": 480918000,
    "grossProfit": 178856000,
    "grossProfitRatio": 0.2710867661,
    "researchAndDevelopmentExpenses": 0,
    "generalAndAdministrativeExpenses": 0,
    "sellingAndMarketingExpenses": 0,
    "sellingGeneralAndAdministrativeExpenses": 136981000,
    "otherExpenses": 0,
    "operatingExpenses": 136981000,
    "costAndExpenses": 617899000,
    "interestIncome": 0,
    "interestExpense": 1651000,
    "depreciationAndAmortization": 9193000,
    "ebitda": 51068000,
    "ebitdaratio": 0.077402262,
    "operatingIncome": 41875000,
    "operatingIncomeRatio": 0.0634687029,
    "totalOtherIncomeExpensesNet": -1738000,
    "incomeBeforeTax": 40137000,
    "incomeBeforeTaxRatio": 0.0608344676,
    "incomeTaxExpense": 14942000,
    "netIncome": 25195000,
    "netIncomeRatio": 0.0381873187,
    "eps": 0.0754,
    "epsdiluted": 0.0739,
    "weightedAverageShsOut": 334280000,
    "weightedAverageShsOutDil": 340988000,
    "link": "https://www.sec.gov/Archives/edgar/data/1000228/000100022801500006/0001000228-01-500006-index.htm",
    "finalLink": "https://www.sec.gov/Archives/edgar/data/1000228/000100022801500006/the10q.txt"
  },
  {
    "date": "2001-06-30",
    "symbol": "HSIC",
    "reportedCurrency": "USD",
    "cik": "0001000228",
    "fillingDate": "2001-08-14",
    "acceptedDate": "2001-08-14 00:00:00",
    "calendarYear": "2001",
    "period": "Q2",
    "revenue": 606285000,
    "costOfRevenue": 439393000,
    "grossProfit": 166892000,
    "grossProfitRatio": 0.2752698813,
    "researchAndDevelopmentExpenses": 0,
    "generalAndAdministrativeExpenses": 0,
    "sellingAndMarketingExpenses": 0,
    "sellingGeneralAndAdministrativeExpenses": 131620000,
    "otherExpenses": 0,
    "operatingExpenses": 131620000,
    "costAndExpenses": 571013000,
    "interestIncome": 0,
    "interestExpense": 1055000,
    "depreciationAndAmortization": 7590000,
    "ebitda": 42862000,
    "ebitdaratio": 0.0706961248,
    "operatingIncome": 35272000,
    "operatingIncomeRatio": 0.0581772599,
    "totalOtherIncomeExpensesNet": -1706000,
    "incomeBeforeTax": 33566000,
    "incomeBeforeTaxRatio": 0.0553634017,
    "incomeTaxExpense": 12656000,
    "netIncome": 20910000,
    "netIncomeRatio": 0.0344887305,
    "eps": 0.0626,
    "epsdiluted": 0.0613,
    "weightedAverageShsOut": 334280000,
    "weightedAverageShsOutDil": 340988000,
    "link": "https://www.sec.gov/Archives/edgar/data/1000228/000112528201501613/0001125282-01-501613-index.htm",
    "finalLink": "https://www.sec.gov/Archives/edgar/data/1000228/000112528201501613/b313080_10q.txt"
  },
  {
    "date": "2001-03-31",
    "symbol": "HSIC",
    "reportedCurrency": "USD",
    "cik": "0001000228",
    "fillingDate": "2001-05-11",
    "acceptedDate": "2001-05-11 00:00:00",
    "calendarYear": "2001",
    "period": "Q1",
    "revenue": 593895000,
    "costOfRevenue": 434538000,
    "grossProfit": 159357000,
    "grossProfitRatio": 0.268325209,
    "researchAndDevelopmentExpenses": 0,
    "generalAndAdministrativeExpenses": 0,
    "sellingAndMarketingExpenses": 0,
    "sellingGeneralAndAdministrativeExpenses": 131774000,
    "otherExpenses": 26342000,
    "operatingExpenses": 158116000,
    "costAndExpenses": 592654000,
    "interestIncome": 0,
    "interestExpense": 0,
    "depreciationAndAmortization": 9466000,
    "ebitda": 10707000,
    "ebitdaratio": 0.0180284394,
    "operatingIncome": 1241000,
    "operatingIncomeRatio": 0.002089595,
    "totalOtherIncomeExpensesNet": 21439000,
    "incomeBeforeTax": 22680000,
    "incomeBeforeTaxRatio": 0.0381885687,
    "incomeTaxExpense": 8548000,
    "netIncome": 14132000,
    "netIncomeRatio": 0.0237954521,
    "eps": 0.0423,
    "epsdiluted": 0.0414,
    "weightedAverageShsOut": 334280000,
    "weightedAverageShsOutDil": 340988000,
    "link": "https://www.sec.gov/Archives/edgar/data/1000228/000112528201500378/0001125282-01-500378-index.htm",
    "finalLink": "https://www.sec.gov/Archives/edgar/data/1000228/000112528201500378/b311450_10q.txt"
  },
  {
    "date": "2000-12-30",
    "symbol": "HSIC",
    "reportedCurrency": "USD",
    "cik": "0001000228",
    "fillingDate": "2001-03-28",
    "acceptedDate": "2001-03-28 00:00:00",
    "calendarYear": "2000",
    "period": "Q4",
    "revenue": 656700000,
    "costOfRevenue": 536084000,
    "grossProfit": 120616000,
    "grossProfitRatio": 0.1836698645,
    "researchAndDevelopmentExpenses": 0,
    "generalAndAdministrativeExpenses": 0,
    "sellingAndMarketingExpenses": 0,
    "sellingGeneralAndAdministrativeExpenses": 72618000,
    "otherExpenses": 9760000,
    "operatingExpenses": 82378000,
    "costAndExpenses": 618462000,
    "interestIncome": 0,
    "interestExpense": 27748000,
    "depreciationAndAmortization": 9760000,
    "ebitda": 47998000,
    "ebitdaratio": 0.0730896909,
    "operatingIncome": 38238000,
    "operatingIncomeRatio": 0.0582275011,
    "totalOtherIncomeExpensesNet": -15531000,
    "incomeBeforeTax": 22707000,
    "incomeBeforeTaxRatio": 0.0345774326,
    "incomeTaxExpense": 9975000,
    "netIncome": 12732000,
    "netIncomeRatio": 0.0193878483,
    "eps": 0.0381,
    "epsdiluted": 0.0373,
    "weightedAverageShsOut": 334280000,
    "weightedAverageShsOutDil": 340988000,
    "link": "https://www.sec.gov/Archives/edgar/data/1000228/000112528201001159/0001125282-01-001159-index.htm",
    "finalLink": "https://www.sec.gov/Archives/edgar/data/1000228/000112528201001159/0001125282-01-001159-0001.txt"
  },
  {
    "date": "2000-09-23",
    "symbol": "HSIC",
    "reportedCurrency": "USD",
    "cik": "0001000228",
    "fillingDate": "2000-11-06",
    "acceptedDate": "2000-11-06 00:00:00",
    "calendarYear": "2000",
    "period": "Q3",
    "revenue": 603037000,
    "costOfRevenue": 409875000,
    "grossProfit": 193162000,
    "grossProfitRatio": 0.3203153372,
    "researchAndDevelopmentExpenses": 0,
    "generalAndAdministrativeExpenses": 0,
    "sellingAndMarketingExpenses": 0,
    "sellingGeneralAndAdministrativeExpenses": 150779000,
    "otherExpenses": 8052000,
    "operatingExpenses": 158831000,
    "costAndExpenses": 568706000,
    "interestIncome": 0,
    "interestExpense": 14083000,
    "depreciationAndAmortization": 8052000,
    "ebitda": 42383000,
    "ebitdaratio": 0.0702825863,
    "operatingIncome": 34331000,
    "operatingIncomeRatio": 0.0569301718,
    "totalOtherIncomeExpensesNet": -8470000,
    "incomeBeforeTax": 25861000,
    "incomeBeforeTaxRatio": 0.0428845991,
    "incomeTaxExpense": 9623000,
    "netIncome": 16238000,
    "netIncomeRatio": 0.0269270376,
    "eps": 0.0486,
    "epsdiluted": 0.0476,
    "weightedAverageShsOut": 334280000,
    "weightedAverageShsOutDil": 340988000,
    "link": "https://www.sec.gov/Archives/edgar/data/1000228/000112528200000303/0001125282-00-000303-index.htm",
    "finalLink": "https://www.sec.gov/Archives/edgar/data/1000228/000112528200000303/0001125282-00-000303-0001.txt"
  },
  {
    "date": "2000-06-24",
    "symbol": "HSIC",
    "reportedCurrency": "USD",
    "cik": "0001000228",
    "fillingDate": "2000-08-08",
    "acceptedDate": "2000-08-08 00:00:00",
    "calendarYear": "2000",
    "period": "Q2",
    "revenue": 568174000,
    "costOfRevenue": 377419000,
    "grossProfit": 190755000,
    "grossProfitRatio": 0.3357334197,
    "researchAndDevelopmentExpenses": 0,
    "generalAndAdministrativeExpenses": 0,
    "sellingAndMarketingExpenses": 0,
    "sellingGeneralAndAdministrativeExpenses": 151164000,
    "otherExpenses": 8024000,
    "operatingExpenses": 159188000,
    "costAndExpenses": 536607000,
    "interestIncome": 0,
    "interestExpense": 6352000,
    "depreciationAndAmortization": 8024000,
    "ebitda": 39006000,
    "ebitdaratio": 0.0686515046,
    "operatingIncome": 31567000,
    "operatingIncomeRatio": 0.0555586845,
    "totalOtherIncomeExpensesNet": -4827000,
    "incomeBeforeTax": 26155000,
    "incomeBeforeTaxRatio": 0.0460334334,
    "incomeTaxExpense": 9774000,
    "netIncome": 16381000,
    "netIncomeRatio": 0.0288309567,
    "eps": 0.05,
    "epsdiluted": 0.0488,
    "weightedAverageShsOut": 329632000,
    "weightedAverageShsOutDil": 333616000,
    "link": "https://www.sec.gov/Archives/edgar/data/1000228/000088981200003386/0000889812-00-003386-index.htm",
    "finalLink": "https://www.sec.gov/Archives/edgar/data/1000228/000088981200003386/0000889812-00-003386-0001.txt"
  },
  {
    "date": "2000-03-25",
    "symbol": "HSIC",
    "reportedCurrency": "USD",
    "cik": "0001000228",
    "fillingDate": "2000-05-09",
    "acceptedDate": "2000-05-09 00:00:00",
    "calendarYear": "2000",
    "period": "Q1",
    "revenue": 553810000,
    "costOfRevenue": 376680000,
    "grossProfit": 177130000,
    "grossProfitRatio": 0.3198389339,
    "researchAndDevelopmentExpenses": 0,
    "generalAndAdministrativeExpenses": 0,
    "sellingAndMarketingExpenses": 0,
    "sellingGeneralAndAdministrativeExpenses": 145727000,
    "otherExpenses": 7926000,
    "operatingExpenses": 153653000,
    "costAndExpenses": 530333000,
    "interestIncome": 0,
    "interestExpense": 5358000,
    "depreciationAndAmortization": 7926000,
    "ebitda": 16948000,
    "ebitdaratio": 0.0306025532,
    "operatingIncome": 23477000,
    "operatingIncomeRatio": 0.042391795,
    "totalOtherIncomeExpensesNet": -5301000,
    "incomeBeforeTax": 18176000,
    "incomeBeforeTaxRatio": 0.0328199202,
    "incomeTaxExpense": 6778000,
    "netIncome": 11398000,
    "netIncomeRatio": 0.0205810657,
    "eps": 0.035,
    "epsdiluted": 0.035,
    "weightedAverageShsOut": 325720000,
    "weightedAverageShsOutDil": 328672000,
    "link": "https://www.sec.gov/Archives/edgar/data/1000228/000088981200002143/0000889812-00-002143-index.html",
    "finalLink": "https://www.sec.gov/Archives/edgar/data/1000228/000088981200002143/"
  },
  {
    "date": "1999-12-25",
    "symbol": "HSIC",
    "reportedCurrency": "USD",
    "cik": "0001000228",
    "fillingDate": "2000-03-24",
    "acceptedDate": "2000-03-24 00:00:00",
    "calendarYear": "1999",
    "period": "Q4",
    "revenue": 611300000,
    "costOfRevenue": 418500000,
    "grossProfit": 192800000,
    "grossProfitRatio": 0.3153934239,
    "researchAndDevelopmentExpenses": 0,
    "generalAndAdministrativeExpenses": 0,
    "sellingAndMarketingExpenses": 0,
    "sellingGeneralAndAdministrativeExpenses": 155900000,
    "otherExpenses": 5800000,
    "operatingExpenses": 161700000,
    "costAndExpenses": 580200000,
    "interestIncome": 0,
    "interestExpense": 7200000,
    "depreciationAndAmortization": 5800000,
    "ebitda": 36900000,
    "ebitdaratio": 0.0603631605,
    "operatingIncome": 31100000,
    "operatingIncomeRatio": 0.050875184,
    "totalOtherIncomeExpensesNet": -6200000,
    "incomeBeforeTax": 24900000,
    "incomeBeforeTaxRatio": 0.0407328644,
    "incomeTaxExpense": 9400000,
    "netIncome": 15500000,
    "netIncomeRatio": 0.0253557991,
    "eps": 0.0124,
    "epsdiluted": 0.0124,
    "weightedAverageShsOut": 1252860000,
    "weightedAverageShsOutDil": 1254336000,
    "link": "https://www.sec.gov/Archives/edgar/data/1000228/000088981200001326/0000889812-00-001326-index.html",
    "finalLink": "https://www.sec.gov/Archives/edgar/data/1000228/000088981200001326/"
  },
  {
    "date": "1999-09-25",
    "symbol": "HSIC",
    "reportedCurrency": "USD",
    "cik": "0001000228",
    "fillingDate": "1999-11-09",
    "acceptedDate": "1999-11-09 00:00:00",
    "calendarYear": "1999",
    "period": "Q3",
    "revenue": 578800000,
    "costOfRevenue": 397000000,
    "grossProfit": 181800000,
    "grossProfitRatio": 0.3140981341,
    "researchAndDevelopmentExpenses": 0,
    "generalAndAdministrativeExpenses": 0,
    "sellingAndMarketingExpenses": 0,
    "sellingGeneralAndAdministrativeExpenses": 141500000,
    "otherExpenses": 7800000,
    "operatingExpenses": 149300000,
    "costAndExpenses": 546300000,
    "interestIncome": 0,
    "interestExpense": 17300000,
    "depreciationAndAmortization": 7800000,
    "ebitda": 40300000,
    "ebitdaratio": 0.0696268141,
    "operatingIncome": 32500000,
    "operatingIncomeRatio": 0.0561506565,
    "totalOtherIncomeExpensesNet": -10900000,
    "incomeBeforeTax": 21600000,
    "incomeBeforeTaxRatio": 0.0373185902,
    "incomeTaxExpense": 10100000,
    "netIncome": 11500000,
    "netIncomeRatio": 0.0198686938,
    "eps": 0.0092,
    "epsdiluted": 0.0092,
    "weightedAverageShsOut": 1252860000,
    "weightedAverageShsOutDil": 1254336000,
    "link": "https://www.sec.gov/Archives/edgar/data/1000228/000088981299003261/0000889812-99-003261-index.html",
    "finalLink": "https://www.sec.gov/Archives/edgar/data/1000228/000088981299003261/"
  },
  {
    "date": "1999-06-26",
    "symbol": "HSIC",
    "reportedCurrency": "USD",
    "cik": "0001000228",
    "fillingDate": "1999-08-10",
    "acceptedDate": "1999-08-10 00:00:00",
    "calendarYear": "1999",
    "period": "Q2",
    "revenue": 559300000,
    "costOfRevenue": 377500000,
    "grossProfit": 181800000,
    "grossProfitRatio": 0.3250491686,
    "researchAndDevelopmentExpenses": 0,
    "generalAndAdministrativeExpenses": 0,
    "sellingAndMarketingExpenses": 0,
    "sellingGeneralAndAdministrativeExpenses": 142000000,
    "otherExpenses": 7800000,
    "operatingExpenses": 149800000,
    "costAndExpenses": 527300000,
    "interestIncome": 0,
    "interestExpense": 13900000,
    "depreciationAndAmortization": 7700000,
    "ebitda": 39810000,
    "ebitdaratio": 0.0711782585,
    "operatingIncome": 32000000,
    "operatingIncomeRatio": 0.0572143751,
    "totalOtherIncomeExpensesNet": -9710000,
    "incomeBeforeTax": 22300000,
    "incomeBeforeTaxRatio": 0.0398712677,
    "incomeTaxExpense": 9000000,
    "netIncome": 13300000,
    "netIncomeRatio": 0.0237797247,
    "eps": 0.0106,
    "epsdiluted": 0.0106,
    "weightedAverageShsOut": 1252860000,
    "weightedAverageShsOutDil": 1254336000,
    "link": "https://www.sec.gov/Archives/edgar/data/1000228/000088981299002356/0000889812-99-002356-index.html",
    "finalLink": "https://www.sec.gov/Archives/edgar/data/1000228/000088981299002356/"
  },
  {
    "date": "1999-03-27",
    "symbol": "HSIC",
    "reportedCurrency": "USD",
    "cik": "0001000228",
    "fillingDate": "1999-05-11",
    "acceptedDate": "1999-05-11 00:00:00",
    "calendarYear": "1999",
    "period": "Q1",
    "revenue": 536300000,
    "costOfRevenue": 365900000,
    "grossProfit": 170400000,
    "grossProfitRatio": 0.3177326123,
    "researchAndDevelopmentExpenses": 0,
    "generalAndAdministrativeExpenses": 0,
    "sellingAndMarketingExpenses": 0,
    "sellingGeneralAndAdministrativeExpenses": 139800000,
    "otherExpenses": 7000000,
    "operatingExpenses": 146800000,
    "costAndExpenses": 512700000,
    "interestIncome": 0,
    "interestExpense": 6900000,
    "depreciationAndAmortization": 7000000,
    "ebitda": 30600000,
    "ebitdaratio": 0.057057617,
    "operatingIncome": 23600000,
    "operatingIncomeRatio": 0.044005221,
    "totalOtherIncomeExpensesNet": -6600000,
    "incomeBeforeTax": 17000000,
    "incomeBeforeTaxRatio": 0.0316986761,
    "incomeTaxExpense": 7100000,
    "netIncome": 9900000,
    "netIncomeRatio": 0.0184598173,
    "eps": 0.0079,
    "epsdiluted": 0.0079,
    "weightedAverageShsOut": 1252860000,
    "weightedAverageShsOutDil": 1254336000,
    "link": "https://www.sec.gov/Archives/edgar/data/1000228/000088981299001454/0000889812-99-001454-index.html",
    "finalLink": "https://www.sec.gov/Archives/edgar/data/1000228/"
  },
  {
    "date": "1998-12-26",
    "symbol": "HSIC",
    "reportedCurrency": "USD",
    "cik": "0001000228",
    "fillingDate": "1999-03-16",
    "acceptedDate": "1999-03-16 00:00:00",
    "calendarYear": "1998",
    "period": "Q4",
    "revenue": 502700000,
    "costOfRevenue": 334900000,
    "grossProfit": 167800000,
    "grossProfitRatio": 0.3337974935,
    "researchAndDevelopmentExpenses": 0,
    "generalAndAdministrativeExpenses": 0,
    "sellingAndMarketingExpenses": 0,
    "sellingGeneralAndAdministrativeExpenses": 128300000,
    "otherExpenses": 6000000,
    "operatingExpenses": 134300000,
    "costAndExpenses": 469200000,
    "interestIncome": 0,
    "interestExpense": 47500000,
    "depreciationAndAmortization": 6000000,
    "ebitda": 39500000,
    "ebitdaratio": 0.0785756913,
    "operatingIncome": 33500000,
    "operatingIncomeRatio": 0.0666401432,
    "totalOtherIncomeExpensesNet": -25600000,
    "incomeBeforeTax": 7900000,
    "incomeBeforeTaxRatio": 0.0157151383,
    "incomeTaxExpense": 7800000,
    "netIncome": 100000,
    "netIncomeRatio": 0.0001989258,
    "eps": 0.0001,
    "epsdiluted": 0.0001,
    "weightedAverageShsOut": 1252860000,
    "weightedAverageShsOutDil": 1254336000,
    "link": "https://www.sec.gov/Archives/edgar/data/1000228/000088981299000849/0000889812-99-000849-index.html",
    "finalLink": "https://www.sec.gov/Archives/edgar/data/1000228/"
  },
  {
    "date": "1998-09-26",
    "symbol": "HSIC",
    "reportedCurrency": "USD",
    "cik": "0001000228",
    "fillingDate": "1998-11-10",
    "acceptedDate": "1998-11-10 00:00:00",
    "calendarYear": "1998",
    "period": "Q3",
    "revenue": 492600000,
    "costOfRevenue": 332300000,
    "grossProfit": 160300000,
    "grossProfitRatio": 0.3254161592,
    "researchAndDevelopmentExpenses": 0,
    "generalAndAdministrativeExpenses": 0,
    "sellingAndMarketingExpenses": 0,
    "sellingGeneralAndAdministrativeExpenses": 128600000,
    "otherExpenses": 6600000,
    "operatingExpenses": 135200000,
    "costAndExpenses": 467500000,
    "interestIncome": 0,
    "interestExpense": 37700000,
    "depreciationAndAmortization": 6600000,
    "ebitda": 31700000,
    "ebitdaratio": 0.0643524158,
    "operatingIncome": 25100000,
    "operatingIncomeRatio": 0.050954121,
    "totalOtherIncomeExpensesNet": -20200000,
    "incomeBeforeTax": 4900000,
    "incomeBeforeTaxRatio": 0.0099472188,
    "incomeTaxExpense": 2600000,
    "netIncome": 2300000,
    "netIncomeRatio": 0.0046691027,
    "eps": 0.0018,
    "epsdiluted": 0.0018,
    "weightedAverageShsOut": 1252860000,
    "weightedAverageShsOutDil": 1254336000,
    "link": "https://www.sec.gov/Archives/edgar/data/1000228/000088981298002624/0000889812-98-002624-index.html",
    "finalLink": "https://www.sec.gov/Archives/edgar/data/1000228/"
  },
  {
    "date": "1998-06-27",
    "symbol": "HSIC",
    "reportedCurrency": "USD",
    "cik": "0001000228",
    "fillingDate": "1998-08-11",
    "acceptedDate": "1998-08-11 00:00:00",
    "calendarYear": "1998",
    "period": "Q2",
    "revenue": 427900000,
    "costOfRevenue": 290000000,
    "grossProfit": 137900000,
    "grossProfitRatio": 0.3222715588,
    "researchAndDevelopmentExpenses": 0,
    "generalAndAdministrativeExpenses": 0,
    "sellingAndMarketingExpenses": 0,
    "sellingGeneralAndAdministrativeExpenses": 112300000,
    "otherExpenses": 3800000,
    "operatingExpenses": 116100000,
    "costAndExpenses": 406100000,
    "interestIncome": 0,
    "interestExpense": 15600000,
    "depreciationAndAmortization": 3800000,
    "ebitda": 27400000,
    "ebitdaratio": 0.0640336527,
    "operatingIncome": 21800000,
    "operatingIncomeRatio": 0.0509464828,
    "totalOtherIncomeExpensesNet": -8400000,
    "incomeBeforeTax": 12800000,
    "incomeBeforeTaxRatio": 0.0299135312,
    "incomeTaxExpense": 5600000,
    "netIncome": 7800000,
    "netIncomeRatio": 0.0182285581,
    "eps": 0.0062,
    "epsdiluted": 0.0062,
    "weightedAverageShsOut": 1252860000,
    "weightedAverageShsOutDil": 1254336000,
    "link": "https://www.sec.gov/Archives/edgar/data/1000228/000088981298001918/0000889812-98-001918-index.html",
    "finalLink": "https://www.sec.gov/Archives/edgar/data/1000228/"
  },
  {
    "date": "1998-03-28",
    "symbol": "HSIC",
    "reportedCurrency": "USD",
    "cik": "0001000228",
    "fillingDate": "1998-05-12",
    "acceptedDate": "1998-05-12 00:00:00",
    "calendarYear": "1998",
    "period": "Q1",
    "revenue": 403000000,
    "costOfRevenue": 277900000,
    "grossProfit": 125100000,
    "grossProfitRatio": 0.3104218362,
    "researchAndDevelopmentExpenses": 0,
    "generalAndAdministrativeExpenses": 0,
    "sellingAndMarketingExpenses": 0,
    "sellingGeneralAndAdministrativeExpenses": 107200000,
    "otherExpenses": 3600000,
    "operatingExpenses": 110800000,
    "costAndExpenses": 388700000,
    "interestIncome": 0,
    "interestExpense": 5900000,
    "depreciationAndAmortization": 3600000,
    "ebitda": 18900000,
    "ebitdaratio": 0.046898263,
    "operatingIncome": 14300000,
    "operatingIncomeRatio": 0.035483871,
    "totalOtherIncomeExpensesNet": -4400000,
    "incomeBeforeTax": 10300000,
    "incomeBeforeTaxRatio": 0.0255583127,
    "incomeTaxExpense": 4300000,
    "netIncome": 6100000,
    "netIncomeRatio": 0.0151364764,
    "eps": 0.0049,
    "epsdiluted": 0.0049,
    "weightedAverageShsOut": 1252860000,
    "weightedAverageShsOutDil": 1254336000,
    "link": "https://www.sec.gov/Archives/edgar/data/1000228/000088981298001172/0000889812-98-001172-index.html",
    "finalLink": "https://www.sec.gov/Archives/edgar/data/1000228/"
  },
  {
    "date": "1997-12-27",
    "symbol": "HSIC",
    "reportedCurrency": "USD",
    "cik": "0001000228",
    "fillingDate": "1998-04-24",
    "acceptedDate": "1998-04-24 00:00:00",
    "calendarYear": "1997",
    "period": "Q4",
    "revenue": 606400000,
    "costOfRevenue": 407000000,
    "grossProfit": 199400000,
    "grossProfitRatio": 0.3288258575,
    "researchAndDevelopmentExpenses": 0,
    "generalAndAdministrativeExpenses": 0,
    "sellingAndMarketingExpenses": 0,
    "sellingGeneralAndAdministrativeExpenses": 159900000,
    "otherExpenses": 5600000,
    "operatingExpenses": 165500000,
    "costAndExpenses": 572500000,
    "interestIncome": 0,
    "interestExpense": 50300000,
    "depreciationAndAmortization": 5600000,
    "ebitda": 39500000,
    "ebitdaratio": 0.0651385224,
    "operatingIncome": 33900000,
    "operatingIncomeRatio": 0.0559036939,
    "totalOtherIncomeExpensesNet": -26200000,
    "incomeBeforeTax": 7700000,
    "incomeBeforeTaxRatio": 0.0126978892,
    "incomeTaxExpense": 6700000,
    "netIncome": 1000000,
    "netIncomeRatio": 0.0016490765,
    "eps": 0.0008,
    "epsdiluted": 0.0008,
    "weightedAverageShsOut": 1252860000,
    "weightedAverageShsOutDil": 1254336000,
    "link": "https://www.sec.gov/Archives/edgar/data/1000228/000088981298001047/0000889812-98-001047-index.html",
    "finalLink": "https://www.sec.gov/Archives/edgar/data/1000228/"
  },
  {
    "date": "1997-09-27",
    "symbol": "HSIC",
    "reportedCurrency": "USD",
    "cik": "0001000228",
    "fillingDate": "1997-11-12",
    "acceptedDate": "1997-11-12 00:00:00",
    "calendarYear": "1997",
    "period": "Q3",
    "revenue": 327600000,
    "costOfRevenue": 233100000,
    "grossProfit": 94500000,
    "grossProfitRatio": 0.2884615385,
    "researchAndDevelopmentExpenses": 0,
    "generalAndAdministrativeExpenses": 0,
    "sellingAndMarketingExpenses": 0,
    "sellingGeneralAndAdministrativeExpenses": 79500000,
    "otherExpenses": 4200000,
    "operatingExpenses": 83700000,
    "costAndExpenses": 316800000,
    "interestIncome": 0,
    "interestExpense": 31400000,
    "depreciationAndAmortization": 4200000,
    "ebitda": 20300000,
    "ebitdaratio": 0.061965812,
    "operatingIncome": 10800000,
    "operatingIncomeRatio": 0.032967033,
    "totalOtherIncomeExpensesNet": -16600000,
    "incomeBeforeTax": -5500000,
    "incomeBeforeTaxRatio": -0.0167887668,
    "incomeTaxExpense": 4100000,
    "netIncome": -9600000,
    "netIncomeRatio": -0.0293040293,
    "eps": -0.0077,
    "epsdiluted": -0.0077,
    "weightedAverageShsOut": 1252860000,
    "weightedAverageShsOutDil": 1254336000,
    "link": "https://www.sec.gov/Archives/edgar/data/1000228/000088981297002385/0000889812-97-002385-index.html",
    "finalLink": "https://www.sec.gov/Archives/edgar/data/1000228/"
  },
  {
    "date": "1997-06-28",
    "symbol": "HSIC",
    "reportedCurrency": "USD",
    "cik": "0001000228",
    "fillingDate": "1997-08-12",
    "acceptedDate": "1997-08-12 00:00:00",
    "calendarYear": "1997",
    "period": "Q2",
    "revenue": 263100000,
    "costOfRevenue": 181800000,
    "grossProfit": 81300000,
    "grossProfitRatio": 0.3090079818,
    "researchAndDevelopmentExpenses": 0,
    "generalAndAdministrativeExpenses": 0,
    "sellingAndMarketingExpenses": 0,
    "sellingGeneralAndAdministrativeExpenses": 68400000,
    "otherExpenses": 2300000,
    "operatingExpenses": 70700000,
    "costAndExpenses": 252500000,
    "interestIncome": 0,
    "interestExpense": 2500000,
    "depreciationAndAmortization": 2300000,
    "ebitda": 18800000,
    "ebitdaratio": 0.0714557203,
    "operatingIncome": 10600000,
    "operatingIncomeRatio": 0.0402888635,
    "totalOtherIncomeExpensesNet": -900000,
    "incomeBeforeTax": 9000000,
    "incomeBeforeTaxRatio": 0.0342075257,
    "incomeTaxExpense": 3700000,
    "netIncome": 5300000,
    "netIncomeRatio": 0.0201444318,
    "eps": 0.0042,
    "epsdiluted": 0.0042,
    "weightedAverageShsOut": 1252860000,
    "weightedAverageShsOutDil": 1254336000,
    "link": "https://www.sec.gov/Archives/edgar/data/1000228/000088981297001696/0000889812-97-001696-index.html",
    "finalLink": "https://www.sec.gov/Archives/edgar/data/1000228/"
  },
  {
    "date": "1997-03-29",
    "symbol": "HSIC",
    "reportedCurrency": "USD",
    "cik": "0001000228",
    "fillingDate": "1997-05-13",
    "acceptedDate": "1997-05-13 00:00:00",
    "calendarYear": "1997",
    "period": "Q1",
    "revenue": 240500000,
    "costOfRevenue": 166500000,
    "grossProfit": 74000000,
    "grossProfitRatio": 0.3076923077,
    "researchAndDevelopmentExpenses": 0,
    "generalAndAdministrativeExpenses": 0,
    "sellingAndMarketingExpenses": 0,
    "sellingGeneralAndAdministrativeExpenses": 64800000,
    "otherExpenses": 2300000,
    "operatingExpenses": 67100000,
    "costAndExpenses": 233600000,
    "interestIncome": 0,
    "interestExpense": 5000000,
    "depreciationAndAmortization": 2300000,
    "ebitda": 12900000,
    "ebitdaratio": 0.0536382536,
    "operatingIncome": 6900000,
    "operatingIncomeRatio": 0.0286902287,
    "totalOtherIncomeExpensesNet": -2100000,
    "incomeBeforeTax": 4000000,
    "incomeBeforeTaxRatio": 0.0166320166,
    "incomeTaxExpense": 2500000,
    "netIncome": 1500000,
    "netIncomeRatio": 0.0062370062,
    "eps": 0.0012,
    "epsdiluted": 0.0012,
    "weightedAverageShsOut": 1252860000,
    "weightedAverageShsOutDil": 1254336000,
    "link": "https://www.sec.gov/Archives/edgar/data/1000228/000091205797017156/0000912057-97-017156-index.html",
    "finalLink": "https://www.sec.gov/Archives/edgar/data/1000228/"
  },
  {
    "date": "1996-12-28",
    "symbol": "HSIC",
    "reportedCurrency": "USD",
    "cik": "0001000228",
    "fillingDate": "1997-03-28",
    "acceptedDate": "1997-03-28 00:00:00",
    "calendarYear": "1996",
    "period": "Q4",
    "revenue": 237400000,
    "costOfRevenue": 164700000,
    "grossProfit": 72700000,
    "grossProfitRatio": 0.3062342039,
    "researchAndDevelopmentExpenses": 0,
    "generalAndAdministrativeExpenses": 0,
    "sellingAndMarketingExpenses": 0,
    "sellingGeneralAndAdministrativeExpenses": 59600000,
    "otherExpenses": 2200000,
    "operatingExpenses": 61800000,
    "costAndExpenses": 226500000,
    "interestIncome": 0,
    "interestExpense": 0,
    "depreciationAndAmortization": 2200000,
    "ebitda": 13100000,
    "ebitdaratio": 0.0551811289,
    "operatingIncome": 10900000,
    "operatingIncomeRatio": 0.0459140691,
    "totalOtherIncomeExpensesNet": 1000000,
    "incomeBeforeTax": 11900000,
    "incomeBeforeTaxRatio": 0.050126369,
    "incomeTaxExpense": 4600000,
    "netIncome": 7300000,
    "netIncomeRatio": 0.0307497894,
    "eps": 0.0058,
    "epsdiluted": 0.0058,
    "weightedAverageShsOut": 1252860000,
    "weightedAverageShsOutDil": 1254336000,
    "link": "https://www.sec.gov/Archives/edgar/data/1000228/000100547797000911/0001005477-97-000911-index.html",
    "finalLink": "https://www.sec.gov/Archives/edgar/data/1000228/"
  },
  {
    "date": "1996-09-28",
    "symbol": "HSIC",
    "reportedCurrency": "USD",
    "cik": "0001000228",
    "fillingDate": "1996-11-12",
    "acceptedDate": "1996-11-12 00:00:00",
    "calendarYear": "1996",
    "period": "Q3",
    "revenue": 212500000,
    "costOfRevenue": 148600000,
    "grossProfit": 63900000,
    "grossProfitRatio": 0.3007058824,
    "researchAndDevelopmentExpenses": 0,
    "generalAndAdministrativeExpenses": 0,
    "sellingAndMarketingExpenses": 0,
    "sellingGeneralAndAdministrativeExpenses": 54300000,
    "otherExpenses": 2000000,
    "operatingExpenses": 56300000,
    "costAndExpenses": 204900000,
    "interestIncome": 0,
    "interestExpense": 0,
    "depreciationAndAmortization": 2200000,
    "ebitda": 12800000,
    "ebitdaratio": 0.0602352941,
    "operatingIncome": 7600000,
    "operatingIncomeRatio": 0.0357647059,
    "totalOtherIncomeExpensesNet": 3200000,
    "incomeBeforeTax": 8200000,
    "incomeBeforeTaxRatio": 0.0385882353,
    "incomeTaxExpense": 2900000,
    "netIncome": 5300000,
    "netIncomeRatio": 0.0249411765,
    "eps": 0.0042,
    "epsdiluted": 0.0042,
    "weightedAverageShsOut": 1252860000,
    "weightedAverageShsOutDil": 1254336000,
    "link": "https://www.sec.gov/Archives/edgar/data/1000228/000100547796000427/0001005477-96-000427-index.html",
    "finalLink": "https://www.sec.gov/Archives/edgar/data/1000228/"
  },
  {
    "date": "1996-06-29",
    "symbol": "HSIC",
    "reportedCurrency": "USD",
    "cik": "0001000228",
    "fillingDate": "1996-08-13",
    "acceptedDate": "1996-08-13 00:00:00",
    "calendarYear": "1996",
    "period": "Q2",
    "revenue": 194700000,
    "costOfRevenue": 135000000,
    "grossProfit": 59700000,
    "grossProfitRatio": 0.3066255778,
    "researchAndDevelopmentExpenses": 0,
    "generalAndAdministrativeExpenses": 0,
    "sellingAndMarketingExpenses": 0,
    "sellingGeneralAndAdministrativeExpenses": 51500000,
    "otherExpenses": 1800000,
    "operatingExpenses": 53300000,
    "costAndExpenses": 188300000,
    "interestIncome": 0,
    "interestExpense": 0,
    "depreciationAndAmortization": 1800000,
    "ebitda": 8200000,
    "ebitdaratio": 0.042116076,
    "operatingIncome": 6400000,
    "operatingIncomeRatio": 0.0328710837,
    "totalOtherIncomeExpensesNet": -200000,
    "incomeBeforeTax": 6200000,
    "incomeBeforeTaxRatio": 0.0318438624,
    "incomeTaxExpense": 2000000,
    "netIncome": 4200000,
    "netIncomeRatio": 0.0215716487,
    "eps": 0.0034,
    "epsdiluted": 0.0033,
    "weightedAverageShsOut": 1252860000,
    "weightedAverageShsOutDil": 1254336000,
    "link": "https://www.sec.gov/Archives/edgar/data/1000228/000095011296002788/0000950112-96-002788-index.html",
    "finalLink": "https://www.sec.gov/Archives/edgar/data/1000228/"
  },
  {
    "date": "1996-03-30",
    "symbol": "HSIC",
    "reportedCurrency": "USD",
    "cik": "0001000228",
    "fillingDate": "1996-05-13",
    "acceptedDate": "1996-05-13 00:00:00",
    "calendarYear": "1996",
    "period": "Q1",
    "revenue": 185400000,
    "costOfRevenue": 128700000,
    "grossProfit": 56700000,
    "grossProfitRatio": 0.3058252427,
    "researchAndDevelopmentExpenses": 0,
    "generalAndAdministrativeExpenses": 0,
    "sellingAndMarketingExpenses": 0,
    "sellingGeneralAndAdministrativeExpenses": 50200000,
    "otherExpenses": 1700000,
    "operatingExpenses": 51900000,
    "costAndExpenses": 180600000,
    "interestIncome": 0,
    "interestExpense": 200000,
    "depreciationAndAmortization": 1700000,
    "ebitda": 6800000,
    "ebitdaratio": 0.0366774542,
    "operatingIncome": 4800000,
    "operatingIncomeRatio": 0.0258899676,
    "totalOtherIncomeExpensesNet": -100000,
    "incomeBeforeTax": 4300000,
    "incomeBeforeTaxRatio": 0.023193096,
    "incomeTaxExpense": 1800000,
    "netIncome": 2700000,
    "netIncomeRatio": 0.0145631068,
    "eps": 0.0022,
    "epsdiluted": 0.0022,
    "weightedAverageShsOut": 1252860000,
    "weightedAverageShsOutDil": 1254336000,
    "link": "https://www.sec.gov/Archives/edgar/data/1000228/000095011296001461/0000950112-96-001461-index.html",
    "finalLink": "https://www.sec.gov/Archives/edgar/data/1000228/"
  },
  {
    "date": "1995-12-31",
    "symbol": "HSIC",
    "reportedCurrency": "USD",
    "cik": "0001000228",
    "fillingDate": "1995-12-31",
    "acceptedDate": "1995-12-31 00:00:00",
    "calendarYear": "1995",
    "period": "Q4",
    "revenue": 183700000,
    "costOfRevenue": 0,
    "grossProfit": 183700000,
    "grossProfitRatio": 1,
    "researchAndDevelopmentExpenses": 0,
    "generalAndAdministrativeExpenses": 0,
    "sellingAndMarketingExpenses": 0,
    "sellingGeneralAndAdministrativeExpenses": 0,
    "otherExpenses": -617200000,
    "operatingExpenses": -617200000,
    "costAndExpenses": -617200000,
    "interestIncome": 0,
    "interestExpense": 0,
    "depreciationAndAmortization": 0,
    "ebitda": -433500000,
    "ebitdaratio": -2.3598258029,
    "operatingIncome": -433500000,
    "operatingIncomeRatio": -2.3598258029,
    "totalOtherIncomeExpensesNet": 0,
    "incomeBeforeTax": 0,
    "incomeBeforeTaxRatio": 0,
    "incomeTaxExpense": -434600000,
    "netIncome": 1100000,
    "netIncomeRatio": 0.005988024,
    "eps": 0.0009,
    "epsdiluted": 0.0009,
    "weightedAverageShsOut": 1252860000,
    "weightedAverageShsOutDil": 1254336000,
    "link": null,
    "finalLink": null
  },
  {
    "date": "1995-09-30",
    "symbol": "HSIC",
    "reportedCurrency": "USD",
    "cik": "0001000228",
    "fillingDate": "1995-09-30",
    "acceptedDate": "1995-09-30 00:00:00",
    "calendarYear": "1995",
    "period": "Q3",
    "revenue": 156700000,
    "costOfRevenue": 0,
    "grossProfit": 156700000,
    "grossProfitRatio": 1,
    "researchAndDevelopmentExpenses": 0,
    "generalAndAdministrativeExpenses": 0,
    "sellingAndMarketingExpenses": 0,
    "sellingGeneralAndAdministrativeExpenses": 0,
    "otherExpenses": 0,
    "operatingExpenses": 0,
    "costAndExpenses": 0,
    "interestIncome": 0,
    "interestExpense": 0,
    "depreciationAndAmortization": 0,
    "ebitda": 156700000,
    "ebitdaratio": 1,
    "operatingIncome": 156700000,
    "operatingIncomeRatio": 1,
    "totalOtherIncomeExpensesNet": 0,
    "incomeBeforeTax": 0,
    "incomeBeforeTaxRatio": 0,
    "incomeTaxExpense": 155500000,
    "netIncome": 1200000,
    "netIncomeRatio": 0.0076579451,
    "eps": 0.001,
    "epsdiluted": 0.001,
    "weightedAverageShsOut": 1252860000,
    "weightedAverageShsOutDil": 1254336000,
    "link": null,
    "finalLink": null
  }
]