[
  {
    "date": "2024-12-28",
    "symbol": "HSIC",
    "reportedCurrency": "USD",
    "cik": "0001000228",
    "fillingDate": "2025-02-25",
    "acceptedDate": "2025-02-25 15:08:48",
    "calendarYear": "2024",
    "period": "FY",
    "revenue": 12673000000,
    "costOfRevenue": 8657000000,
    "grossProfit": 4016000000,
    "grossProfitRatio": 0.3168941845,
    "researchAndDevelopmentExpenses": 0,
    "generalAndAdministrativeExpenses": 0,
    "sellingAndMarketingExpenses": 0,
    "sellingGeneralAndAdministrativeExpenses": 3034000000,
    "otherExpenses": 361000000,
    "operatingExpenses": 3395000000,
    "costAndExpenses": 12052000000,
    "interestIncome": 24000000,
    "interestExpense": 131000000,
    "depreciationAndAmortization": 297000000,
    "ebitda": 941000000,
    "ebitdaratio": 0.0742523475,
    "operatingIncome": 621000000,
    "operatingIncomeRatio": 0.0490018149,
    "totalOtherIncomeExpensesNet": -95000000,
    "incomeBeforeTax": 526000000,
    "incomeBeforeTaxRatio": 0.041505563,
    "incomeTaxExpense": 128000000,
    "netIncome": 390000000,
    "netIncomeRatio": 0.0307740866,
    "eps": 3.08,
    "epsdiluted": 3.05,
    "weightedAverageShsOut": 126789000,
    "weightedAverageShsOutDil": 127779000,
    "link": "https://www.sec.gov/Archives/edgar/data/1000228/000100022825000014/0001000228-25-000014-index.htm",
    "finalLink": "https://www.sec.gov/Archives/edgar/data/1000228/000100022825000014/hsic-20241228.htm"
  },
  {
    "date": "2023-12-30",
    "symbol": "HSIC",
    "reportedCurrency": "USD",
    "cik": "0001000228",
    "fillingDate": "2024-02-28",
    "acceptedDate": "2024-02-28 14:14:38",
    "calendarYear": "2023",
    "period": "FY",
    "revenue": 12339000000,
    "costOfRevenue": 8479000000,
    "grossProfit": 3860000000,
    "grossProfitRatio": 0.3128292406,
    "researchAndDevelopmentExpenses": 0,
    "generalAndAdministrativeExpenses": 0,
    "sellingAndMarketingExpenses": 0,
    "sellingGeneralAndAdministrativeExpenses": 2956000000,
    "otherExpenses": 289000000,
    "operatingExpenses": 3245000000,
    "costAndExpenses": 11724000000,
    "interestIncome": 17000000,
    "interestExpense": 87000000,
    "depreciationAndAmortization": 248000000,
    "ebitda": 877000000,
    "ebitdaratio": 0.0710754518,
    "operatingIncome": 615000000,
    "operatingIncomeRatio": 0.0498419645,
    "totalOtherIncomeExpensesNet": -59000000,
    "incomeBeforeTax": 556000000,
    "incomeBeforeTaxRatio": 0.0450603777,
    "incomeTaxExpense": 120000000,
    "netIncome": 416000000,
    "netIncomeRatio": 0.0337142394,
    "eps": 3.18,
    "epsdiluted": 3.16,
    "weightedAverageShsOut": 130618990,
    "weightedAverageShsOutDil": 131748171,
    "link": "https://www.sec.gov/Archives/edgar/data/1000228/000100022824000011/0001000228-24-000011-index.htm",
    "finalLink": "https://www.sec.gov/Archives/edgar/data/1000228/000100022824000011/form10k20231230.htm"
  },
  {
    "date": "2022-12-31",
    "symbol": "HSIC",
    "reportedCurrency": "USD",
    "cik": "0001000228",
    "fillingDate": "2023-02-21",
    "acceptedDate": "2023-02-21 06:40:07",
    "calendarYear": "2022",
    "period": "FY",
    "revenue": 12647000000,
    "costOfRevenue": 8816000000,
    "grossProfit": 3831000000,
    "grossProfitRatio": 0.302917688,
    "researchAndDevelopmentExpenses": 0,
    "generalAndAdministrativeExpenses": 0,
    "sellingAndMarketingExpenses": 0,
    "sellingGeneralAndAdministrativeExpenses": 2771000000,
    "otherExpenses": 313000000,
    "operatingExpenses": 3084000000,
    "costAndExpenses": 11900000000,
    "interestIncome": 17000000,
    "interestExpense": 44000000,
    "depreciationAndAmortization": 194000000,
    "ebitda": 1081000000,
    "ebitdaratio": 0.0854748162,
    "operatingIncome": 747000000,
    "operatingIncomeRatio": 0.059065391,
    "totalOtherIncomeExpensesNet": -11000000,
    "incomeBeforeTax": 736000000,
    "incomeBeforeTaxRatio": 0.0581956195,
    "incomeTaxExpense": 170000000,
    "netIncome": 538000000,
    "netIncomeRatio": 0.0425397327,
    "eps": 3.95,
    "epsdiluted": 3.91,
    "weightedAverageShsOut": 136064221,
    "weightedAverageShsOutDil": 137755670,
    "link": "https://www.sec.gov/Archives/edgar/data/1000228/000100022823000011/0001000228-23-000011-index.htm",
    "finalLink": "https://www.sec.gov/Archives/edgar/data/1000228/000100022823000011/hsic-20221231.htm"
  },
  {
    "date": "2021-12-25",
    "symbol": "HSIC",
    "reportedCurrency": "USD",
    "cik": "0001000228",
    "fillingDate": "2022-02-15",
    "acceptedDate": "2022-02-15 14:13:37",
    "calendarYear": "2021",
    "period": "FY",
    "revenue": 12401021000,
    "costOfRevenue": 8728770000,
    "grossProfit": 3672251000,
    "grossProfitRatio": 0.2961248917,
    "researchAndDevelopmentExpenses": 0,
    "generalAndAdministrativeExpenses": 0,
    "sellingAndMarketingExpenses": 0,
    "sellingGeneralAndAdministrativeExpenses": 2812656000,
    "otherExpenses": 0,
    "operatingExpenses": 2812656000,
    "costAndExpenses": 11541426000,
    "interestIncome": 6000000,
    "interestExpense": 27000000,
    "depreciationAndAmortization": 209528000,
    "ebitda": 1067676000,
    "ebitdaratio": 0.0860958142,
    "operatingIncome": 851656000,
    "operatingIncomeRatio": 0.0686762808,
    "totalOtherIncomeExpensesNet": -21000000,
    "incomeBeforeTax": 830548000,
    "incomeBeforeTaxRatio": 0.0669741629,
    "incomeTaxExpense": 197349000,
    "netIncome": 631000000,
    "netIncomeRatio": 0.0508829071,
    "eps": 4.51,
    "epsdiluted": 4.45,
    "weightedAverageShsOut": 140091000,
    "weightedAverageShsOutDil": 141773000,
    "link": "https://www.sec.gov/Archives/edgar/data/1000228/000100022822000016/0001000228-22-000016-index.htm",
    "finalLink": "https://www.sec.gov/Archives/edgar/data/1000228/000100022822000016/hsicform10k20211225.htm"
  },
  {
    "date": "2020-12-26",
    "symbol": "HSIC",
    "reportedCurrency": "USD",
    "cik": "0001000228",
    "fillingDate": "2021-02-17",
    "acceptedDate": "2021-02-17 12:52:42",
    "calendarYear": "2020",
    "period": "FY",
    "revenue": 10119141000,
    "costOfRevenue": 7304798000,
    "grossProfit": 2814343000,
    "grossProfitRatio": 0.2781207417,
    "researchAndDevelopmentExpenses": 0,
    "generalAndAdministrativeExpenses": 0,
    "sellingAndMarketingExpenses": 0,
    "sellingGeneralAndAdministrativeExpenses": 2246947000,
    "otherExpenses": 31978000,
    "operatingExpenses": 2278925000,
    "costAndExpenses": 9551745000,
    "interestIncome": 9842000,
    "interestExpense": 41377000,
    "depreciationAndAmortization": 185538000,
    "ebitda": 726810000,
    "ebitdaratio": 0.0718252666,
    "operatingIncome": 535303000,
    "operatingIncomeRatio": 0.0529000436,
    "totalOtherIncomeExpensesNet": -21000000,
    "incomeBeforeTax": 514000000,
    "incomeBeforeTaxRatio": 0.0507948254,
    "incomeTaxExpense": 95374000,
    "netIncome": 403794000,
    "netIncomeRatio": 0.03990398,
    "eps": 2.82,
    "epsdiluted": 2.8,
    "weightedAverageShsOut": 142504000,
    "weightedAverageShsOutDil": 143404000,
    "link": "https://www.sec.gov/Archives/edgar/data/1000228/000100022821000019/0001000228-21-000019-index.htm",
    "finalLink": "https://www.sec.gov/Archives/edgar/data/1000228/000100022821000019/hsicform10k20201226.htm"
  },
  {
    "date": "2019-12-28",
    "symbol": "HSIC",
    "reportedCurrency": "USD",
    "cik": "0001000228",
    "fillingDate": "2020-02-20",
    "acceptedDate": "2020-02-20 15:45:16",
    "calendarYear": "2019",
    "period": "FY",
    "revenue": 9985803000,
    "costOfRevenue": 6894917000,
    "grossProfit": 3090886000,
    "grossProfitRatio": 0.309528037,
    "researchAndDevelopmentExpenses": 0,
    "generalAndAdministrativeExpenses": 2284120000,
    "sellingAndMarketingExpenses": 73800000,
    "sellingGeneralAndAdministrativeExpenses": 2357920000,
    "otherExpenses": 0,
    "operatingExpenses": 2357920000,
    "costAndExpenses": 9252837000,
    "interestIncome": 15757000,
    "interestExpense": 50792000,
    "depreciationAndAmortization": 184942000,
    "ebitda": 917908000,
    "ebitdaratio": 0.0919213007,
    "operatingIncome": 718261000,
    "operatingIncomeRatio": 0.0719282165,
    "totalOtherIncomeExpensesNet": -37954000,
    "incomeBeforeTax": 680307000,
    "incomeBeforeTaxRatio": 0.0681274205,
    "incomeTaxExpense": 159515000,
    "netIncome": 719138000,
    "netIncomeRatio": 0.0720160412,
    "eps": 3.44,
    "epsdiluted": 3.4,
    "weightedAverageShsOut": 147817000,
    "weightedAverageShsOutDil": 149257000,
    "link": "https://www.sec.gov/Archives/edgar/data/1000228/000100022820000018/0001000228-20-000018-index.htm",
    "finalLink": "https://www.sec.gov/Archives/edgar/data/1000228/000100022820000018/hsic-20191228.htm"
  },
  {
    "date": "2018-12-29",
    "symbol": "HSIC",
    "reportedCurrency": "USD",
    "cik": "0001000228",
    "fillingDate": "2019-02-20",
    "acceptedDate": "2019-02-20 15:59:15",
    "calendarYear": "2018",
    "period": "FY",
    "revenue": 13201995000,
    "costOfRevenue": 9606911000,
    "grossProfit": 3595084000,
    "grossProfitRatio": 0.272313692,
    "researchAndDevelopmentExpenses": 0,
    "generalAndAdministrativeExpenses": 2631276000,
    "sellingAndMarketingExpenses": 70600000,
    "sellingGeneralAndAdministrativeExpenses": 2701876000,
    "otherExpenses": -154000,
    "operatingExpenses": 2701876000,
    "costAndExpenses": 12308787000,
    "interestIncome": 15491000,
    "interestExpense": 76016000,
    "depreciationAndAmortization": 143630000,
    "ebitda": 837104000,
    "ebitdaratio": 0.0634073865,
    "operatingIncome": 753052000,
    "operatingIncomeRatio": 0.057040773,
    "totalOtherIncomeExpensesNet": -216216000,
    "incomeBeforeTax": 695348000,
    "incomeBeforeTaxRatio": 0.0526699184,
    "incomeTaxExpense": 155492000,
    "netIncome": 535881000,
    "netIncomeRatio": 0.0405909107,
    "eps": 3.51,
    "epsdiluted": 3.49,
    "weightedAverageShsOut": 152656000,
    "weightedAverageShsOutDil": 153707000,
    "link": "https://www.sec.gov/Archives/edgar/data/1000228/000100022819000015/0001000228-19-000015-index.htm",
    "finalLink": "https://www.sec.gov/Archives/edgar/data/1000228/000100022819000015/the10k_2018.htm"
  },
  {
    "date": "2017-12-31",
    "symbol": "HSIC",
    "reportedCurrency": "USD",
    "cik": "0001000228",
    "fillingDate": "2017-12-31",
    "acceptedDate": "2017-12-31 00:00:00",
    "calendarYear": "2017",
    "period": "FY",
    "revenue": 12461543000,
    "costOfRevenue": 9062440000,
    "grossProfit": 3399103000,
    "grossProfitRatio": 0.2727674254,
    "researchAndDevelopmentExpenses": 0,
    "generalAndAdministrativeExpenses": 2474734000,
    "sellingAndMarketingExpenses": 65000000,
    "sellingGeneralAndAdministrativeExpenses": 2539734000,
    "otherExpenses": -420000,
    "operatingExpenses": 2539734000,
    "costAndExpenses": 11602174000,
    "interestIncome": 12438000,
    "interestExpense": 51066000,
    "depreciationAndAmortization": 193072000,
    "ebitda": 1069574000,
    "ebitdaratio": 0.0858299811,
    "operatingIncome": 859369000,
    "operatingIncomeRatio": 0.0689616848,
    "totalOtherIncomeExpensesNet": -39967000,
    "incomeBeforeTax": 822848000,
    "incomeBeforeTaxRatio": 0.0660309883,
    "incomeTaxExpense": 362506000,
    "netIncome": 406299000,
    "netIncomeRatio": 0.0326042289,
    "eps": 2.59,
    "epsdiluted": 2.57,
    "weightedAverageShsOut": 156787000,
    "weightedAverageShsOutDil": 158208000,
    "link": null,
    "finalLink": null
  },
  {
    "date": "2016-12-31",
    "symbol": "HSIC",
    "reportedCurrency": "USD",
    "cik": "0001000228",
    "fillingDate": "2017-02-21",
    "acceptedDate": "2017-02-21 15:57:15",
    "calendarYear": "2016",
    "period": "FY",
    "revenue": 11571668000,
    "costOfRevenue": 8337699000,
    "grossProfit": 3233969000,
    "grossProfitRatio": 0.2794730198,
    "researchAndDevelopmentExpenses": 0,
    "generalAndAdministrativeExpenses": 2332504000,
    "sellingAndMarketingExpenses": 84000000,
    "sellingGeneralAndAdministrativeExpenses": 2416504000,
    "otherExpenses": 2879000,
    "operatingExpenses": 2416504000,
    "costAndExpenses": 10754203000,
    "interestIncome": 13275000,
    "interestExpense": 31893000,
    "depreciationAndAmortization": 169780000,
    "ebitda": 987245000,
    "ebitdaratio": 0.0853157038,
    "operatingIncome": 771574000,
    "operatingIncomeRatio": 0.0666778549,
    "totalOtherIncomeExpensesNet": -15739000,
    "incomeBeforeTax": 755835000,
    "incomeBeforeTaxRatio": 0.0653177226,
    "incomeTaxExpense": 217958000,
    "netIncome": 506778000,
    "netIncomeRatio": 0.0437947235,
    "eps": 3.16,
    "epsdiluted": 3.12,
    "weightedAverageShsOut": 160410000,
    "weightedAverageShsOutDil": 162381000,
    "link": "https://www.sec.gov/Archives/edgar/data/1000228/000100022817000011/0001000228-17-000011-index.htm",
    "finalLink": "https://www.sec.gov/Archives/edgar/data/1000228/000100022817000011/the10k_2016.htm"
  },
  {
    "date": "2015-12-26",
    "symbol": "HSIC",
    "reportedCurrency": "USD",
    "cik": "0001000228",
    "fillingDate": "2016-02-10",
    "acceptedDate": "2016-02-10 15:04:27",
    "calendarYear": "2015",
    "period": "FY",
    "revenue": 10629719000,
    "costOfRevenue": 7617460000,
    "grossProfit": 3012259000,
    "grossProfitRatio": 0.2833808683,
    "researchAndDevelopmentExpenses": 0,
    "generalAndAdministrativeExpenses": 2164656000,
    "sellingAndMarketingExpenses": 78700000,
    "sellingGeneralAndAdministrativeExpenses": 2243356000,
    "otherExpenses": -141000,
    "operatingExpenses": 2243356000,
    "costAndExpenses": 9860816000,
    "interestIncome": 12935000,
    "interestExpense": 26008000,
    "depreciationAndAmortization": 159127000,
    "ebitda": 928030000,
    "ebitdaratio": 0.0873052242,
    "operatingIncome": 733972000,
    "operatingIncomeRatio": 0.0690490501,
    "totalOtherIncomeExpensesNet": -13214000,
    "incomeBeforeTax": 720758000,
    "incomeBeforeTaxRatio": 0.0678059317,
    "incomeTaxExpense": 211391000,
    "netIncome": 479058000,
    "netIncomeRatio": 0.0450677953,
    "eps": 2.89,
    "epsdiluted": 2.85,
    "weightedAverageShsOut": 165688000,
    "weightedAverageShsOutDil": 168250000,
    "link": "https://www.sec.gov/Archives/edgar/data/1000228/000100022816000042/0001000228-16-000042-index.htm",
    "finalLink": "https://www.sec.gov/Archives/edgar/data/1000228/000100022816000042/the10k_2015.htm"
  },
  {
    "date": "2014-12-27",
    "symbol": "HSIC",
    "reportedCurrency": "USD",
    "cik": "0001000228",
    "fillingDate": "2015-02-11",
    "acceptedDate": "2015-02-11 13:37:28",
    "calendarYear": "2014",
    "period": "FY",
    "revenue": 10371390000,
    "costOfRevenue": 7460075000,
    "grossProfit": 2911315000,
    "grossProfitRatio": 0.280706347,
    "researchAndDevelopmentExpenses": 0,
    "generalAndAdministrativeExpenses": 2117773000,
    "sellingAndMarketingExpenses": 78400000,
    "sellingGeneralAndAdministrativeExpenses": 2196173000,
    "otherExpenses": 4572000,
    "operatingExpenses": 2196173000,
    "costAndExpenses": 9656248000,
    "interestIncome": 13655000,
    "interestExpense": 24057000,
    "depreciationAndAmortization": 152238000,
    "ebitda": 885607000,
    "ebitdaratio": 0.0853894222,
    "operatingIncome": 715142000,
    "operatingIncomeRatio": 0.0689533418,
    "totalOtherIncomeExpensesNet": -5830000,
    "incomeBeforeTax": 709312000,
    "incomeBeforeTaxRatio": 0.0683912185,
    "incomeTaxExpense": 215610000,
    "netIncome": 466077000,
    "netIncomeRatio": 0.0449387208,
    "eps": 2.77,
    "epsdiluted": 2.72,
    "weightedAverageShsOut": 168530000,
    "weightedAverageShsOutDil": 171480000,
    "link": "https://www.sec.gov/Archives/edgar/data/1000228/000100022815000007/0001000228-15-000007-index.htm",
    "finalLink": "https://www.sec.gov/Archives/edgar/data/1000228/000100022815000007/the10k_2014.htm"
  },
  {
    "date": "2013-12-28",
    "symbol": "HSIC",
    "reportedCurrency": "USD",
    "cik": "0001000228",
    "fillingDate": "2014-02-11",
    "acceptedDate": "2014-02-11 15:13:53",
    "calendarYear": "2013",
    "period": "FY",
    "revenue": 9560647000,
    "costOfRevenue": 6904633000,
    "grossProfit": 2656014000,
    "grossProfitRatio": 0.2778069308,
    "researchAndDevelopmentExpenses": 0,
    "generalAndAdministrativeExpenses": 0,
    "sellingAndMarketingExpenses": 0,
    "sellingGeneralAndAdministrativeExpenses": 1978960000,
    "otherExpenses": 2325000,
    "operatingExpenses": 1978960000,
    "costAndExpenses": 8883593000,
    "interestIncome": 12853000,
    "interestExpense": 27538000,
    "depreciationAndAmortization": 128035000,
    "ebitda": 820267000,
    "ebitdaratio": 0.0857961809,
    "operatingIncome": 677054000,
    "operatingIncomeRatio": 0.0708167554,
    "totalOtherIncomeExpensesNet": -12360000,
    "incomeBeforeTax": 664694000,
    "incomeBeforeTaxRatio": 0.0695239559,
    "incomeTaxExpense": 190891000,
    "netIncome": 431554000,
    "netIncomeRatio": 0.0451385769,
    "eps": 2.58,
    "epsdiluted": 2.53,
    "weightedAverageShsOut": 171852000,
    "weightedAverageShsOutDil": 175244000,
    "link": "https://www.sec.gov/Archives/edgar/data/1000228/000100022814000010/0001000228-14-000010-index.htm",
    "finalLink": "https://www.sec.gov/Archives/edgar/data/1000228/000100022814000010/the10k_2013.htm"
  },
  {
    "date": "2012-12-29",
    "symbol": "HSIC",
    "reportedCurrency": "USD",
    "cik": "0001000228",
    "fillingDate": "2013-02-13",
    "acceptedDate": "2013-02-13 14:03:18",
    "calendarYear": "2012",
    "period": "FY",
    "revenue": 8939967000,
    "costOfRevenue": 6432454000,
    "grossProfit": 2507513000,
    "grossProfitRatio": 0.2804834738,
    "researchAndDevelopmentExpenses": 0,
    "generalAndAdministrativeExpenses": 1808860000,
    "sellingAndMarketingExpenses": 64500000,
    "sellingGeneralAndAdministrativeExpenses": 1873360000,
    "otherExpenses": 2735000,
    "operatingExpenses": 1873360000,
    "costAndExpenses": 8305814000,
    "interestIncome": 13394000,
    "interestExpense": 30902000,
    "depreciationAndAmortization": 125322000,
    "ebitda": 760412000,
    "ebitdaratio": 0.0850575847,
    "operatingIncome": 618961000,
    "operatingIncomeRatio": 0.0692352668,
    "totalOtherIncomeExpensesNet": -29965000,
    "incomeBeforeTax": 604188000,
    "incomeBeforeTaxRatio": 0.0675827998,
    "incomeTaxExpense": 187858000,
    "netIncome": 388076000,
    "netIncomeRatio": 0.0434091088,
    "eps": 2.22,
    "epsdiluted": 2.16,
    "weightedAverageShsOut": 174998000,
    "weightedAverageShsOutDil": 179646000,
    "link": "https://www.sec.gov/Archives/edgar/data/1000228/000100022813000010/0001000228-13-000010-index.htm",
    "finalLink": "https://www.sec.gov/Archives/edgar/data/1000228/000100022813000010/the201210k.htm"
  },
  {
    "date": "2011-12-31",
    "symbol": "HSIC",
    "reportedCurrency": "USD",
    "cik": "0001000228",
    "fillingDate": "2012-02-15",
    "acceptedDate": "2012-02-15 15:57:04",
    "calendarYear": "2011",
    "period": "FY",
    "revenue": 8530242000,
    "costOfRevenue": 6112187000,
    "grossProfit": 2418055000,
    "grossProfitRatio": 0.2834685112,
    "researchAndDevelopmentExpenses": 0,
    "generalAndAdministrativeExpenses": 0,
    "sellingAndMarketingExpenses": 0,
    "sellingGeneralAndAdministrativeExpenses": 1835906000,
    "otherExpenses": 0,
    "operatingExpenses": 1835906000,
    "costAndExpenses": 7948093000,
    "interestIncome": 15593000,
    "interestExpense": 30377000,
    "depreciationAndAmortization": 115896000,
    "ebitda": 715580000,
    "ebitdaratio": 0.0838874208,
    "operatingIncome": 582149000,
    "operatingIncomeRatio": 0.0682453089,
    "totalOtherIncomeExpensesNet": -12842000,
    "incomeBeforeTax": 569307000,
    "incomeBeforeTaxRatio": 0.0667398416,
    "incomeTaxExpense": 180212000,
    "netIncome": 367661000,
    "netIncomeRatio": 0.0431008874,
    "eps": 2.04,
    "epsdiluted": 1.99,
    "weightedAverageShsOut": 180240000,
    "weightedAverageShsOutDil": 185240000,
    "link": "https://www.sec.gov/Archives/edgar/data/1000228/000100022812000009/0001000228-12-000009-index.htm",
    "finalLink": "https://www.sec.gov/Archives/edgar/data/1000228/000100022812000009/the10k_2011.htm"
  },
  {
    "date": "2010-12-25",
    "symbol": "HSIC",
    "reportedCurrency": "USD",
    "cik": "0001000228",
    "fillingDate": "2011-02-22",
    "acceptedDate": "2011-02-22 12:01:27",
    "calendarYear": "2010",
    "period": "FY",
    "revenue": 7526790000,
    "costOfRevenue": 5355914000,
    "grossProfit": 2170876000,
    "grossProfitRatio": 0.2884198975,
    "researchAndDevelopmentExpenses": 0,
    "generalAndAdministrativeExpenses": 0,
    "sellingAndMarketingExpenses": 0,
    "sellingGeneralAndAdministrativeExpenses": 1637460000,
    "otherExpenses": 0,
    "operatingExpenses": 1637460000,
    "costAndExpenses": 6993374000,
    "interestIncome": 14098000,
    "interestExpense": 33641000,
    "depreciationAndAmortization": 101214000,
    "ebitda": 637205000,
    "ebitdaratio": 0.0846582673,
    "operatingIncome": 521131000,
    "operatingIncomeRatio": 0.0692368194,
    "totalOtherIncomeExpensesNet": -19096000,
    "incomeBeforeTax": 502035000,
    "incomeBeforeTaxRatio": 0.0666997485,
    "incomeTaxExpense": 160069000,
    "netIncome": 325789000,
    "netIncomeRatio": 0.0432839232,
    "eps": 1.81,
    "epsdiluted": 1.75,
    "weightedAverageShsOut": 180194000,
    "weightedAverageShsOutDil": 186536000,
    "link": "https://www.sec.gov/Archives/edgar/data/1000228/000100022811000014/0001000228-11-000014-index.htm",
    "finalLink": "https://www.sec.gov/Archives/edgar/data/1000228/000100022811000014/the2010_10k.htm"
  },
  {
    "date": "2009-12-26",
    "symbol": "HSIC",
    "reportedCurrency": "USD",
    "cik": "0001000228",
    "fillingDate": "2010-02-23",
    "acceptedDate": "2010-02-23 12:42:05",
    "calendarYear": "2009",
    "period": "FY",
    "revenue": 6538336000,
    "costOfRevenue": 4621516000,
    "grossProfit": 1916820000,
    "grossProfitRatio": 0.2931663347,
    "researchAndDevelopmentExpenses": 0,
    "generalAndAdministrativeExpenses": 0,
    "sellingAndMarketingExpenses": 0,
    "sellingGeneralAndAdministrativeExpenses": 1449715000,
    "otherExpenses": 0,
    "operatingExpenses": 1449715000,
    "costAndExpenses": 6071231000,
    "interestIncome": 9979000,
    "interestExpense": 23370000,
    "depreciationAndAmortization": 81493000,
    "ebitda": 557783000,
    "ebitdaratio": 0.0853096262,
    "operatingIncome": 464085000,
    "operatingIncomeRatio": 0.0709790687,
    "totalOtherIncomeExpensesNet": -11365000,
    "incomeBeforeTax": 452720000,
    "incomeBeforeTaxRatio": 0.0692408588,
    "incomeTaxExpense": 127521000,
    "netIncome": 311153000,
    "netIncomeRatio": 0.0475890196,
    "eps": 1.74,
    "epsdiluted": 1.7,
    "weightedAverageShsOut": 177744064,
    "weightedAverageShsOutDil": 181112676,
    "link": "https://www.sec.gov/Archives/edgar/data/1000228/000100022810000006/0001000228-10-000006-index.htm",
    "finalLink": "https://www.sec.gov/Archives/edgar/data/1000228/000100022810000006/the10k_2009.htm"
  },
  {
    "date": "2008-12-27",
    "symbol": "HSIC",
    "reportedCurrency": "USD",
    "cik": "0001000228",
    "fillingDate": "2009-02-24",
    "acceptedDate": "2009-02-24 12:18:20",
    "calendarYear": "2008",
    "period": "FY",
    "revenue": 6394874000,
    "costOfRevenue": 4510336000,
    "grossProfit": 1884538000,
    "grossProfitRatio": 0.2946950949,
    "researchAndDevelopmentExpenses": 0,
    "generalAndAdministrativeExpenses": 0,
    "sellingAndMarketingExpenses": 0,
    "sellingGeneralAndAdministrativeExpenses": 1441695000,
    "otherExpenses": 0,
    "operatingExpenses": 1441695000,
    "costAndExpenses": 5952031000,
    "interestIncome": 16355000,
    "interestExpense": 29439000,
    "depreciationAndAmortization": 78127000,
    "ebitda": 508181000,
    "ebitdaratio": 0.0794669293,
    "operatingIncome": 419603000,
    "operatingIncomeRatio": 0.0656155227,
    "totalOtherIncomeExpensesNet": -24154000,
    "incomeBeforeTax": 400815000,
    "incomeBeforeTaxRatio": 0.0626775445,
    "incomeTaxExpense": 132924000,
    "netIncome": 243143000,
    "netIncomeRatio": 0.0380215466,
    "eps": 1.39,
    "epsdiluted": 1.36,
    "weightedAverageShsOut": 178160914,
    "weightedAverageShsOutDil": 182441972,
    "link": "https://www.sec.gov/Archives/edgar/data/1000228/000100022809000011/0001000228-09-000011-index.htm",
    "finalLink": "https://www.sec.gov/Archives/edgar/data/1000228/000100022809000011/the10_k2008final.htm"
  },
  {
    "date": "2007-12-29",
    "symbol": "HSIC",
    "reportedCurrency": "USD",
    "cik": "0001000228",
    "fillingDate": "2008-02-26",
    "acceptedDate": "2008-02-26 15:14:31",
    "calendarYear": "2007",
    "period": "FY",
    "revenue": 5920190000,
    "costOfRevenue": 4201906000,
    "grossProfit": 1718284000,
    "grossProfitRatio": 0.2902413605,
    "researchAndDevelopmentExpenses": 0,
    "generalAndAdministrativeExpenses": 0,
    "sellingAndMarketingExpenses": 0,
    "sellingGeneralAndAdministrativeExpenses": 1332025000,
    "otherExpenses": 0,
    "operatingExpenses": 1332025000,
    "costAndExpenses": 5533931000,
    "interestIncome": 16531000,
    "interestExpense": 36694000,
    "depreciationAndAmortization": 73936000,
    "ebitda": 481356000,
    "ebitdaratio": 0.0813075256,
    "operatingIncome": 386259000,
    "operatingIncomeRatio": 0.0652443587,
    "totalOtherIncomeExpensesNet": -4016000,
    "incomeBeforeTax": 382243000,
    "incomeBeforeTaxRatio": 0.0645660021,
    "incomeTaxExpense": 129762000,
    "netIncome": 215173000,
    "netIncomeRatio": 0.036345624,
    "eps": 1.33,
    "epsdiluted": 1.29,
    "weightedAverageShsOut": 177118000,
    "weightedAverageShsOutDil": 182326000,
    "link": "https://www.sec.gov/Archives/edgar/data/1000228/000095012308002119/0000950123-08-002119-index.htm",
    "finalLink": "https://www.sec.gov/Archives/edgar/data/1000228/000095012308002119/y50229e10vk.htm"
  },
  {
    "date": "2006-12-30",
    "symbol": "HSIC",
    "reportedCurrency": "USD",
    "cik": "0001000228",
    "fillingDate": "2007-02-28",
    "acceptedDate": "2007-02-28 12:14:16",
    "calendarYear": "2006",
    "period": "FY",
    "revenue": 5153097000,
    "costOfRevenue": 3673042000,
    "grossProfit": 1480055000,
    "grossProfitRatio": 0.2872166,
    "researchAndDevelopmentExpenses": 0,
    "generalAndAdministrativeExpenses": 0,
    "sellingAndMarketingExpenses": 0,
    "sellingGeneralAndAdministrativeExpenses": 1175158000,
    "otherExpenses": 0,
    "operatingExpenses": 1175158000,
    "costAndExpenses": 4848200000,
    "interestIncome": 16440000,
    "interestExpense": 33853000,
    "depreciationAndAmortization": 64930000,
    "ebitda": 369065000,
    "ebitdaratio": 0.0716200374,
    "operatingIncome": 304897000,
    "operatingIncomeRatio": 0.0591677199,
    "totalOtherIncomeExpensesNet": -9204000,
    "incomeBeforeTax": 295602000,
    "incomeBeforeTaxRatio": 0.0573639503,
    "incomeTaxExpense": 105220000,
    "netIncome": 163759000,
    "netIncomeRatio": 0.0317787536,
    "eps": 1.04,
    "epsdiluted": 1.01,
    "weightedAverageShsOut": 175904000,
    "weightedAverageShsOutDil": 179640000,
    "link": "https://www.sec.gov/Archives/edgar/data/1000228/000095012307002886/0000950123-07-002886-index.htm",
    "finalLink": "https://www.sec.gov/Archives/edgar/data/1000228/000095012307002886/y30969e10vk.htm"
  },
  {
    "date": "2005-12-31",
    "symbol": "HSIC",
    "reportedCurrency": "USD",
    "cik": "0001000228",
    "fillingDate": "2006-03-10",
    "acceptedDate": "2006-03-10 16:57:13",
    "calendarYear": "2005",
    "period": "FY",
    "revenue": 4635929000,
    "costOfRevenue": 3318993000,
    "grossProfit": 1316936000,
    "grossProfitRatio": 0.2840716499,
    "researchAndDevelopmentExpenses": 0,
    "generalAndAdministrativeExpenses": 0,
    "sellingAndMarketingExpenses": 0,
    "sellingGeneralAndAdministrativeExpenses": 1035848000,
    "otherExpenses": 0,
    "operatingExpenses": 1035848000,
    "costAndExpenses": 4354841000,
    "interestIncome": 7315000,
    "interestExpense": 31101000,
    "depreciationAndAmortization": 60345000,
    "ebitda": 322750000,
    "ebitdaratio": 0.0696192716,
    "operatingIncome": 281088000,
    "operatingIncomeRatio": 0.0606325075,
    "totalOtherIncomeExpensesNet": -16365000,
    "incomeBeforeTax": 264554000,
    "incomeBeforeTaxRatio": 0.0570660163,
    "incomeTaxExpense": 97002000,
    "netIncome": 151326000,
    "netIncomeRatio": 0.0326420012,
    "eps": 0.87,
    "epsdiluted": 0.86,
    "weightedAverageShsOut": 174012000,
    "weightedAverageShsOutDil": 176978000,
    "link": "https://www.sec.gov/Archives/edgar/data/1000228/000095012306002954/0000950123-06-002954-index.htm",
    "finalLink": "https://www.sec.gov/Archives/edgar/data/1000228/000095012306002954/y18197e10vk.htm"
  },
  {
    "date": "2004-12-25",
    "symbol": "HSIC",
    "reportedCurrency": "USD",
    "cik": "0001000228",
    "fillingDate": "2005-03-11",
    "acceptedDate": "2005-03-11 16:55:51",
    "calendarYear": "2004",
    "period": "FY",
    "revenue": 4060266000,
    "costOfRevenue": 2983860000,
    "grossProfit": 1076406000,
    "grossProfitRatio": 0.2651072614,
    "researchAndDevelopmentExpenses": 0,
    "generalAndAdministrativeExpenses": 0,
    "sellingAndMarketingExpenses": 0,
    "sellingGeneralAndAdministrativeExpenses": 863319000,
    "otherExpenses": 0,
    "operatingExpenses": 863319000,
    "costAndExpenses": 3847179000,
    "interestIncome": 0,
    "interestExpense": 9132000,
    "depreciationAndAmortization": 51326000,
    "ebitda": 243524000,
    "ebitdaratio": 0.0599773512,
    "operatingIncome": 213087000,
    "operatingIncomeRatio": 0.0524810443,
    "totalOtherIncomeExpensesNet": 6431000,
    "incomeBeforeTax": 203374000,
    "incomeBeforeTaxRatio": 0.0500888365,
    "incomeTaxExpense": 75404000,
    "netIncome": 128183000,
    "netIncomeRatio": 0.0315700991,
    "eps": 0.74,
    "epsdiluted": 0.72,
    "weightedAverageShsOut": 174505212,
    "weightedAverageShsOutDil": 178923132,
    "link": "https://www.sec.gov/Archives/edgar/data/1000228/000101297505000074/0001012975-05-000074-index.htm",
    "finalLink": "https://www.sec.gov/Archives/edgar/data/1000228/000101297505000074/e331501.txt"
  },
  {
    "date": "2003-12-27",
    "symbol": "HSIC",
    "reportedCurrency": "USD",
    "cik": "0001000228",
    "fillingDate": "2004-03-09",
    "acceptedDate": "2004-03-09 17:28:03",
    "calendarYear": "2003",
    "period": "FY",
    "revenue": 3353805000,
    "costOfRevenue": 2426611000,
    "grossProfit": 927194000,
    "grossProfitRatio": 0.276460319,
    "researchAndDevelopmentExpenses": 0,
    "generalAndAdministrativeExpenses": 0,
    "sellingAndMarketingExpenses": 0,
    "sellingGeneralAndAdministrativeExpenses": 693475000,
    "otherExpenses": 0,
    "operatingExpenses": 693475000,
    "costAndExpenses": 3120086000,
    "interestIncome": 8746000,
    "interestExpense": 10209000,
    "depreciationAndAmortization": 36843000,
    "ebitda": 269139000,
    "ebitdaratio": 0.0802488517,
    "operatingIncome": 233719000,
    "operatingIncomeRatio": 0.0696877129,
    "totalOtherIncomeExpensesNet": -10396000,
    "incomeBeforeTax": 225776000,
    "incomeBeforeTaxRatio": 0.0673193582,
    "incomeTaxExpense": 84378000,
    "netIncome": 137510000,
    "netIncomeRatio": 0.0410011912,
    "eps": 0.79,
    "epsdiluted": 0.77,
    "weightedAverageShsOut": 174776552,
    "weightedAverageShsOutDil": 179461566,
    "link": "https://www.sec.gov/Archives/edgar/data/1000228/000095012304003036/0000950123-04-003036-index.htm",
    "finalLink": "https://www.sec.gov/Archives/edgar/data/1000228/000095012304003036/y94988e10vk.htm"
  },
  {
    "date": "2002-12-28",
    "symbol": "HSIC",
    "reportedCurrency": "USD",
    "cik": "0001000228",
    "fillingDate": "2003-03-24",
    "acceptedDate": "2003-03-24 16:26:11",
    "calendarYear": "2002",
    "period": "FY",
    "revenue": 2825001000,
    "costOfRevenue": 2030097000,
    "grossProfit": 794904000,
    "grossProfitRatio": 0.2813818473,
    "researchAndDevelopmentExpenses": 0,
    "generalAndAdministrativeExpenses": 0,
    "sellingAndMarketingExpenses": 0,
    "sellingGeneralAndAdministrativeExpenses": 598635000,
    "otherExpenses": 0,
    "operatingExpenses": 598635000,
    "costAndExpenses": 2628732000,
    "interestIncome": 0,
    "interestExpense": 6098000,
    "depreciationAndAmortization": 28272000,
    "ebitda": 225275000,
    "ebitdaratio": 0.0797433346,
    "operatingIncome": 197003000,
    "operatingIncomeRatio": 0.0697355505,
    "totalOtherIncomeExpensesNet": -6574000,
    "incomeBeforeTax": 188497000,
    "incomeBeforeTaxRatio": 0.0667245782,
    "incomeTaxExpense": 70510000,
    "netIncome": 117987000,
    "netIncomeRatio": 0.041765295,
    "eps": 0.67,
    "epsdiluted": 0.66,
    "weightedAverageShsOut": 174958224,
    "weightedAverageShsOutDil": 179298000,
    "link": "https://www.sec.gov/Archives/edgar/data/1000228/000100022803000008/0001000228-03-000008-index.htm",
    "finalLink": "https://www.sec.gov/Archives/edgar/data/1000228/000100022803000008/the2002_10k.txt"
  },
  {
    "date": "2001-12-29",
    "symbol": "HSIC",
    "reportedCurrency": "USD",
    "cik": "0001000228",
    "fillingDate": "2002-03-19",
    "acceptedDate": "2002-03-19 00:00:00",
    "calendarYear": "2001",
    "period": "FY",
    "revenue": 2558243000,
    "costOfRevenue": 1858919000,
    "grossProfit": 699324000,
    "grossProfitRatio": 0.2733610529,
    "researchAndDevelopmentExpenses": 0,
    "generalAndAdministrativeExpenses": 0,
    "sellingAndMarketingExpenses": 0,
    "sellingGeneralAndAdministrativeExpenses": 551574000,
    "otherExpenses": 0,
    "operatingExpenses": 551574000,
    "costAndExpenses": 2410493000,
    "interestIncome": 0,
    "interestExpense": 8600000,
    "depreciationAndAmortization": 35642000,
    "ebitda": 183392000,
    "ebitdaratio": 0.0716867006,
    "operatingIncome": 147750000,
    "operatingIncomeRatio": 0.0577544823,
    "totalOtherIncomeExpensesNet": -7399000,
    "incomeBeforeTax": 140351000,
    "incomeBeforeTaxRatio": 0.0548622629,
    "incomeTaxExpense": 51930000,
    "netIncome": 87373000,
    "netIncomeRatio": 0.0341535186,
    "eps": 0.26,
    "epsdiluted": 0.25,
    "weightedAverageShsOut": 338928000,
    "weightedAverageShsOutDil": 348360000,
    "link": "https://www.sec.gov/Archives/edgar/data/1000228/000100022802000007/0001000228-02-000007-index.htm",
    "finalLink": "https://www.sec.gov/Archives/edgar/data/1000228/000100022802000007/the10k.txt"
  },
  {
    "date": "2000-12-30",
    "symbol": "HSIC",
    "reportedCurrency": "USD",
    "cik": "0001000228",
    "fillingDate": "2001-03-28",
    "acceptedDate": "2001-03-28 00:00:00",
    "calendarYear": "2000",
    "period": "FY",
    "revenue": 2381721000,
    "costOfRevenue": 1700058000,
    "grossProfit": 681663000,
    "grossProfitRatio": 0.286206067,
    "researchAndDevelopmentExpenses": 0,
    "generalAndAdministrativeExpenses": 0,
    "sellingAndMarketingExpenses": 0,
    "sellingGeneralAndAdministrativeExpenses": 520288000,
    "otherExpenses": 33762000,
    "operatingExpenses": 554050000,
    "costAndExpenses": 2254108000,
    "interestIncome": 0,
    "interestExpense": 53541000,
    "depreciationAndAmortization": 33762000,
    "ebitda": 161375000,
    "ebitdaratio": 0.0677556271,
    "operatingIncome": 127613000,
    "operatingIncomeRatio": 0.0535801633,
    "totalOtherIncomeExpensesNet": -34714000,
    "incomeBeforeTax": 92899000,
    "incomeBeforeTaxRatio": 0.0390049884,
    "incomeTaxExpense": 36150000,
    "netIncome": 56749000,
    "netIncomeRatio": 0.0238268882,
    "eps": 0.17,
    "epsdiluted": 0.17,
    "weightedAverageShsOut": 334280000,
    "weightedAverageShsOutDil": 340988000,
    "link": "https://www.sec.gov/Archives/edgar/data/1000228/000112528201001159/0001125282-01-001159-index.htm",
    "finalLink": "https://www.sec.gov/Archives/edgar/data/1000228/000112528201001159/0001125282-01-001159-0001.txt"
  },
  {
    "date": "1999-12-25",
    "symbol": "HSIC",
    "reportedCurrency": "USD",
    "cik": "0001000228",
    "fillingDate": "2000-03-24",
    "acceptedDate": "2000-03-24 00:00:00",
    "calendarYear": "1999",
    "period": "FY",
    "revenue": 2285700000,
    "costOfRevenue": 1559000000,
    "grossProfit": 726700000,
    "grossProfitRatio": 0.3179332371,
    "researchAndDevelopmentExpenses": 0,
    "generalAndAdministrativeExpenses": 0,
    "sellingAndMarketingExpenses": 0,
    "sellingGeneralAndAdministrativeExpenses": 579100000,
    "otherExpenses": 28300000,
    "operatingExpenses": 607400000,
    "costAndExpenses": 2166400000,
    "interestIncome": 0,
    "interestExpense": 49100000,
    "depreciationAndAmortization": 28300000,
    "ebitda": 147461000,
    "ebitdaratio": 0.0645145907,
    "operatingIncome": 119300000,
    "operatingIncomeRatio": 0.0521940762,
    "totalOtherIncomeExpensesNet": -33287000,
    "incomeBeforeTax": 85900000,
    "incomeBeforeTaxRatio": 0.0375814849,
    "incomeTaxExpense": 35600000,
    "netIncome": 50300000,
    "netIncomeRatio": 0.0220063875,
    "eps": 0.0401,
    "epsdiluted": 0.0401,
    "weightedAverageShsOut": 1252860000,
    "weightedAverageShsOutDil": 1254336000,
    "link": "https://www.sec.gov/Archives/edgar/data/1000228/000088981200001326/0000889812-00-001326-index.html",
    "finalLink": "https://www.sec.gov/Archives/edgar/data/1000228/000088981200001326/"
  },
  {
    "date": "1998-12-26",
    "symbol": "HSIC",
    "reportedCurrency": "USD",
    "cik": "0001000228",
    "fillingDate": "1999-03-16",
    "acceptedDate": "1999-03-16 00:00:00",
    "calendarYear": "1998",
    "period": "FY",
    "revenue": 1921700000,
    "costOfRevenue": 1299900000,
    "grossProfit": 621800000,
    "grossProfitRatio": 0.3235676745,
    "researchAndDevelopmentExpenses": 0,
    "generalAndAdministrativeExpenses": 0,
    "sellingAndMarketingExpenses": 0,
    "sellingGeneralAndAdministrativeExpenses": 505600000,
    "otherExpenses": 20000000,
    "operatingExpenses": 525600000,
    "costAndExpenses": 1825500000,
    "interestIncome": 0,
    "interestExpense": 107000000,
    "depreciationAndAmortization": 20000000,
    "ebitda": 116180000,
    "ebitdaratio": 0.0604568871,
    "operatingIncome": 96200000,
    "operatingIncomeRatio": 0.0500598428,
    "totalOtherIncomeExpensesNet": -59544000,
    "incomeBeforeTax": 36600000,
    "incomeBeforeTaxRatio": 0.0190456367,
    "incomeTaxExpense": 20300000,
    "netIncome": 16300000,
    "netIncomeRatio": 0.0084820732,
    "eps": 0.013,
    "epsdiluted": 0.013,
    "weightedAverageShsOut": 1252860000,
    "weightedAverageShsOutDil": 1254336000,
    "link": "https://www.sec.gov/Archives/edgar/data/1000228/000088981299000849/0000889812-99-000849-index.html",
    "finalLink": "https://www.sec.gov/Archives/edgar/data/1000228/"
  },
  {
    "date": "1997-12-27",
    "symbol": "HSIC",
    "reportedCurrency": "USD",
    "cik": "0001000228",
    "fillingDate": "1998-04-24",
    "acceptedDate": "1998-04-24 00:00:00",
    "calendarYear": "1997",
    "period": "FY",
    "revenue": 1518100000,
    "costOfRevenue": 1052900000,
    "grossProfit": 465200000,
    "grossProfitRatio": 0.3064356762,
    "researchAndDevelopmentExpenses": 0,
    "generalAndAdministrativeExpenses": 0,
    "sellingAndMarketingExpenses": 0,
    "sellingGeneralAndAdministrativeExpenses": 388400000,
    "otherExpenses": 14400000,
    "operatingExpenses": 402800000,
    "costAndExpenses": 1455700000,
    "interestIncome": 0,
    "interestExpense": 86700000,
    "depreciationAndAmortization": 14400000,
    "ebitda": 78300000,
    "ebitdaratio": 0.0515776299,
    "operatingIncome": 62400000,
    "operatingIncomeRatio": 0.0411040116,
    "totalOtherIncomeExpensesNet": -47100000,
    "incomeBeforeTax": 16500000,
    "incomeBeforeTaxRatio": 0.0108688492,
    "incomeTaxExpense": 17500000,
    "netIncome": -1000000,
    "netIncomeRatio": -0.0006587181,
    "eps": -0.0008,
    "epsdiluted": -0.0008,
    "weightedAverageShsOut": 1252860000,
    "weightedAverageShsOutDil": 1254336000,
    "link": "https://www.sec.gov/Archives/edgar/data/1000228/000088981298001047/0000889812-98-001047-index.html",
    "finalLink": "https://www.sec.gov/Archives/edgar/data/1000228/"
  },
  {
    "date": "1996-12-28",
    "symbol": "HSIC",
    "reportedCurrency": "USD",
    "cik": "0001000228",
    "fillingDate": "1997-06-27",
    "acceptedDate": "1997-06-27 00:00:00",
    "calendarYear": "1996",
    "period": "FY",
    "revenue": 830000000,
    "costOfRevenue": 576800000,
    "grossProfit": 253200000,
    "grossProfitRatio": 0.305060241,
    "researchAndDevelopmentExpenses": 0,
    "generalAndAdministrativeExpenses": 0,
    "sellingAndMarketingExpenses": 0,
    "sellingGeneralAndAdministrativeExpenses": 215600000,
    "otherExpenses": 7900000,
    "operatingExpenses": 223500000,
    "costAndExpenses": 800300000,
    "interestIncome": 0,
    "interestExpense": 0,
    "depreciationAndAmortization": 7900000,
    "ebitda": 55700000,
    "ebitdaratio": 0.0671084337,
    "operatingIncome": 29700000,
    "operatingIncomeRatio": 0.0357831325,
    "totalOtherIncomeExpensesNet": 17600000,
    "incomeBeforeTax": 30600000,
    "incomeBeforeTaxRatio": 0.0368674699,
    "incomeTaxExpense": 11300000,
    "netIncome": 19300000,
    "netIncomeRatio": 0.023253012,
    "eps": 0.0154,
    "epsdiluted": 0.0154,
    "weightedAverageShsOut": 1252860000,
    "weightedAverageShsOutDil": 1254336000,
    "link": "https://www.sec.gov/Archives/edgar/data/1000228/000088981297001453/0000889812-97-001453-index.html",
    "finalLink": "https://www.sec.gov/Archives/edgar/data/1000228/"
  },
  {
    "date": "1995-12-31",
    "symbol": "HSIC",
    "reportedCurrency": "USD",
    "cik": "0001000228",
    "fillingDate": "1995-12-31",
    "acceptedDate": "1995-12-31 00:00:00",
    "calendarYear": "1995",
    "period": "FY",
    "revenue": 616200000,
    "costOfRevenue": 419600000,
    "grossProfit": 196600000,
    "grossProfitRatio": 0.3190522558,
    "researchAndDevelopmentExpenses": 0,
    "generalAndAdministrativeExpenses": 0,
    "sellingAndMarketingExpenses": 0,
    "sellingGeneralAndAdministrativeExpenses": 191600000,
    "otherExpenses": 6000000,
    "operatingExpenses": 197600000,
    "costAndExpenses": 617200000,
    "interestIncome": 0,
    "interestExpense": 1800000,
    "depreciationAndAmortization": 6000000,
    "ebitda": 43300000,
    "ebitdaratio": 0.0702693931,
    "operatingIncome": -1000000,
    "operatingIncomeRatio": -0.0016228497,
    "totalOtherIncomeExpensesNet": -23900000,
    "incomeBeforeTax": -5100000,
    "incomeBeforeTaxRatio": -0.0082765336,
    "incomeTaxExpense": 5100000,
    "netIncome": -10200000,
    "netIncomeRatio": -0.0165530672,
    "eps": -0.0081,
    "epsdiluted": -0.0081,
    "weightedAverageShsOut": 1252860000,
    "weightedAverageShsOutDil": 1254336000,
    "link": null,
    "finalLink": null
  },
  {
    "date": "1994-12-31",
    "symbol": "HSIC",
    "reportedCurrency": "USD",
    "cik": "0001000228",
    "fillingDate": "1994-12-31",
    "acceptedDate": "1994-12-31 00:00:00",
    "calendarYear": "1994",
    "period": "FY",
    "revenue": 486600000,
    "costOfRevenue": 340100000,
    "grossProfit": 146500000,
    "grossProfitRatio": 0.3010686395,
    "researchAndDevelopmentExpenses": 0,
    "generalAndAdministrativeExpenses": 0,
    "sellingAndMarketingExpenses": 0,
    "sellingGeneralAndAdministrativeExpenses": 152200000,
    "otherExpenses": 3800000,
    "operatingExpenses": 156000000,
    "costAndExpenses": 496100000,
    "interestIncome": 0,
    "interestExpense": 1700000,
    "depreciationAndAmortization": 3800000,
    "ebitda": -5700000,
    "ebitdaratio": -0.0117139334,
    "operatingIncome": -9500000,
    "operatingIncomeRatio": -0.0195232224,
    "totalOtherIncomeExpensesNet": -3000000,
    "incomeBeforeTax": -12500000,
    "incomeBeforeTaxRatio": -0.0256884505,
    "incomeTaxExpense": -1600000,
    "netIncome": -10900000,
    "netIncomeRatio": -0.0224003288,
    "eps": -0.005,
    "epsdiluted": -0.005,
    "weightedAverageShsOut": 2180000000,
    "weightedAverageShsOutDil": 2180000000,
    "link": null,
    "finalLink": null
  }
]