[
  {
    "date": "2025-06-30",
    "symbol": "HST",
    "reportedCurrency": "USD",
    "cik": "0001070750",
    "fillingDate": "2025-08-01",
    "acceptedDate": "2025-08-01 14:38:58",
    "calendarYear": "2025",
    "period": "Q2",
    "revenue": 1586000000,
    "costOfRevenue": 723000000,
    "grossProfit": 863000000,
    "grossProfitRatio": 0.5441361917,
    "researchAndDevelopmentExpenses": 0,
    "generalAndAdministrativeExpenses": 25000000,
    "sellingAndMarketingExpenses": 0,
    "sellingGeneralAndAdministrativeExpenses": 25000000,
    "otherExpenses": 561000000,
    "operatingExpenses": 586000000,
    "costAndExpenses": 1309000000,
    "interestIncome": 7000000,
    "interestExpense": 58000000,
    "depreciationAndAmortization": 195000000,
    "ebitda": 505000000,
    "ebitdaratio": 0.3184110971,
    "operatingIncome": 277000000,
    "operatingIncomeRatio": 0.1746532156,
    "totalOtherIncomeExpensesNet": -25000000,
    "incomeBeforeTax": 252000000,
    "incomeBeforeTaxRatio": 0.15889029,
    "incomeTaxExpense": 27000000,
    "netIncome": 221000000,
    "netIncomeRatio": 0.1393442623,
    "eps": 0.32,
    "epsdiluted": 0.32,
    "weightedAverageShsOut": 692500000,
    "weightedAverageShsOutDil": 693900000,
    "link": "https://www.sec.gov/Archives/edgar/data/1070750/000107075025000139/0001070750-25-000139-index.htm",
    "finalLink": "https://www.sec.gov/Archives/edgar/data/1061937/000107075025000139/hst-20250630.htm"
  },
  {
    "date": "2025-03-31",
    "symbol": "HST",
    "reportedCurrency": "USD",
    "cik": "0001070750",
    "fillingDate": "2025-05-02",
    "acceptedDate": "2025-05-02 11:47:20",
    "calendarYear": "2025",
    "period": "Q1",
    "revenue": 1594000000,
    "costOfRevenue": 728000000,
    "grossProfit": 866000000,
    "grossProfitRatio": 0.5432873275,
    "researchAndDevelopmentExpenses": 0,
    "generalAndAdministrativeExpenses": 31000000,
    "sellingAndMarketingExpenses": 0,
    "sellingGeneralAndAdministrativeExpenses": 31000000,
    "otherExpenses": 550000000,
    "operatingExpenses": 581000000,
    "costAndExpenses": 1309000000,
    "interestIncome": 8000000,
    "interestExpense": 57000000,
    "depreciationAndAmortization": 196000000,
    "ebitda": 503000000,
    "ebitdaratio": 0.3155583438,
    "operatingIncome": 285000000,
    "operatingIncomeRatio": 0.1787954831,
    "totalOtherIncomeExpensesNet": -35000000,
    "incomeBeforeTax": 250000000,
    "incomeBeforeTaxRatio": 0.156838143,
    "incomeTaxExpense": -1000000,
    "netIncome": 248000000,
    "netIncomeRatio": 0.1555834379,
    "eps": 0.35,
    "epsdiluted": 0.35,
    "weightedAverageShsOut": 697800000,
    "weightedAverageShsOutDil": 698300000,
    "link": "https://www.sec.gov/Archives/edgar/data/1070750/000107075025000097/0001070750-25-000097-index.htm",
    "finalLink": "https://www.sec.gov/Archives/edgar/data/1061937/000107075025000097/hst-20250331.htm"
  },
  {
    "date": "2024-12-31",
    "symbol": "HST",
    "reportedCurrency": "USD",
    "cik": "0001070750",
    "fillingDate": "2025-02-26",
    "acceptedDate": "2025-02-26 11:13:39",
    "calendarYear": "2024",
    "period": "Q4",
    "revenue": 1428000000,
    "costOfRevenue": 665000000,
    "grossProfit": 763000000,
    "grossProfitRatio": 0.5343137255,
    "researchAndDevelopmentExpenses": 0,
    "generalAndAdministrativeExpenses": 36000000,
    "sellingAndMarketingExpenses": 0,
    "sellingGeneralAndAdministrativeExpenses": 36000000,
    "otherExpenses": 570000000,
    "operatingExpenses": 606000000,
    "costAndExpenses": 1271000000,
    "interestIncome": 11000000,
    "interestExpense": 59000000,
    "depreciationAndAmortization": 197000000,
    "ebitda": 366000000,
    "ebitdaratio": 0.256302521,
    "operatingIncome": 157000000,
    "operatingIncomeRatio": 0.1099439776,
    "totalOtherIncomeExpensesNet": -54000000,
    "incomeBeforeTax": 103000000,
    "incomeBeforeTaxRatio": 0.0721288515,
    "incomeTaxExpense": -6000000,
    "netIncome": 108000000,
    "netIncomeRatio": 0.0756302521,
    "eps": 0.15,
    "epsdiluted": 0.15,
    "weightedAverageShsOut": 699000000,
    "weightedAverageShsOutDil": 700900000,
    "link": "https://www.sec.gov/Archives/edgar/data/1070750/000107075025000071/0001070750-25-000071-index.htm",
    "finalLink": "https://www.sec.gov/Archives/edgar/data/1061937/000107075025000071/hst-20241231.htm"
  },
  {
    "date": "2024-09-30",
    "symbol": "HST",
    "reportedCurrency": "USD",
    "cik": "0001070750",
    "fillingDate": "2024-11-08",
    "acceptedDate": "2024-11-08 14:06:27",
    "calendarYear": "2024",
    "period": "Q3",
    "revenue": 1319000000,
    "costOfRevenue": 483000000,
    "grossProfit": 836000000,
    "grossProfitRatio": 0.6338134951,
    "researchAndDevelopmentExpenses": 0,
    "generalAndAdministrativeExpenses": 25000000,
    "sellingAndMarketingExpenses": 0,
    "sellingGeneralAndAdministrativeExpenses": 25000000,
    "otherExpenses": 513000000,
    "operatingExpenses": 701000000,
    "costAndExpenses": 1184000000,
    "interestIncome": 11000000,
    "interestExpense": 59000000,
    "depreciationAndAmortization": 197000000,
    "ebitda": 346000000,
    "ebitdaratio": 0.2623199393,
    "operatingIncome": 135000000,
    "operatingIncomeRatio": 0.1023502654,
    "totalOtherIncomeExpensesNet": -45000000,
    "incomeBeforeTax": 90000000,
    "incomeBeforeTaxRatio": 0.0682335102,
    "incomeTaxExpense": 6000000,
    "netIncome": 82000000,
    "netIncomeRatio": 0.0621683093,
    "eps": 0.12,
    "epsdiluted": 0.12,
    "weightedAverageShsOut": 704300000,
    "weightedAverageShsOutDil": 705900000,
    "link": "https://www.sec.gov/Archives/edgar/data/1070750/000107075024000184/0001070750-24-000184-index.htm",
    "finalLink": "https://www.sec.gov/Archives/edgar/data/1061937/000107075024000184/hst-20240930.htm"
  },
  {
    "date": "2024-06-30",
    "symbol": "HST",
    "reportedCurrency": "USD",
    "cik": "0001070750",
    "fillingDate": "2024-08-02",
    "acceptedDate": "2024-08-02 15:04:20",
    "calendarYear": "2024",
    "period": "Q2",
    "revenue": 1466000000,
    "costOfRevenue": 1201000000,
    "grossProfit": 265000000,
    "grossProfitRatio": 0.1807639836,
    "researchAndDevelopmentExpenses": 0,
    "generalAndAdministrativeExpenses": 29000000,
    "sellingAndMarketingExpenses": 0,
    "sellingGeneralAndAdministrativeExpenses": 29000000,
    "otherExpenses": 674000000,
    "operatingExpenses": 560000000,
    "costAndExpenses": 1230000000,
    "interestIncome": 14000000,
    "interestExpense": 50000000,
    "depreciationAndAmortization": 188000000,
    "ebitda": 426000000,
    "ebitdaratio": 0.2905866303,
    "operatingIncome": 236000000,
    "operatingIncomeRatio": 0.1609822647,
    "totalOtherIncomeExpensesNet": -34000000,
    "incomeBeforeTax": 258000000,
    "incomeBeforeTaxRatio": 0.1759890859,
    "incomeTaxExpense": 16000000,
    "netIncome": 239000000,
    "netIncomeRatio": 0.1630286494,
    "eps": 0.34,
    "epsdiluted": 0.34,
    "weightedAverageShsOut": 704300000,
    "weightedAverageShsOutDil": 705900000,
    "link": "https://www.sec.gov/Archives/edgar/data/1070750/000107075024000167/0001070750-24-000167-index.htm",
    "finalLink": "https://www.sec.gov/Archives/edgar/data/1061937/000107075024000167/hst-20240630.htm"
  },
  {
    "date": "2024-03-31",
    "symbol": "HST",
    "reportedCurrency": "USD",
    "cik": "0001070750",
    "fillingDate": "2024-05-03",
    "acceptedDate": "2024-05-03 15:50:47",
    "calendarYear": "2024",
    "period": "Q1",
    "revenue": 1471000000,
    "costOfRevenue": 1184000000,
    "grossProfit": 287000000,
    "grossProfitRatio": 0.1951053705,
    "researchAndDevelopmentExpenses": 0,
    "generalAndAdministrativeExpenses": 96000000,
    "sellingAndMarketingExpenses": 0,
    "sellingGeneralAndAdministrativeExpenses": 96000000,
    "otherExpenses": -27000000,
    "operatingExpenses": 27000000,
    "costAndExpenses": 1211000000,
    "interestIncome": 18000000,
    "interestExpense": 47000000,
    "depreciationAndAmortization": 180000000,
    "ebitda": 448000000,
    "ebitdaratio": 0.3045547247,
    "operatingIncome": 260000000,
    "operatingIncomeRatio": 0.1767505099,
    "totalOtherIncomeExpensesNet": -21000000,
    "incomeBeforeTax": 270000000,
    "incomeBeforeTaxRatio": 0.1835486064,
    "incomeTaxExpense": -2000000,
    "netIncome": 268000000,
    "netIncomeRatio": 0.1821889871,
    "eps": 0.38,
    "epsdiluted": 0.38,
    "weightedAverageShsOut": 704000000,
    "weightedAverageShsOutDil": 705500000,
    "link": "https://www.sec.gov/Archives/edgar/data/1070750/000107075024000128/0001070750-24-000128-index.htm",
    "finalLink": "https://www.sec.gov/Archives/edgar/data/1061937/000107075024000128/hst-20240331.htm"
  },
  {
    "date": "2023-12-31",
    "symbol": "HST",
    "reportedCurrency": "USD",
    "cik": "0001070750",
    "fillingDate": "2024-02-28",
    "acceptedDate": "2024-02-28 13:41:50",
    "calendarYear": "2023",
    "period": "Q4",
    "revenue": 1323000000,
    "costOfRevenue": 466000000,
    "grossProfit": 857000000,
    "grossProfitRatio": 0.6477702192,
    "researchAndDevelopmentExpenses": 0,
    "generalAndAdministrativeExpenses": 99000000,
    "sellingAndMarketingExpenses": 0,
    "sellingGeneralAndAdministrativeExpenses": 99000000,
    "otherExpenses": 684000000,
    "operatingExpenses": 684000000,
    "costAndExpenses": 1150000000,
    "interestIncome": 19000000,
    "interestExpense": 49000000,
    "depreciationAndAmortization": 186000000,
    "ebitda": 337000000,
    "ebitdaratio": 0.2547241119,
    "operatingIncome": 173000000,
    "operatingIncomeRatio": 0.1307634165,
    "totalOtherIncomeExpensesNet": -30000000,
    "incomeBeforeTax": 143000000,
    "incomeBeforeTaxRatio": 0.1080876795,
    "incomeTaxExpense": -9000000,
    "netIncome": 132000000,
    "netIncomeRatio": 0.0997732426,
    "eps": 0.19,
    "epsdiluted": 0.19,
    "weightedAverageShsOut": 704500000,
    "weightedAverageShsOutDil": 707600000,
    "link": "https://www.sec.gov/Archives/edgar/data/1070750/000107075024000081/0001070750-24-000081-index.htm",
    "finalLink": "https://www.sec.gov/Archives/edgar/data/1061937/000107075024000081/hst-20231231.htm"
  },
  {
    "date": "2023-09-30",
    "symbol": "HST",
    "reportedCurrency": "USD",
    "cik": "0001070750",
    "fillingDate": "2023-11-06",
    "acceptedDate": "2023-11-06 11:23:27",
    "calendarYear": "2023",
    "period": "Q3",
    "revenue": 1214000000,
    "costOfRevenue": 437000000,
    "grossProfit": 777000000,
    "grossProfitRatio": 0.6400329489,
    "researchAndDevelopmentExpenses": 0,
    "generalAndAdministrativeExpenses": 77000000,
    "sellingAndMarketingExpenses": 0,
    "sellingGeneralAndAdministrativeExpenses": 77000000,
    "otherExpenses": 620000000,
    "operatingExpenses": 620000000,
    "costAndExpenses": 1057000000,
    "interestIncome": 22000000,
    "interestExpense": 48000000,
    "depreciationAndAmortization": 174000000,
    "ebitda": 280000000,
    "ebitdaratio": 0.2306425041,
    "operatingIncome": 157000000,
    "operatingIncomeRatio": 0.129324547,
    "totalOtherIncomeExpensesNet": -29000000,
    "incomeBeforeTax": 128000000,
    "incomeBeforeTaxRatio": 0.1054365733,
    "incomeTaxExpense": -15000000,
    "netIncome": 111000000,
    "netIncomeRatio": 0.0914332784,
    "eps": 0.16,
    "epsdiluted": 0.16,
    "weightedAverageShsOut": 709700000,
    "weightedAverageShsOutDil": 711900000,
    "link": "https://www.sec.gov/Archives/edgar/data/1070750/000107075023000133/0001070750-23-000133-index.htm",
    "finalLink": "https://www.sec.gov/Archives/edgar/data/1061937/000107075023000133/hst-20230930.htm"
  },
  {
    "date": "2023-06-30",
    "symbol": "HST",
    "reportedCurrency": "USD",
    "cik": "0001070750",
    "fillingDate": "2023-08-04",
    "acceptedDate": "2023-08-04 14:09:11",
    "calendarYear": "2023",
    "period": "Q2",
    "revenue": 1393000000,
    "costOfRevenue": 557000000,
    "grossProfit": 836000000,
    "grossProfitRatio": 0.600143575,
    "researchAndDevelopmentExpenses": 0,
    "generalAndAdministrativeExpenses": 95000000,
    "sellingAndMarketingExpenses": 0,
    "sellingGeneralAndAdministrativeExpenses": 95000000,
    "otherExpenses": 680000000,
    "operatingExpenses": 586000000,
    "costAndExpenses": 1143000000,
    "interestIncome": 20000000,
    "interestExpense": 45000000,
    "depreciationAndAmortization": 168000000,
    "ebitda": 418000000,
    "ebitdaratio": 0.3000717875,
    "operatingIncome": 249000000,
    "operatingIncomeRatio": 0.1787508973,
    "totalOtherIncomeExpensesNet": -21000000,
    "incomeBeforeTax": 228000000,
    "incomeBeforeTaxRatio": 0.1636755205,
    "incomeTaxExpense": 14000000,
    "netIncome": 210000000,
    "netIncomeRatio": 0.1507537688,
    "eps": 0.3,
    "epsdiluted": 0.29,
    "weightedAverageShsOut": 711300000,
    "weightedAverageShsOutDil": 713200000,
    "link": "https://www.sec.gov/Archives/edgar/data/1070750/000095017023038490/0000950170-23-038490-index.htm",
    "finalLink": "https://www.sec.gov/Archives/edgar/data/1061937/000095017023038490/hst-20230630.htm"
  },
  {
    "date": "2023-03-31",
    "symbol": "HST",
    "reportedCurrency": "USD",
    "cik": "0001070750",
    "fillingDate": "2023-05-05",
    "acceptedDate": "2023-05-05 13:56:35",
    "calendarYear": "2023",
    "period": "Q1",
    "revenue": 1381000000,
    "costOfRevenue": 553000000,
    "grossProfit": 828000000,
    "grossProfitRatio": 0.5995655322,
    "researchAndDevelopmentExpenses": 0,
    "generalAndAdministrativeExpenses": 93000000,
    "sellingAndMarketingExpenses": 0,
    "sellingGeneralAndAdministrativeExpenses": 93000000,
    "otherExpenses": 484000000,
    "operatingExpenses": 577000000,
    "costAndExpenses": 1130000000,
    "interestIncome": 14000000,
    "interestExpense": 46000000,
    "depreciationAndAmortization": 169000000,
    "ebitda": 510000000,
    "ebitdaratio": 0.3692976104,
    "operatingIncome": 341000000,
    "operatingIncomeRatio": 0.2469225199,
    "totalOtherIncomeExpensesNet": -52000000,
    "incomeBeforeTax": 289000000,
    "incomeBeforeTaxRatio": 0.2092686459,
    "incomeTaxExpense": -2000000,
    "netIncome": 287000000,
    "netIncomeRatio": 0.20782042,
    "eps": 0.4,
    "epsdiluted": 0.4,
    "weightedAverageShsOut": 713400000,
    "weightedAverageShsOutDil": 714900000,
    "link": "https://www.sec.gov/Archives/edgar/data/1070750/000095017023018229/0000950170-23-018229-index.htm",
    "finalLink": "https://www.sec.gov/Archives/edgar/data/1061937/000095017023018229/hst-20230331.htm"
  },
  {
    "date": "2022-12-31",
    "symbol": "HST",
    "reportedCurrency": "USD",
    "cik": "0001070750",
    "fillingDate": "2023-02-22",
    "acceptedDate": "2023-02-22 16:25:06",
    "calendarYear": "2022",
    "period": "Q4",
    "revenue": 1263000000,
    "costOfRevenue": 515000000,
    "grossProfit": 748000000,
    "grossProfitRatio": 0.5922406968,
    "researchAndDevelopmentExpenses": 0,
    "generalAndAdministrativeExpenses": 97000000,
    "sellingAndMarketingExpenses": 0,
    "sellingGeneralAndAdministrativeExpenses": 97000000,
    "otherExpenses": 474000000,
    "operatingExpenses": 571000000,
    "costAndExpenses": 1086000000,
    "interestIncome": 13000000,
    "interestExpense": 43000000,
    "depreciationAndAmortization": 166000000,
    "ebitda": 345000000,
    "ebitdaratio": 0.2731591449,
    "operatingIncome": 177000000,
    "operatingIncomeRatio": 0.1401425178,
    "totalOtherIncomeExpensesNet": -31000000,
    "incomeBeforeTax": 146000000,
    "incomeBeforeTaxRatio": 0.1155977831,
    "incomeTaxExpense": -3000000,
    "netIncome": 147000000,
    "netIncomeRatio": 0.1163895487,
    "eps": 0.21,
    "epsdiluted": 0.2,
    "weightedAverageShsOut": 715000000,
    "weightedAverageShsOutDil": 717700000,
    "link": "https://www.sec.gov/Archives/edgar/data/1070750/000095017023003778/0000950170-23-003778-index.htm",
    "finalLink": "https://www.sec.gov/Archives/edgar/data/1061937/000095017023003778/hst-20221231.htm"
  },
  {
    "date": "2022-09-30",
    "symbol": "HST",
    "reportedCurrency": "USD",
    "cik": "0001070750",
    "fillingDate": "2022-11-04",
    "acceptedDate": "2022-11-04 11:51:29",
    "calendarYear": "2022",
    "period": "Q3",
    "revenue": 1189000000,
    "costOfRevenue": 510000000,
    "grossProfit": 679000000,
    "grossProfitRatio": 0.5710681245,
    "researchAndDevelopmentExpenses": 0,
    "generalAndAdministrativeExpenses": 77000000,
    "sellingAndMarketingExpenses": 0,
    "sellingGeneralAndAdministrativeExpenses": 77000000,
    "otherExpenses": 464000000,
    "operatingExpenses": 541000000,
    "costAndExpenses": 1051000000,
    "interestIncome": 10000000,
    "interestExpense": 40000000,
    "depreciationAndAmortization": 164000000,
    "ebitda": 302000000,
    "ebitdaratio": 0.2539949537,
    "operatingIncome": 148000000,
    "operatingIncomeRatio": 0.1244743482,
    "totalOtherIncomeExpensesNet": -26000000,
    "incomeBeforeTax": 122000000,
    "incomeBeforeTaxRatio": 0.102607233,
    "incomeTaxExpense": 6000000,
    "netIncome": 114000000,
    "netIncomeRatio": 0.0958788898,
    "eps": 0.16,
    "epsdiluted": 0.16,
    "weightedAverageShsOut": 714900000,
    "weightedAverageShsOutDil": 717600000,
    "link": "https://www.sec.gov/Archives/edgar/data/1070750/000095017022022127/0000950170-22-022127-index.htm",
    "finalLink": "https://www.sec.gov/Archives/edgar/data/1061937/000095017022022127/hst-20220930.htm"
  },
  {
    "date": "2022-06-30",
    "symbol": "HST",
    "reportedCurrency": "USD",
    "cik": "0001070750",
    "fillingDate": "2022-08-05",
    "acceptedDate": "2022-08-05 11:24:21",
    "calendarYear": "2022",
    "period": "Q2",
    "revenue": 1381000000,
    "costOfRevenue": 512000000,
    "grossProfit": 869000000,
    "grossProfitRatio": 0.6292541636,
    "researchAndDevelopmentExpenses": 0,
    "generalAndAdministrativeExpenses": 87000000,
    "sellingAndMarketingExpenses": 0,
    "sellingGeneralAndAdministrativeExpenses": 87000000,
    "otherExpenses": 462000000,
    "operatingExpenses": 549000000,
    "costAndExpenses": 1061000000,
    "interestIncome": 6000000,
    "interestExpense": 37000000,
    "depreciationAndAmortization": 162000000,
    "ebitda": 482000000,
    "ebitdaratio": 0.3490224475,
    "operatingIncome": 327000000,
    "operatingIncomeRatio": 0.2367849385,
    "totalOtherIncomeExpensesNet": -28000000,
    "incomeBeforeTax": 299000000,
    "incomeBeforeTaxRatio": 0.2165097755,
    "incomeTaxExpense": 39000000,
    "netIncome": 256000000,
    "netIncomeRatio": 0.1853729182,
    "eps": 0.36,
    "epsdiluted": 0.36,
    "weightedAverageShsOut": 714800000,
    "weightedAverageShsOutDil": 717000000,
    "link": "https://www.sec.gov/Archives/edgar/data/1070750/000095017022015012/0000950170-22-015012-index.htm",
    "finalLink": "https://www.sec.gov/Archives/edgar/data/1061937/000095017022015012/hst-20220630.htm"
  },
  {
    "date": "2022-03-31",
    "symbol": "HST",
    "reportedCurrency": "USD",
    "cik": "0001070750",
    "fillingDate": "2022-05-06",
    "acceptedDate": "2022-05-06 13:31:31",
    "calendarYear": "2022",
    "period": "Q1",
    "revenue": 1074000000,
    "costOfRevenue": 444000000,
    "grossProfit": 630000000,
    "grossProfitRatio": 0.5865921788,
    "researchAndDevelopmentExpenses": 0,
    "generalAndAdministrativeExpenses": 63000000,
    "sellingAndMarketingExpenses": 0,
    "sellingGeneralAndAdministrativeExpenses": 63000000,
    "otherExpenses": 445000000,
    "operatingExpenses": 508000000,
    "costAndExpenses": 952000000,
    "interestIncome": 1000000,
    "interestExpense": 36000000,
    "depreciationAndAmortization": 172000000,
    "ebitda": 294000000,
    "ebitdaratio": 0.2737430168,
    "operatingIncome": 122000000,
    "operatingIncomeRatio": 0.113594041,
    "totalOtherIncomeExpensesNet": -20000000,
    "incomeBeforeTax": 102000000,
    "incomeBeforeTaxRatio": 0.094972067,
    "incomeTaxExpense": -16000000,
    "netIncome": 116000000,
    "netIncomeRatio": 0.1080074488,
    "eps": 0.16,
    "epsdiluted": 0.16,
    "weightedAverageShsOut": 714300000,
    "weightedAverageShsOutDil": 716100000,
    "link": "https://www.sec.gov/Archives/edgar/data/1070750/000095017022008085/0000950170-22-008085-index.htm",
    "finalLink": "https://www.sec.gov/Archives/edgar/data/1061937/000095017022008085/hst-20220331.htm"
  },
  {
    "date": "2021-12-31",
    "symbol": "HST",
    "reportedCurrency": "USD",
    "cik": "0001070750",
    "fillingDate": "2022-02-24",
    "acceptedDate": "2022-02-24 16:10:58",
    "calendarYear": "2021",
    "period": "Q4",
    "revenue": 998000000,
    "costOfRevenue": 424000000,
    "grossProfit": 574000000,
    "grossProfitRatio": 0.5751503006,
    "researchAndDevelopmentExpenses": 0,
    "generalAndAdministrativeExpenses": 64000000,
    "sellingAndMarketingExpenses": 0,
    "sellingGeneralAndAdministrativeExpenses": 64000000,
    "otherExpenses": 302000000,
    "operatingExpenses": 498000000,
    "costAndExpenses": 922000000,
    "interestIncome": 0,
    "interestExpense": 63000000,
    "depreciationAndAmortization": 165000000,
    "ebitda": 241000000,
    "ebitdaratio": 0.2414829659,
    "operatingIncome": 79000000,
    "operatingIncomeRatio": 0.0791583166,
    "totalOtherIncomeExpensesNet": 234000000,
    "incomeBeforeTax": 313000000,
    "incomeBeforeTaxRatio": 0.3136272545,
    "incomeTaxExpense": -10000000,
    "netIncome": 320000000,
    "netIncomeRatio": 0.3206412826,
    "eps": 0.45,
    "epsdiluted": 0.45,
    "weightedAverageShsOut": 714000000,
    "weightedAverageShsOutDil": 716100000,
    "link": "https://www.sec.gov/Archives/edgar/data/1070750/000095017022001965/0000950170-22-001965-index.htm",
    "finalLink": "https://www.sec.gov/Archives/edgar/data/1061937/000095017022001965/hst-20211231.htm"
  },
  {
    "date": "2021-09-30",
    "symbol": "HST",
    "reportedCurrency": "USD",
    "cik": "0001070750",
    "fillingDate": "2021-11-05",
    "acceptedDate": "2021-11-05 07:56:31",
    "calendarYear": "2021",
    "period": "Q3",
    "revenue": 844000000,
    "costOfRevenue": 378000000,
    "grossProfit": 466000000,
    "grossProfitRatio": 0.5521327014,
    "researchAndDevelopmentExpenses": 0,
    "generalAndAdministrativeExpenses": 51000000,
    "sellingAndMarketingExpenses": 0,
    "sellingGeneralAndAdministrativeExpenses": 51000000,
    "otherExpenses": 2000000,
    "operatingExpenses": 566000000,
    "costAndExpenses": 944000000,
    "interestIncome": 1000000,
    "interestExpense": 43000000,
    "depreciationAndAmortization": 263000000,
    "ebitda": 163000000,
    "ebitdaratio": 0.1931279621,
    "operatingIncome": -95000000,
    "operatingIncomeRatio": -0.1125592417,
    "totalOtherIncomeExpensesNet": -38000000,
    "incomeBeforeTax": -133000000,
    "incomeBeforeTaxRatio": -0.1575829384,
    "incomeTaxExpense": -13000000,
    "netIncome": -119000000,
    "netIncomeRatio": -0.1409952607,
    "eps": -0.17,
    "epsdiluted": -0.17,
    "weightedAverageShsOut": 700000000,
    "weightedAverageShsOutDil": 713900000,
    "link": "https://www.sec.gov/Archives/edgar/data/1070750/000095017021003158/0000950170-21-003158-index.htm",
    "finalLink": "https://www.sec.gov/Archives/edgar/data/1061937/000095017021003158/hst-20210930.htm"
  },
  {
    "date": "2021-06-30",
    "symbol": "HST",
    "reportedCurrency": "USD",
    "cik": "0001070750",
    "fillingDate": "2021-08-05",
    "acceptedDate": "2021-08-05 15:22:43",
    "calendarYear": "2021",
    "period": "Q2",
    "revenue": 649000000,
    "costOfRevenue": 293000000,
    "grossProfit": 356000000,
    "grossProfitRatio": 0.5485362096,
    "researchAndDevelopmentExpenses": 0,
    "generalAndAdministrativeExpenses": 46000000,
    "sellingAndMarketingExpenses": 0,
    "sellingGeneralAndAdministrativeExpenses": 46000000,
    "otherExpenses": 3000000,
    "operatingExpenses": 424000000,
    "costAndExpenses": 717000000,
    "interestIncome": 0,
    "interestExpense": 43000000,
    "depreciationAndAmortization": 169000000,
    "ebitda": 125000000,
    "ebitdaratio": 0.1926040062,
    "operatingIncome": -68000000,
    "operatingIncomeRatio": -0.1047765794,
    "totalOtherIncomeExpensesNet": -15000000,
    "incomeBeforeTax": -83000000,
    "incomeBeforeTaxRatio": -0.1278890601,
    "incomeTaxExpense": -22000000,
    "netIncome": -60000000,
    "netIncomeRatio": -0.092449923,
    "eps": -0.0848,
    "epsdiluted": -0.0848,
    "weightedAverageShsOut": 707600000,
    "weightedAverageShsOutDil": 707600000,
    "link": "https://www.sec.gov/Archives/edgar/data/1070750/000156459021041518/0001564590-21-041518-index.htm",
    "finalLink": "https://www.sec.gov/Archives/edgar/data/1061937/000156459021041518/hst-10q_20210630.htm"
  },
  {
    "date": "2021-03-31",
    "symbol": "HST",
    "reportedCurrency": "USD",
    "cik": "0001070750",
    "fillingDate": "2021-05-05",
    "acceptedDate": "2021-05-05 17:02:38",
    "calendarYear": "2021",
    "period": "Q1",
    "revenue": 399000000,
    "costOfRevenue": 205000000,
    "grossProfit": 194000000,
    "grossProfitRatio": 0.4862155388,
    "researchAndDevelopmentExpenses": 0,
    "generalAndAdministrativeExpenses": 35000000,
    "sellingAndMarketingExpenses": 0,
    "sellingGeneralAndAdministrativeExpenses": 35000000,
    "otherExpenses": -1000000,
    "operatingExpenses": 360000000,
    "costAndExpenses": 565000000,
    "interestIncome": 1000000,
    "interestExpense": 42000000,
    "depreciationAndAmortization": 165000000,
    "ebitda": 6000000,
    "ebitdaratio": 0.015037594,
    "operatingIncome": -166000000,
    "operatingIncomeRatio": -0.4160401003,
    "totalOtherIncomeExpensesNet": -33000000,
    "incomeBeforeTax": -199000000,
    "incomeBeforeTaxRatio": -0.4987468672,
    "incomeTaxExpense": -46000000,
    "netIncome": -152000000,
    "netIncomeRatio": -0.380952381,
    "eps": -0.22,
    "epsdiluted": -0.22,
    "weightedAverageShsOut": 690909090,
    "weightedAverageShsOutDil": 705600000,
    "link": "https://www.sec.gov/Archives/edgar/data/1070750/000156459021024184/0001564590-21-024184-index.htm",
    "finalLink": "https://www.sec.gov/Archives/edgar/data/1061937/000156459021024184/hst-10q_20210331.htm"
  },
  {
    "date": "2020-12-31",
    "symbol": "HST",
    "reportedCurrency": "USD",
    "cik": "0001070750",
    "fillingDate": "2021-02-25",
    "acceptedDate": "2021-02-25 14:21:24",
    "calendarYear": "2020",
    "period": "Q4",
    "revenue": 267000000,
    "costOfRevenue": 199000000,
    "grossProfit": 68000000,
    "grossProfitRatio": 0.2546816479,
    "researchAndDevelopmentExpenses": 0,
    "generalAndAdministrativeExpenses": 27000000,
    "sellingAndMarketingExpenses": 0,
    "sellingGeneralAndAdministrativeExpenses": 27000000,
    "otherExpenses": 195000000,
    "operatingExpenses": 339000000,
    "costAndExpenses": 538000000,
    "interestIncome": 1000000,
    "interestExpense": 50000000,
    "depreciationAndAmortization": 167000000,
    "ebitda": -104000000,
    "ebitdaratio": -0.3895131086,
    "operatingIncome": -271000000,
    "operatingIncomeRatio": -1.0149812734,
    "totalOtherIncomeExpensesNet": 141000000,
    "incomeBeforeTax": -130000000,
    "incomeBeforeTaxRatio": -0.4868913858,
    "incomeTaxExpense": -64000000,
    "netIncome": -64000000,
    "netIncomeRatio": -0.2397003745,
    "eps": -0.0907,
    "epsdiluted": -0.0907,
    "weightedAverageShsOut": 705300000,
    "weightedAverageShsOutDil": 705300000,
    "link": "https://www.sec.gov/Archives/edgar/data/1070750/000156459021008676/0001564590-21-008676-index.htm",
    "finalLink": "https://www.sec.gov/Archives/edgar/data/1061937/000156459021008676/hst-10k_20201231.htm"
  },
  {
    "date": "2020-09-30",
    "symbol": "HST",
    "reportedCurrency": "USD",
    "cik": "0001070750",
    "fillingDate": "2020-11-06",
    "acceptedDate": "2020-11-06 11:13:23",
    "calendarYear": "2020",
    "period": "Q3",
    "revenue": 198000000,
    "costOfRevenue": 218000000,
    "grossProfit": -20000000,
    "grossProfitRatio": -0.101010101,
    "researchAndDevelopmentExpenses": 0,
    "generalAndAdministrativeExpenses": 23000000,
    "sellingAndMarketingExpenses": 0,
    "sellingGeneralAndAdministrativeExpenses": 23000000,
    "otherExpenses": 1000000,
    "operatingExpenses": 298000000,
    "costAndExpenses": 516000000,
    "interestIncome": 0,
    "interestExpense": 66000000,
    "depreciationAndAmortization": 166000000,
    "ebitda": -153000000,
    "ebitdaratio": -0.7727272727,
    "operatingIncome": -318000000,
    "operatingIncomeRatio": -1.6060606061,
    "totalOtherIncomeExpensesNet": -71000000,
    "incomeBeforeTax": -389000000,
    "incomeBeforeTaxRatio": -1.9646464646,
    "incomeTaxExpense": -73000000,
    "netIncome": -313000000,
    "netIncomeRatio": -1.5808080808,
    "eps": -0.44,
    "epsdiluted": -0.44,
    "weightedAverageShsOut": 705200000,
    "weightedAverageShsOutDil": 705200000,
    "link": "https://www.sec.gov/Archives/edgar/data/1070750/000156459020051753/0001564590-20-051753-index.htm",
    "finalLink": "https://www.sec.gov/Archives/edgar/data/1061937/000156459020051753/hst-10q_20200930.htm"
  },
  {
    "date": "2020-06-30",
    "symbol": "HST",
    "reportedCurrency": "USD",
    "cik": "0001070750",
    "fillingDate": "2020-07-31",
    "acceptedDate": "2020-07-31 14:47:28",
    "calendarYear": "2020",
    "period": "Q2",
    "revenue": 103000000,
    "costOfRevenue": 152000000,
    "grossProfit": -49000000,
    "grossProfitRatio": -0.4757281553,
    "researchAndDevelopmentExpenses": 0,
    "generalAndAdministrativeExpenses": 23000000,
    "sellingAndMarketingExpenses": 0,
    "sellingGeneralAndAdministrativeExpenses": 23000000,
    "otherExpenses": 13000000,
    "operatingExpenses": 304000000,
    "costAndExpenses": 456000000,
    "interestIncome": 1000000,
    "interestExpense": 40000000,
    "depreciationAndAmortization": 168000000,
    "ebitda": -183000000,
    "ebitdaratio": -1.7766990291,
    "operatingIncome": -353000000,
    "operatingIncomeRatio": -3.427184466,
    "totalOtherIncomeExpensesNet": -49000000,
    "incomeBeforeTax": -402000000,
    "incomeBeforeTaxRatio": -3.9029126214,
    "incomeTaxExpense": -46000000,
    "netIncome": -352000000,
    "netIncomeRatio": -3.4174757282,
    "eps": -0.5,
    "epsdiluted": -0.5,
    "weightedAverageShsOut": 704000000,
    "weightedAverageShsOutDil": 705100000,
    "link": "https://www.sec.gov/Archives/edgar/data/1070750/000156459020035145/0001564590-20-035145-index.htm",
    "finalLink": "https://www.sec.gov/Archives/edgar/data/1061937/000156459020035145/hst-10q_20200630.htm"
  },
  {
    "date": "2020-03-31",
    "symbol": "HST",
    "reportedCurrency": "USD",
    "cik": "0001070750",
    "fillingDate": "2020-05-08",
    "acceptedDate": "2020-05-08 15:31:18",
    "calendarYear": "2020",
    "period": "Q1",
    "revenue": 1052000000,
    "costOfRevenue": 525000000,
    "grossProfit": 527000000,
    "grossProfitRatio": 0.5009505703,
    "researchAndDevelopmentExpenses": 0,
    "generalAndAdministrativeExpenses": 55000000,
    "sellingAndMarketingExpenses": 0,
    "sellingGeneralAndAdministrativeExpenses": 55000000,
    "otherExpenses": -1000000,
    "operatingExpenses": 538000000,
    "costAndExpenses": 1063000000,
    "interestIncome": 6000000,
    "interestExpense": 37000000,
    "depreciationAndAmortization": 164000000,
    "ebitda": 157000000,
    "ebitdaratio": 0.1492395437,
    "operatingIncome": -11000000,
    "operatingIncomeRatio": -0.0104562738,
    "totalOtherIncomeExpensesNet": -29000000,
    "incomeBeforeTax": -40000000,
    "incomeBeforeTaxRatio": -0.0380228137,
    "incomeTaxExpense": -37000000,
    "netIncome": -3000000,
    "netIncomeRatio": -0.002851711,
    "eps": -0.0042,
    "epsdiluted": -0.0042,
    "weightedAverageShsOut": 708100000,
    "weightedAverageShsOutDil": 708100000,
    "link": "https://www.sec.gov/Archives/edgar/data/1070750/000156459020023505/0001564590-20-023505-index.htm",
    "finalLink": "https://www.sec.gov/Archives/edgar/data/1061937/000156459020023505/hst-10q_20200331.htm"
  },
  {
    "date": "2019-12-31",
    "symbol": "HST",
    "reportedCurrency": "USD",
    "cik": "0001070750",
    "fillingDate": "2020-02-25",
    "acceptedDate": "2020-02-25 16:22:49",
    "calendarYear": "2019",
    "period": "Q4",
    "revenue": 1334000000,
    "costOfRevenue": 591000000,
    "grossProfit": 743000000,
    "grossProfitRatio": 0.5569715142,
    "researchAndDevelopmentExpenses": 0,
    "generalAndAdministrativeExpenses": 89000000,
    "sellingAndMarketingExpenses": 0,
    "sellingGeneralAndAdministrativeExpenses": 89000000,
    "otherExpenses": 2000000,
    "operatingExpenses": 578000000,
    "costAndExpenses": 1169000000,
    "interestIncome": 9000000,
    "interestExpense": 90000000,
    "depreciationAndAmortization": 175000000,
    "ebitda": 341000000,
    "ebitdaratio": 0.2556221889,
    "operatingIncome": 166000000,
    "operatingIncomeRatio": 0.1244377811,
    "totalOtherIncomeExpensesNet": -85000000,
    "incomeBeforeTax": 89000000,
    "incomeBeforeTaxRatio": 0.0667166417,
    "incomeTaxExpense": 8000000,
    "netIncome": 80000000,
    "netIncomeRatio": 0.059970015,
    "eps": 0.11,
    "epsdiluted": 0.11,
    "weightedAverageShsOut": 716300000,
    "weightedAverageShsOutDil": 717100000,
    "link": "https://www.sec.gov/Archives/edgar/data/1070750/000156459020006404/0001564590-20-006404-index.htm",
    "finalLink": "https://www.sec.gov/Archives/edgar/data/1061937/000156459020006404/hst-10k_20191231.htm"
  },
  {
    "date": "2019-09-30",
    "symbol": "HST",
    "reportedCurrency": "USD",
    "cik": "0001070750",
    "fillingDate": "2019-11-07",
    "acceptedDate": "2019-11-07 13:14:05",
    "calendarYear": "2019",
    "period": "Q3",
    "revenue": 1262000000,
    "costOfRevenue": 566000000,
    "grossProfit": 696000000,
    "grossProfitRatio": 0.5515055468,
    "researchAndDevelopmentExpenses": 0,
    "generalAndAdministrativeExpenses": 78000000,
    "sellingAndMarketingExpenses": 0,
    "sellingGeneralAndAdministrativeExpenses": 78000000,
    "otherExpenses": 165000000,
    "operatingExpenses": 563000000,
    "costAndExpenses": 1129000000,
    "interestIncome": 8000000,
    "interestExpense": 46000000,
    "depreciationAndAmortization": 165000000,
    "ebitda": 302000000,
    "ebitdaratio": 0.2393026941,
    "operatingIncome": 137000000,
    "operatingIncomeRatio": 0.1085578447,
    "totalOtherIncomeExpensesNet": 239000000,
    "incomeBeforeTax": 376000000,
    "incomeBeforeTaxRatio": 0.2979397781,
    "incomeTaxExpense": 4000000,
    "netIncome": 368000000,
    "netIncomeRatio": 0.2916006339,
    "eps": 0.51,
    "epsdiluted": 0.51,
    "weightedAverageShsOut": 725500000,
    "weightedAverageShsOutDil": 725800000,
    "link": "https://www.sec.gov/Archives/edgar/data/1070750/000156459019041532/0001564590-19-041532-index.htm",
    "finalLink": "https://www.sec.gov/Archives/edgar/data/1061937/000156459019041532/hst-10q_20190930.htm"
  },
  {
    "date": "2019-06-30",
    "symbol": "HST",
    "reportedCurrency": "USD",
    "cik": "0001070750",
    "fillingDate": "2019-08-08",
    "acceptedDate": "2019-08-08 13:45:24",
    "calendarYear": "2019",
    "period": "Q2",
    "revenue": 1483000000,
    "costOfRevenue": 607000000,
    "grossProfit": 876000000,
    "grossProfitRatio": 0.5906945381,
    "researchAndDevelopmentExpenses": 0,
    "generalAndAdministrativeExpenses": 96000000,
    "sellingAndMarketingExpenses": 0,
    "sellingGeneralAndAdministrativeExpenses": 96000000,
    "otherExpenses": 166000000,
    "operatingExpenses": 596000000,
    "costAndExpenses": 1203000000,
    "interestIncome": 7000000,
    "interestExpense": 43000000,
    "depreciationAndAmortization": 166000000,
    "ebitda": 447000000,
    "ebitdaratio": 0.3014160486,
    "operatingIncome": 280000000,
    "operatingIncomeRatio": 0.1888064734,
    "totalOtherIncomeExpensesNet": 26000000,
    "incomeBeforeTax": 306000000,
    "incomeBeforeTaxRatio": 0.206338503,
    "incomeTaxExpense": 16000000,
    "netIncome": 286000000,
    "netIncomeRatio": 0.1928523264,
    "eps": 0.39,
    "epsdiluted": 0.39,
    "weightedAverageShsOut": 739100000,
    "weightedAverageShsOutDil": 739400000,
    "link": "https://www.sec.gov/Archives/edgar/data/1070750/000156459019030602/0001564590-19-030602-index.htm",
    "finalLink": "https://www.sec.gov/Archives/edgar/data/1061937/000156459019030602/hst-10q_20190630.htm"
  },
  {
    "date": "2019-03-31",
    "symbol": "HST",
    "reportedCurrency": "USD",
    "cik": "0001070750",
    "fillingDate": "2019-05-03",
    "acceptedDate": "2019-05-03 13:37:34",
    "calendarYear": "2019",
    "period": "Q1",
    "revenue": 1390000000,
    "costOfRevenue": 594000000,
    "grossProfit": 796000000,
    "grossProfitRatio": 0.5726618705,
    "researchAndDevelopmentExpenses": 0,
    "generalAndAdministrativeExpenses": 83000000,
    "sellingAndMarketingExpenses": 0,
    "sellingGeneralAndAdministrativeExpenses": 83000000,
    "otherExpenses": 170000000,
    "operatingExpenses": 580000000,
    "costAndExpenses": 1174000000,
    "interestIncome": 8000000,
    "interestExpense": 43000000,
    "depreciationAndAmortization": 170000000,
    "ebitda": 386000000,
    "ebitdaratio": 0.2776978417,
    "operatingIncome": 216000000,
    "operatingIncomeRatio": 0.1553956835,
    "totalOtherIncomeExpensesNet": -25000000,
    "incomeBeforeTax": 191000000,
    "incomeBeforeTaxRatio": 0.1374100719,
    "incomeTaxExpense": 2000000,
    "netIncome": 186000000,
    "netIncomeRatio": 0.1338129496,
    "eps": 0.25,
    "epsdiluted": 0.25,
    "weightedAverageShsOut": 740600000,
    "weightedAverageShsOutDil": 740800000,
    "link": "https://www.sec.gov/Archives/edgar/data/1070750/000156459019015608/0001564590-19-015608-index.htm",
    "finalLink": "https://www.sec.gov/Archives/edgar/data/1061937/000156459019015608/hst-10q_20190331.htm"
  },
  {
    "date": "2018-12-31",
    "symbol": "HST",
    "reportedCurrency": "USD",
    "cik": "0001070750",
    "fillingDate": "2019-02-26",
    "acceptedDate": "2019-02-25 21:12:06",
    "calendarYear": "2018",
    "period": "Q4",
    "revenue": 1361000000,
    "costOfRevenue": 603000000,
    "grossProfit": 758000000,
    "grossProfitRatio": 0.556943424,
    "researchAndDevelopmentExpenses": 0,
    "generalAndAdministrativeExpenses": 82000000,
    "sellingAndMarketingExpenses": 0,
    "sellingGeneralAndAdministrativeExpenses": 82000000,
    "otherExpenses": 165000000,
    "operatingExpenses": 577000000,
    "costAndExpenses": 1180000000,
    "interestIncome": 7000000,
    "interestExpense": 42000000,
    "depreciationAndAmortization": 165000000,
    "ebitda": 351000000,
    "ebitdaratio": 0.257898604,
    "operatingIncome": 188000000,
    "operatingIncomeRatio": 0.1381337252,
    "totalOtherIncomeExpensesNet": 207000000,
    "incomeBeforeTax": 393000000,
    "incomeBeforeTaxRatio": 0.288758266,
    "incomeTaxExpense": 87000000,
    "netIncome": 303000000,
    "netIncomeRatio": 0.2226304188,
    "eps": 0.41,
    "epsdiluted": 0.41,
    "weightedAverageShsOut": 740300000,
    "weightedAverageShsOutDil": 741000000,
    "link": "https://www.sec.gov/Archives/edgar/data/1070750/000156459019004191/0001564590-19-004191-index.htm",
    "finalLink": "https://www.sec.gov/Archives/edgar/data/1061937/000156459019004191/hst-10k_20181231.htm"
  },
  {
    "date": "2018-09-30",
    "symbol": "HST",
    "reportedCurrency": "USD",
    "cik": "0001070750",
    "fillingDate": "2018-11-05",
    "acceptedDate": "2018-11-05 15:50:54",
    "calendarYear": "2018",
    "period": "Q3",
    "revenue": 1299000000,
    "costOfRevenue": 578000000,
    "grossProfit": 721000000,
    "grossProfitRatio": 0.5550423403,
    "researchAndDevelopmentExpenses": 0,
    "generalAndAdministrativeExpenses": 80000000,
    "sellingAndMarketingExpenses": 0,
    "sellingGeneralAndAdministrativeExpenses": 80000000,
    "otherExpenses": 412000000,
    "operatingExpenses": 813000000,
    "costAndExpenses": 1391000000,
    "interestIncome": 3000000,
    "interestExpense": 45000000,
    "depreciationAndAmortization": 412000000,
    "ebitda": 321000000,
    "ebitdaratio": 0.247113164,
    "operatingIncome": -92000000,
    "operatingIncomeRatio": -0.0708237105,
    "totalOtherIncomeExpensesNet": 512000000,
    "incomeBeforeTax": 420000000,
    "incomeBeforeTaxRatio": 0.3233256351,
    "incomeTaxExpense": 42000000,
    "netIncome": 322000000,
    "netIncomeRatio": 0.2478829869,
    "eps": 0.43,
    "epsdiluted": 0.43,
    "weightedAverageShsOut": 739900000,
    "weightedAverageShsOutDil": 740500000,
    "link": "https://www.sec.gov/Archives/edgar/data/1070750/000156459018026804/0001564590-18-026804-index.htm",
    "finalLink": "https://www.sec.gov/Archives/edgar/data/1061937/000156459018026804/hst-10q_20180930.htm"
  },
  {
    "date": "2018-06-30",
    "symbol": "HST",
    "reportedCurrency": "USD",
    "cik": "0001070750",
    "fillingDate": "2018-08-08",
    "acceptedDate": "2018-08-08 15:45:53",
    "calendarYear": "2018",
    "period": "Q2",
    "revenue": 1518000000,
    "costOfRevenue": 627000000,
    "grossProfit": 891000000,
    "grossProfitRatio": 0.5869565217,
    "researchAndDevelopmentExpenses": 0,
    "generalAndAdministrativeExpenses": 103000000,
    "sellingAndMarketingExpenses": 0,
    "sellingGeneralAndAdministrativeExpenses": 103000000,
    "otherExpenses": 189000000,
    "operatingExpenses": 628000000,
    "costAndExpenses": 1255000000,
    "interestIncome": 2000000,
    "interestExpense": 45000000,
    "depreciationAndAmortization": 189000000,
    "ebitda": 451000000,
    "ebitdaratio": 0.2971014493,
    "operatingIncome": 263000000,
    "operatingIncomeRatio": 0.1732542819,
    "totalOtherIncomeExpensesNet": -35000000,
    "incomeBeforeTax": 228000000,
    "incomeBeforeTaxRatio": 0.1501976285,
    "incomeTaxExpense": 17000000,
    "netIncome": 209000000,
    "netIncomeRatio": 0.1376811594,
    "eps": 0.28,
    "epsdiluted": 0.28,
    "weightedAverageShsOut": 739700000,
    "weightedAverageShsOutDil": 740200000,
    "link": "https://www.sec.gov/Archives/edgar/data/1070750/000095012318007634/0000950123-18-007634-index.htm",
    "finalLink": "https://www.sec.gov/Archives/edgar/data/1061937/000095012318007634/hst-10q_20180630.htm"
  },
  {
    "date": "2018-03-31",
    "symbol": "HST",
    "reportedCurrency": "USD",
    "cik": "0001070750",
    "fillingDate": "2018-05-03",
    "acceptedDate": "2018-05-03 16:56:57",
    "calendarYear": "2018",
    "period": "Q1",
    "revenue": 1346000000,
    "costOfRevenue": 600000000,
    "grossProfit": 746000000,
    "grossProfitRatio": 0.5542347697,
    "researchAndDevelopmentExpenses": 0,
    "generalAndAdministrativeExpenses": 82000000,
    "sellingAndMarketingExpenses": 0,
    "sellingGeneralAndAdministrativeExpenses": 82000000,
    "otherExpenses": 178000000,
    "operatingExpenses": 575000000,
    "costAndExpenses": 1175000000,
    "interestIncome": 3000000,
    "interestExpense": 44000000,
    "depreciationAndAmortization": 178000000,
    "ebitda": 349000000,
    "ebitdaratio": 0.2592867756,
    "operatingIncome": 171000000,
    "operatingIncomeRatio": 0.1270430906,
    "totalOtherIncomeExpensesNet": 89000000,
    "incomeBeforeTax": 260000000,
    "incomeBeforeTaxRatio": 0.1931649331,
    "incomeTaxExpense": 4000000,
    "netIncome": 253000000,
    "netIncomeRatio": 0.1879643388,
    "eps": 0.34,
    "epsdiluted": 0.34,
    "weightedAverageShsOut": 739200000,
    "weightedAverageShsOutDil": 739600000,
    "link": "https://www.sec.gov/Archives/edgar/data/1070750/000156459018010734/0001564590-18-010734-index.htm",
    "finalLink": "https://www.sec.gov/Archives/edgar/data/1061937/000156459018010734/hst-10q_20180331.htm"
  },
  {
    "date": "2017-12-31",
    "symbol": "HST",
    "reportedCurrency": "USD",
    "cik": "0001070750",
    "fillingDate": "2018-02-27",
    "acceptedDate": "2018-02-26 19:14:10",
    "calendarYear": "2017",
    "period": "Q4",
    "revenue": 1344000000,
    "costOfRevenue": 600000000,
    "grossProfit": 744000000,
    "grossProfitRatio": 0.5535714286,
    "researchAndDevelopmentExpenses": 0,
    "generalAndAdministrativeExpenses": 80000000,
    "sellingAndMarketingExpenses": 0,
    "sellingGeneralAndAdministrativeExpenses": 80000000,
    "otherExpenses": 217000000,
    "operatingExpenses": 618000000,
    "costAndExpenses": 1218000000,
    "interestIncome": 2000000,
    "interestExpense": 42000000,
    "depreciationAndAmortization": 217000000,
    "ebitda": 345000000,
    "ebitdaratio": 0.2566964286,
    "operatingIncome": 134000000,
    "operatingIncomeRatio": 0.099702381,
    "totalOtherIncomeExpensesNet": -18000000,
    "incomeBeforeTax": 110000000,
    "incomeBeforeTaxRatio": 0.0818452381,
    "incomeTaxExpense": 17000000,
    "netIncome": 92000000,
    "netIncomeRatio": 0.068452381,
    "eps": 0.12,
    "epsdiluted": 0.12,
    "weightedAverageShsOut": 739000000,
    "weightedAverageShsOutDil": 739600000,
    "link": "https://www.sec.gov/Archives/edgar/data/1070750/000156459018003330/0001564590-18-003330-index.htm",
    "finalLink": "https://www.sec.gov/Archives/edgar/data/1061937/000156459018003330/hst-10k_20171231.htm"
  },
  {
    "date": "2017-09-30",
    "symbol": "HST",
    "reportedCurrency": "USD",
    "cik": "0001070750",
    "fillingDate": "2017-11-02",
    "acceptedDate": "2017-11-02 16:07:14",
    "calendarYear": "2017",
    "period": "Q3",
    "revenue": 1254000000,
    "costOfRevenue": 566000000,
    "grossProfit": 688000000,
    "grossProfitRatio": 0.5486443381,
    "researchAndDevelopmentExpenses": 0,
    "generalAndAdministrativeExpenses": 77000000,
    "sellingAndMarketingExpenses": 0,
    "sellingGeneralAndAdministrativeExpenses": 77000000,
    "otherExpenses": 176000000,
    "operatingExpenses": 562000000,
    "costAndExpenses": 1128000000,
    "interestIncome": 2000000,
    "interestExpense": 43000000,
    "depreciationAndAmortization": 176000000,
    "ebitda": 300000000,
    "ebitdaratio": 0.2392344498,
    "operatingIncome": 127000000,
    "operatingIncomeRatio": 0.1012759171,
    "totalOtherIncomeExpensesNet": 20000000,
    "incomeBeforeTax": 147000000,
    "incomeBeforeTaxRatio": 0.1172248804,
    "incomeTaxExpense": 42000000,
    "netIncome": 104000000,
    "netIncomeRatio": 0.0829346093,
    "eps": 0.14,
    "epsdiluted": 0.14,
    "weightedAverageShsOut": 738800000,
    "weightedAverageShsOutDil": 739000000,
    "link": "https://www.sec.gov/Archives/edgar/data/1070750/000156459017021189/0001564590-17-021189-index.htm",
    "finalLink": "https://www.sec.gov/Archives/edgar/data/1061937/000156459017021189/hst-10q_20170930.htm"
  },
  {
    "date": "2017-06-30",
    "symbol": "HST",
    "reportedCurrency": "USD",
    "cik": "0001070750",
    "fillingDate": "2017-07-28",
    "acceptedDate": "2017-07-28 13:20:35",
    "calendarYear": "2017",
    "period": "Q2",
    "revenue": 1441000000,
    "costOfRevenue": 602000000,
    "grossProfit": 839000000,
    "grossProfitRatio": 0.5822345593,
    "researchAndDevelopmentExpenses": 0,
    "generalAndAdministrativeExpenses": 95000000,
    "sellingAndMarketingExpenses": 0,
    "sellingGeneralAndAdministrativeExpenses": 95000000,
    "otherExpenses": 178000000,
    "operatingExpenses": 597000000,
    "costAndExpenses": 1199000000,
    "interestIncome": 1000000,
    "interestExpense": 43000000,
    "depreciationAndAmortization": 178000000,
    "ebitda": 420000000,
    "ebitdaratio": 0.2914642609,
    "operatingIncome": 244000000,
    "operatingIncomeRatio": 0.1693268563,
    "totalOtherIncomeExpensesNet": -5000000,
    "incomeBeforeTax": 239000000,
    "incomeBeforeTaxRatio": 0.1658570437,
    "incomeTaxExpense": 27000000,
    "netIncome": 210000000,
    "netIncomeRatio": 0.1457321305,
    "eps": 0.28,
    "epsdiluted": 0.28,
    "weightedAverageShsOut": 738600000,
    "weightedAverageShsOutDil": 738800000,
    "link": "https://www.sec.gov/Archives/edgar/data/1070750/000156459017014359/0001564590-17-014359-index.htm",
    "finalLink": "https://www.sec.gov/Archives/edgar/data/1061937/000156459017014359/hst-10q_20170630.htm"
  },
  {
    "date": "2017-03-31",
    "symbol": "HST",
    "reportedCurrency": "USD",
    "cik": "0001070750",
    "fillingDate": "2017-05-02",
    "acceptedDate": "2017-05-02 16:04:40",
    "calendarYear": "2017",
    "period": "Q1",
    "revenue": 1348000000,
    "costOfRevenue": 596000000,
    "grossProfit": 752000000,
    "grossProfitRatio": 0.5578635015,
    "researchAndDevelopmentExpenses": 0,
    "generalAndAdministrativeExpenses": 84000000,
    "sellingAndMarketingExpenses": 0,
    "sellingGeneralAndAdministrativeExpenses": 84000000,
    "otherExpenses": 180000000,
    "operatingExpenses": 583000000,
    "costAndExpenses": 1179000000,
    "interestIncome": 1000000,
    "interestExpense": 39000000,
    "depreciationAndAmortization": 180000000,
    "ebitda": 347000000,
    "ebitdaratio": 0.2574183976,
    "operatingIncome": 171000000,
    "operatingIncomeRatio": 0.1268545994,
    "totalOtherIncomeExpensesNet": -16000000,
    "incomeBeforeTax": 155000000,
    "incomeBeforeTaxRatio": 0.1149851632,
    "incomeTaxExpense": -6000000,
    "netIncome": 158000000,
    "netIncomeRatio": 0.1172106825,
    "eps": 0.21,
    "epsdiluted": 0.21,
    "weightedAverageShsOut": 738000000,
    "weightedAverageShsOutDil": 738200000,
    "link": "https://www.sec.gov/Archives/edgar/data/1070750/000156459017008108/0001564590-17-008108-index.htm",
    "finalLink": "https://www.sec.gov/Archives/edgar/data/1061937/000156459017008108/hst-10q_20170331.htm"
  },
  {
    "date": "2016-12-31",
    "symbol": "HST",
    "reportedCurrency": "USD",
    "cik": "0001070750",
    "fillingDate": "2017-02-24",
    "acceptedDate": "2017-02-24 13:44:55",
    "calendarYear": "2016",
    "period": "Q4",
    "revenue": 1337000000,
    "costOfRevenue": 596000000,
    "grossProfit": 741000000,
    "grossProfitRatio": 0.5542258788,
    "researchAndDevelopmentExpenses": 0,
    "generalAndAdministrativeExpenses": 84000000,
    "sellingAndMarketingExpenses": 0,
    "sellingGeneralAndAdministrativeExpenses": 84000000,
    "otherExpenses": 183000000,
    "operatingExpenses": 592000000,
    "costAndExpenses": 1188000000,
    "interestIncome": 1000000,
    "interestExpense": 38000000,
    "depreciationAndAmortization": 183000000,
    "ebitda": 345000000,
    "ebitdaratio": 0.2580403889,
    "operatingIncome": 150000000,
    "operatingIncomeRatio": 0.1121914734,
    "totalOtherIncomeExpensesNet": -26000000,
    "incomeBeforeTax": 126000000,
    "incomeBeforeTaxRatio": 0.0942408377,
    "incomeTaxExpense": -2000000,
    "netIncome": 126000000,
    "netIncomeRatio": 0.0942408377,
    "eps": 0.17,
    "epsdiluted": 0.17,
    "weightedAverageShsOut": 737900000,
    "weightedAverageShsOutDil": 738600000,
    "link": "https://www.sec.gov/Archives/edgar/data/1070750/000156459017002348/0001564590-17-002348-index.htm",
    "finalLink": "https://www.sec.gov/Archives/edgar/data/1061937/000156459017002348/hst-10k_20161231.htm"
  },
  {
    "date": "2016-09-30",
    "symbol": "HST",
    "reportedCurrency": "USD",
    "cik": "0001070750",
    "fillingDate": "2016-11-02",
    "acceptedDate": "2016-11-02 17:06:09",
    "calendarYear": "2016",
    "period": "Q3",
    "revenue": 1295000000,
    "costOfRevenue": 578000000,
    "grossProfit": 717000000,
    "grossProfitRatio": 0.5536679537,
    "researchAndDevelopmentExpenses": 0,
    "generalAndAdministrativeExpenses": 82000000,
    "sellingAndMarketingExpenses": 0,
    "sellingGeneralAndAdministrativeExpenses": 82000000,
    "otherExpenses": 182000000,
    "operatingExpenses": 585000000,
    "costAndExpenses": 1163000000,
    "interestIncome": 0,
    "interestExpense": 38000000,
    "depreciationAndAmortization": 182000000,
    "ebitda": 313000000,
    "ebitdaratio": 0.2416988417,
    "operatingIncome": 144000000,
    "operatingIncomeRatio": 0.1111969112,
    "totalOtherIncomeExpensesNet": -17000000,
    "incomeBeforeTax": 127000000,
    "incomeBeforeTaxRatio": 0.0980694981,
    "incomeTaxExpense": 19000000,
    "netIncome": 107000000,
    "netIncomeRatio": 0.0826254826,
    "eps": 0.14,
    "epsdiluted": 0.14,
    "weightedAverageShsOut": 740600000,
    "weightedAverageShsOutDil": 741100000,
    "link": "https://www.sec.gov/Archives/edgar/data/1070750/000156459016027046/0001564590-16-027046-index.htm",
    "finalLink": "https://www.sec.gov/Archives/edgar/data/1061937/000156459016027046/hst-10q_20160930.htm"
  },
  {
    "date": "2016-06-30",
    "symbol": "HST",
    "reportedCurrency": "USD",
    "cik": "0001070750",
    "fillingDate": "2016-07-29",
    "acceptedDate": "2016-07-29 14:02:20",
    "calendarYear": "2016",
    "period": "Q2",
    "revenue": 1459000000,
    "costOfRevenue": 617000000,
    "grossProfit": 842000000,
    "grossProfitRatio": 0.577107608,
    "researchAndDevelopmentExpenses": 0,
    "generalAndAdministrativeExpenses": 93000000,
    "sellingAndMarketingExpenses": 0,
    "sellingGeneralAndAdministrativeExpenses": 93000000,
    "otherExpenses": 178000000,
    "operatingExpenses": 603000000,
    "costAndExpenses": 1220000000,
    "interestIncome": 0,
    "interestExpense": 39000000,
    "depreciationAndAmortization": 178000000,
    "ebitda": 600000000,
    "ebitdaratio": 0.4112405757,
    "operatingIncome": 239000000,
    "operatingIncomeRatio": 0.1638108293,
    "totalOtherIncomeExpensesNet": 144000000,
    "incomeBeforeTax": 383000000,
    "incomeBeforeTaxRatio": 0.2625085675,
    "incomeTaxExpense": 32000000,
    "netIncome": 347000000,
    "netIncomeRatio": 0.237834133,
    "eps": 0.47,
    "epsdiluted": 0.47,
    "weightedAverageShsOut": 744000000,
    "weightedAverageShsOutDil": 744300000,
    "link": "https://www.sec.gov/Archives/edgar/data/1070750/000156459016021767/0001564590-16-021767-index.htm",
    "finalLink": "https://www.sec.gov/Archives/edgar/data/1061937/000156459016021767/hst-10q_20160630.htm"
  },
  {
    "date": "2016-03-31",
    "symbol": "HST",
    "reportedCurrency": "USD",
    "cik": "0001070750",
    "fillingDate": "2016-04-29",
    "acceptedDate": "2016-04-29 15:50:37",
    "calendarYear": "2016",
    "period": "Q1",
    "revenue": 1339000000,
    "costOfRevenue": 598000000,
    "grossProfit": 741000000,
    "grossProfitRatio": 0.5533980583,
    "researchAndDevelopmentExpenses": 0,
    "generalAndAdministrativeExpenses": 84000000,
    "sellingAndMarketingExpenses": 0,
    "sellingGeneralAndAdministrativeExpenses": 84000000,
    "otherExpenses": 181000000,
    "operatingExpenses": 593000000,
    "costAndExpenses": 1191000000,
    "interestIncome": 1000000,
    "interestExpense": 39000000,
    "depreciationAndAmortization": 181000000,
    "ebitda": 395000000,
    "ebitdaratio": 0.2949962659,
    "operatingIncome": 151000000,
    "operatingIncomeRatio": 0.1127707244,
    "totalOtherIncomeExpensesNet": 24000000,
    "incomeBeforeTax": 175000000,
    "incomeBeforeTaxRatio": 0.1306945482,
    "incomeTaxExpense": -9000000,
    "netIncome": 182000000,
    "netIncomeRatio": 0.1359223301,
    "eps": 0.24,
    "epsdiluted": 0.24,
    "weightedAverageShsOut": 749600000,
    "weightedAverageShsOutDil": 749700000,
    "link": "https://www.sec.gov/Archives/edgar/data/1070750/000156459016017145/0001564590-16-017145-index.htm",
    "finalLink": "https://www.sec.gov/Archives/edgar/data/1061937/000156459016017145/hst-10q_20160331.htm"
  },
  {
    "date": "2015-12-31",
    "symbol": "HST",
    "reportedCurrency": "USD",
    "cik": "0001070750",
    "fillingDate": "2016-02-22",
    "acceptedDate": "2016-02-22 15:18:24",
    "calendarYear": "2015",
    "period": "Q4",
    "revenue": 1334000000,
    "costOfRevenue": 601000000,
    "grossProfit": 733000000,
    "grossProfitRatio": 0.5494752624,
    "researchAndDevelopmentExpenses": 0,
    "generalAndAdministrativeExpenses": 81000000,
    "sellingAndMarketingExpenses": 0,
    "sellingGeneralAndAdministrativeExpenses": 81000000,
    "otherExpenses": 181000000,
    "operatingExpenses": 584000000,
    "costAndExpenses": 1185000000,
    "interestIncome": 2000000,
    "interestExpense": 61000000,
    "depreciationAndAmortization": 181000000,
    "ebitda": 406000000,
    "ebitdaratio": 0.3043478261,
    "operatingIncome": 147000000,
    "operatingIncomeRatio": 0.1101949025,
    "totalOtherIncomeExpensesNet": -26000000,
    "incomeBeforeTax": 162000000,
    "incomeBeforeTaxRatio": 0.1214392804,
    "incomeTaxExpense": -4000000,
    "netIncome": 163000000,
    "netIncomeRatio": 0.1221889055,
    "eps": 0.22,
    "epsdiluted": 0.22,
    "weightedAverageShsOut": 753200000,
    "weightedAverageShsOutDil": 761900000,
    "link": "https://www.sec.gov/Archives/edgar/data/1070750/000156459016012990/0001564590-16-012990-index.htm",
    "finalLink": "https://www.sec.gov/Archives/edgar/data/1061937/000156459016012990/hst-10k_20151231.htm"
  },
  {
    "date": "2015-09-30",
    "symbol": "HST",
    "reportedCurrency": "USD",
    "cik": "0001070750",
    "fillingDate": "2015-10-30",
    "acceptedDate": "2015-10-30 13:41:58",
    "calendarYear": "2015",
    "period": "Q3",
    "revenue": 1287000000,
    "costOfRevenue": 585000000,
    "grossProfit": 702000000,
    "grossProfitRatio": 0.5454545455,
    "researchAndDevelopmentExpenses": 0,
    "generalAndAdministrativeExpenses": 72000000,
    "sellingAndMarketingExpenses": 0,
    "sellingGeneralAndAdministrativeExpenses": 72000000,
    "otherExpenses": 180000000,
    "operatingExpenses": 574000000,
    "costAndExpenses": 1159000000,
    "interestIncome": 0,
    "interestExpense": 49000000,
    "depreciationAndAmortization": 180000000,
    "ebitda": 315000000,
    "ebitdaratio": 0.2447552448,
    "operatingIncome": 132000000,
    "operatingIncomeRatio": 0.1025641026,
    "totalOtherIncomeExpensesNet": -37000000,
    "incomeBeforeTax": 94000000,
    "incomeBeforeTaxRatio": 0.073038073,
    "incomeTaxExpense": 9000000,
    "netIncome": 85000000,
    "netIncomeRatio": 0.066045066,
    "eps": 0.11,
    "epsdiluted": 0.11,
    "weightedAverageShsOut": 746400000,
    "weightedAverageShsOutDil": 746800000,
    "link": "https://www.sec.gov/Archives/edgar/data/1070750/000156459015008963/0001564590-15-008963-index.htm",
    "finalLink": "https://www.sec.gov/Archives/edgar/data/1061937/000156459015008963/hst-10q_20150930.htm"
  },
  {
    "date": "2015-06-30",
    "symbol": "HST",
    "reportedCurrency": "USD",
    "cik": "0001070750",
    "fillingDate": "2015-07-31",
    "acceptedDate": "2015-07-31 15:43:23",
    "calendarYear": "2015",
    "period": "Q2",
    "revenue": 1449000000,
    "costOfRevenue": 621000000,
    "grossProfit": 828000000,
    "grossProfitRatio": 0.5714285714,
    "researchAndDevelopmentExpenses": 0,
    "generalAndAdministrativeExpenses": 89000000,
    "sellingAndMarketingExpenses": 0,
    "sellingGeneralAndAdministrativeExpenses": 89000000,
    "otherExpenses": 180000000,
    "operatingExpenses": 599000000,
    "costAndExpenses": 1220000000,
    "interestIncome": 1000000,
    "interestExpense": 73000000,
    "depreciationAndAmortization": 180000000,
    "ebitda": 432000000,
    "ebitdaratio": 0.298136646,
    "operatingIncome": 227000000,
    "operatingIncomeRatio": 0.1566597654,
    "totalOtherIncomeExpensesNet": 2000000,
    "incomeBeforeTax": 229000000,
    "incomeBeforeTaxRatio": 0.1580400276,
    "incomeTaxExpense": 13000000,
    "netIncome": 212000000,
    "netIncomeRatio": 0.1463077985,
    "eps": 0.28,
    "epsdiluted": 0.28,
    "weightedAverageShsOut": 753900000,
    "weightedAverageShsOutDil": 785500000,
    "link": "https://www.sec.gov/Archives/edgar/data/1070750/000156459015005910/0001564590-15-005910-index.htm",
    "finalLink": "https://www.sec.gov/Archives/edgar/data/1061937/000156459015005910/hst-10q_20150630.htm"
  },
  {
    "date": "2015-03-31",
    "symbol": "HST",
    "reportedCurrency": "USD",
    "cik": "0001070750",
    "fillingDate": "2015-05-01",
    "acceptedDate": "2015-05-01 12:13:34",
    "calendarYear": "2015",
    "period": "Q1",
    "revenue": 1317000000,
    "costOfRevenue": 601000000,
    "grossProfit": 716000000,
    "grossProfitRatio": 0.543659833,
    "researchAndDevelopmentExpenses": 0,
    "generalAndAdministrativeExpenses": 82000000,
    "sellingAndMarketingExpenses": 0,
    "sellingGeneralAndAdministrativeExpenses": 82000000,
    "otherExpenses": 175000000,
    "operatingExpenses": 578000000,
    "costAndExpenses": 1179000000,
    "interestIncome": 1000000,
    "interestExpense": 51000000,
    "depreciationAndAmortization": 175000000,
    "ebitda": 312000000,
    "ebitdaratio": 0.2369020501,
    "operatingIncome": 144000000,
    "operatingIncomeRatio": 0.1093394077,
    "totalOtherIncomeExpensesNet": -54000000,
    "incomeBeforeTax": 95000000,
    "incomeBeforeTaxRatio": 0.0721336371,
    "incomeTaxExpense": -9000000,
    "netIncome": 98000000,
    "netIncomeRatio": 0.0744115414,
    "eps": 0.13,
    "epsdiluted": 0.13,
    "weightedAverageShsOut": 756000000,
    "weightedAverageShsOutDil": 756300000,
    "link": "https://www.sec.gov/Archives/edgar/data/1070750/000156459015003163/0001564590-15-003163-index.htm",
    "finalLink": "https://www.sec.gov/Archives/edgar/data/1061937/000156459015003163/hst-10q_20150331.htm"
  },
  {
    "date": "2014-12-31",
    "symbol": "HST",
    "reportedCurrency": "USD",
    "cik": "0001070750",
    "fillingDate": "2015-02-25",
    "acceptedDate": "2015-02-24 18:57:36",
    "calendarYear": "2014",
    "period": "Q4",
    "revenue": 1320000000,
    "costOfRevenue": 605000000,
    "grossProfit": 715000000,
    "grossProfitRatio": 0.5416666667,
    "researchAndDevelopmentExpenses": 0,
    "generalAndAdministrativeExpenses": 81000000,
    "sellingAndMarketingExpenses": 0,
    "sellingGeneralAndAdministrativeExpenses": 81000000,
    "otherExpenses": 177000000,
    "operatingExpenses": 573000000,
    "costAndExpenses": 1178000000,
    "interestIncome": 1000000,
    "interestExpense": 50000000,
    "depreciationAndAmortization": 177000000,
    "ebitda": 476000000,
    "ebitdaratio": 0.3606060606,
    "operatingIncome": 149000000,
    "operatingIncomeRatio": 0.1128787879,
    "totalOtherIncomeExpensesNet": 70000000,
    "incomeBeforeTax": 255000000,
    "incomeBeforeTaxRatio": 0.1931818182,
    "incomeTaxExpense": -3000000,
    "netIncome": 254000000,
    "netIncomeRatio": 0.1924242424,
    "eps": 0.34,
    "epsdiluted": 0.33,
    "weightedAverageShsOut": 755700000,
    "weightedAverageShsOutDil": 787600000,
    "link": "https://www.sec.gov/Archives/edgar/data/1070750/000156459015000907/0001564590-15-000907-index.htm",
    "finalLink": "https://www.sec.gov/Archives/edgar/data/1061937/000156459015000907/hst-10k_20141231.htm"
  },
  {
    "date": "2014-09-30",
    "symbol": "HST",
    "reportedCurrency": "USD",
    "cik": "0001070750",
    "fillingDate": "2014-10-31",
    "acceptedDate": "2014-10-31 17:06:15",
    "calendarYear": "2014",
    "period": "Q3",
    "revenue": 1294000000,
    "costOfRevenue": 590000000,
    "grossProfit": 704000000,
    "grossProfitRatio": 0.544049459,
    "researchAndDevelopmentExpenses": 0,
    "generalAndAdministrativeExpenses": 17000000,
    "sellingAndMarketingExpenses": 0,
    "sellingGeneralAndAdministrativeExpenses": 17000000,
    "otherExpenses": 178000000,
    "operatingExpenses": 509000000,
    "costAndExpenses": 1099000000,
    "interestIncome": 1000000,
    "interestExpense": 51000000,
    "depreciationAndAmortization": 178000000,
    "ebitda": 380000000,
    "ebitdaratio": 0.2936630603,
    "operatingIncome": 202000000,
    "operatingIncomeRatio": 0.1561051005,
    "totalOtherIncomeExpensesNet": -51000000,
    "incomeBeforeTax": 151000000,
    "incomeBeforeTaxRatio": 0.1166924266,
    "incomeTaxExpense": 6000000,
    "netIncome": 144000000,
    "netIncomeRatio": 0.1112828439,
    "eps": 0.19,
    "epsdiluted": 0.19,
    "weightedAverageShsOut": 755600000,
    "weightedAverageShsOutDil": 756400000,
    "link": "https://www.sec.gov/Archives/edgar/data/1070750/000156459014004822/0001564590-14-004822-index.htm",
    "finalLink": "https://www.sec.gov/Archives/edgar/data/1061937/000156459014004822/hst-10q_20140930.htm"
  },
  {
    "date": "2014-06-30",
    "symbol": "HST",
    "reportedCurrency": "USD",
    "cik": "0001070750",
    "fillingDate": "2014-08-01",
    "acceptedDate": "2014-08-01 14:37:22",
    "calendarYear": "2014",
    "period": "Q2",
    "revenue": 1431000000,
    "costOfRevenue": 617000000,
    "grossProfit": 814000000,
    "grossProfitRatio": 0.5688329839,
    "researchAndDevelopmentExpenses": 0,
    "generalAndAdministrativeExpenses": 95000000,
    "sellingAndMarketingExpenses": 0,
    "sellingGeneralAndAdministrativeExpenses": 95000000,
    "otherExpenses": 174000000,
    "operatingExpenses": 589000000,
    "costAndExpenses": 1206000000,
    "interestIncome": 1000000,
    "interestExpense": 55000000,
    "depreciationAndAmortization": 174000000,
    "ebitda": 401000000,
    "ebitdaratio": 0.2802236198,
    "operatingIncome": 225000000,
    "operatingIncomeRatio": 0.1572327044,
    "totalOtherIncomeExpensesNet": -51000000,
    "incomeBeforeTax": 174000000,
    "incomeBeforeTaxRatio": 0.1215932914,
    "incomeTaxExpense": 15000000,
    "netIncome": 155000000,
    "netIncomeRatio": 0.108315863,
    "eps": 0.21,
    "epsdiluted": 0.21,
    "weightedAverageShsOut": 755400000,
    "weightedAverageShsOutDil": 755900000,
    "link": "https://www.sec.gov/Archives/edgar/data/1070750/000156459014003056/0001564590-14-003056-index.htm",
    "finalLink": "https://www.sec.gov/Archives/edgar/data/1061937/000156459014003056/hst-10q_20140630.htm"
  },
  {
    "date": "2014-03-31",
    "symbol": "HST",
    "reportedCurrency": "USD",
    "cik": "0001070750",
    "fillingDate": "2014-05-02",
    "acceptedDate": "2014-05-02 15:48:38",
    "calendarYear": "2014",
    "period": "Q1",
    "revenue": 1309000000,
    "costOfRevenue": 607000000,
    "grossProfit": 702000000,
    "grossProfitRatio": 0.5362872422,
    "researchAndDevelopmentExpenses": 0,
    "generalAndAdministrativeExpenses": 84000000,
    "sellingAndMarketingExpenses": 0,
    "sellingGeneralAndAdministrativeExpenses": 84000000,
    "otherExpenses": 172000000,
    "operatingExpenses": 571000000,
    "costAndExpenses": 1178000000,
    "interestIncome": 1000000,
    "interestExpense": 58000000,
    "depreciationAndAmortization": 172000000,
    "ebitda": 408000000,
    "ebitdaratio": 0.3116883117,
    "operatingIncome": 134000000,
    "operatingIncomeRatio": 0.10236822,
    "totalOtherIncomeExpensesNet": 47000000,
    "incomeBeforeTax": 69000000,
    "incomeBeforeTaxRatio": 0.0527119939,
    "incomeTaxExpense": -7000000,
    "netIncome": 179000000,
    "netIncomeRatio": 0.1367456073,
    "eps": 0.24,
    "epsdiluted": 0.24,
    "weightedAverageShsOut": 754900000,
    "weightedAverageShsOutDil": 785100000,
    "link": "https://www.sec.gov/Archives/edgar/data/1070750/000156459014001743/0001564590-14-001743-index.htm",
    "finalLink": "https://www.sec.gov/Archives/edgar/data/1061937/000156459014001743/hst-10q_20140331.htm"
  },
  {
    "date": "2013-12-31",
    "symbol": "HST",
    "reportedCurrency": "USD",
    "cik": "0001070750",
    "fillingDate": "2014-02-26",
    "acceptedDate": "2014-02-26 16:34:29",
    "calendarYear": "2013",
    "period": "Q4",
    "revenue": 1331000000,
    "costOfRevenue": 606000000,
    "grossProfit": 725000000,
    "grossProfitRatio": 0.5447032307,
    "researchAndDevelopmentExpenses": 0,
    "generalAndAdministrativeExpenses": 92000000,
    "sellingAndMarketingExpenses": 0,
    "sellingGeneralAndAdministrativeExpenses": 92000000,
    "otherExpenses": 173000000,
    "operatingExpenses": 587000000,
    "costAndExpenses": 1193000000,
    "interestIncome": 1000000,
    "interestExpense": 60000000,
    "depreciationAndAmortization": 178000000,
    "ebitda": 268000000,
    "ebitdaratio": 0.2013523666,
    "operatingIncome": 138000000,
    "operatingIncomeRatio": 0.1036814425,
    "totalOtherIncomeExpensesNet": -78000000,
    "incomeBeforeTax": 61000000,
    "incomeBeforeTaxRatio": 0.0458302029,
    "incomeTaxExpense": 2000000,
    "netIncome": 123000000,
    "netIncomeRatio": 0.0924117205,
    "eps": 0.16,
    "epsdiluted": 0.16,
    "weightedAverageShsOut": 754700000,
    "weightedAverageShsOutDil": 755600000,
    "link": "https://www.sec.gov/Archives/edgar/data/1070750/000095012314002876/0000950123-14-002876-index.htm",
    "finalLink": "https://www.sec.gov/Archives/edgar/data/1061937/000095012314002876/hst-10k_20131231.htm"
  },
  {
    "date": "2013-09-30",
    "symbol": "HST",
    "reportedCurrency": "USD",
    "cik": "0001070750",
    "fillingDate": "2013-11-06",
    "acceptedDate": "2013-11-06 17:02:15",
    "calendarYear": "2013",
    "period": "Q3",
    "revenue": 1223000000,
    "costOfRevenue": 577000000,
    "grossProfit": 646000000,
    "grossProfitRatio": 0.5282093213,
    "researchAndDevelopmentExpenses": 0,
    "generalAndAdministrativeExpenses": 77000000,
    "sellingAndMarketingExpenses": 0,
    "sellingGeneralAndAdministrativeExpenses": 77000000,
    "otherExpenses": 177000000,
    "operatingExpenses": 567000000,
    "costAndExpenses": 1144000000,
    "interestIncome": 1000000,
    "interestExpense": 65000000,
    "depreciationAndAmortization": 177000000,
    "ebitda": 256000000,
    "ebitdaratio": 0.209321341,
    "operatingIncome": 79000000,
    "operatingIncomeRatio": 0.0645952576,
    "totalOtherIncomeExpensesNet": -66000000,
    "incomeBeforeTax": 13000000,
    "incomeBeforeTaxRatio": 0.0106295993,
    "incomeTaxExpense": 11000000,
    "netIncome": 19000000,
    "netIncomeRatio": 0.0155355683,
    "eps": 0.03,
    "epsdiluted": 0.03,
    "weightedAverageShsOut": 749000000,
    "weightedAverageShsOutDil": 749700000,
    "link": "https://www.sec.gov/Archives/edgar/data/1070750/000156459013001000/0001564590-13-001000-index.htm",
    "finalLink": "https://www.sec.gov/Archives/edgar/data/1061937/000156459013001000/hst-10q_20130930.htm"
  },
  {
    "date": "2013-06-30",
    "symbol": "HST",
    "reportedCurrency": "USD",
    "cik": "0001070750",
    "fillingDate": "2013-08-06",
    "acceptedDate": "2013-08-05 19:30:33",
    "calendarYear": "2013",
    "period": "Q2",
    "revenue": 1420000000,
    "costOfRevenue": 613000000,
    "grossProfit": 807000000,
    "grossProfitRatio": 0.5683098592,
    "researchAndDevelopmentExpenses": 0,
    "generalAndAdministrativeExpenses": 103000000,
    "sellingAndMarketingExpenses": 0,
    "sellingGeneralAndAdministrativeExpenses": 103000000,
    "otherExpenses": 174000000,
    "operatingExpenses": 599000000,
    "costAndExpenses": 1212000000,
    "interestIncome": 1000000,
    "interestExpense": 103000000,
    "depreciationAndAmortization": 174000000,
    "ebitda": 389000000,
    "ebitdaratio": 0.273943662,
    "operatingIncome": 208000000,
    "operatingIncomeRatio": 0.1464788732,
    "totalOtherIncomeExpensesNet": -71000000,
    "incomeBeforeTax": 134000000,
    "incomeBeforeTaxRatio": 0.0943661972,
    "incomeTaxExpense": 15000000,
    "netIncome": 119000000,
    "netIncomeRatio": 0.0838028169,
    "eps": 0.16,
    "epsdiluted": 0.16,
    "weightedAverageShsOut": 745200000,
    "weightedAverageShsOutDil": 745900000,
    "link": "https://www.sec.gov/Archives/edgar/data/1070750/000156459013000201/0001564590-13-000201-index.htm",
    "finalLink": "https://www.sec.gov/Archives/edgar/data/1061937/000156459013000201/hst-10q_20130630.htm"
  },
  {
    "date": "2013-03-31",
    "symbol": "HST",
    "reportedCurrency": "USD",
    "cik": "0001070750",
    "fillingDate": "2013-05-07",
    "acceptedDate": "2013-05-07 17:12:02",
    "calendarYear": "2013",
    "period": "Q1",
    "revenue": 1255000000,
    "costOfRevenue": 598000000,
    "grossProfit": 657000000,
    "grossProfitRatio": 0.5235059761,
    "researchAndDevelopmentExpenses": 0,
    "generalAndAdministrativeExpenses": 74000000,
    "sellingAndMarketingExpenses": 0,
    "sellingGeneralAndAdministrativeExpenses": 74000000,
    "otherExpenses": 177000000,
    "operatingExpenses": 567000000,
    "costAndExpenses": 1165000000,
    "interestIncome": 1000000,
    "interestExpense": 76000000,
    "depreciationAndAmortization": 177000000,
    "ebitda": 266000000,
    "ebitdaratio": 0.2119521912,
    "operatingIncome": 90000000,
    "operatingIncomeRatio": 0.0717131474,
    "totalOtherIncomeExpensesNet": -63000000,
    "incomeBeforeTax": 27000000,
    "incomeBeforeTaxRatio": 0.0215139442,
    "incomeTaxExpense": -7000000,
    "netIncome": 56000000,
    "netIncomeRatio": 0.0446215139,
    "eps": 0.08,
    "epsdiluted": 0.08,
    "weightedAverageShsOut": 728200000,
    "weightedAverageShsOutDil": 738600000,
    "link": "https://www.sec.gov/Archives/edgar/data/1070750/000119312513204733/0001193125-13-204733-index.htm",
    "finalLink": "https://www.sec.gov/Archives/edgar/data/1061937/000119312513204733/d505466d10q.htm"
  },
  {
    "date": "2012-12-31",
    "symbol": "HST",
    "reportedCurrency": "USD",
    "cik": "0001070750",
    "fillingDate": "2013-02-25",
    "acceptedDate": "2013-02-25 12:03:58",
    "calendarYear": "2012",
    "period": "Q4",
    "revenue": 1746000000,
    "costOfRevenue": 838000000,
    "grossProfit": 908000000,
    "grossProfitRatio": 0.520045819,
    "researchAndDevelopmentExpenses": 0,
    "generalAndAdministrativeExpenses": 106000000,
    "sellingAndMarketingExpenses": 0,
    "sellingGeneralAndAdministrativeExpenses": 106000000,
    "otherExpenses": 279000000,
    "operatingExpenses": 802000000,
    "costAndExpenses": 1640000000,
    "interestIncome": 12000000,
    "interestExpense": 101000000,
    "depreciationAndAmortization": 281000000,
    "ebitda": 399000000,
    "ebitdaratio": 0.2285223368,
    "operatingIncome": 117000000,
    "operatingIncomeRatio": 0.0670103093,
    "totalOtherIncomeExpensesNet": -129000000,
    "incomeBeforeTax": 36000000,
    "incomeBeforeTaxRatio": 0.0206185567,
    "incomeTaxExpense": 22000000,
    "netIncome": 15000000,
    "netIncomeRatio": 0.0085910653,
    "eps": 0.02,
    "epsdiluted": 0.02,
    "weightedAverageShsOut": 723900000,
    "weightedAverageShsOutDil": 725100000,
    "link": "https://www.sec.gov/Archives/edgar/data/1070750/000119312513073292/0001193125-13-073292-index.htm",
    "finalLink": "https://www.sec.gov/Archives/edgar/data/1061937/000119312513073292/d440990d10k.htm"
  },
  {
    "date": "2012-09-07",
    "symbol": "HST",
    "reportedCurrency": "USD",
    "cik": "0001070750",
    "fillingDate": "2012-10-15",
    "acceptedDate": "2012-10-15 16:28:01",
    "calendarYear": "2012",
    "period": "Q3",
    "revenue": 1204000000,
    "costOfRevenue": 765000000,
    "grossProfit": 439000000,
    "grossProfitRatio": 0.3646179402,
    "researchAndDevelopmentExpenses": 0,
    "generalAndAdministrativeExpenses": 942000000,
    "sellingAndMarketingExpenses": -728000000,
    "sellingGeneralAndAdministrativeExpenses": 214000000,
    "otherExpenses": -1000000,
    "operatingExpenses": 374000000,
    "costAndExpenses": 1139000000,
    "interestIncome": 4000000,
    "interestExpense": 93000000,
    "depreciationAndAmortization": 160000000,
    "ebitda": 213000000,
    "ebitdaratio": 0.176910299,
    "operatingIncome": 65000000,
    "operatingIncomeRatio": 0.053986711,
    "totalOtherIncomeExpensesNet": -94000000,
    "incomeBeforeTax": -25000000,
    "incomeBeforeTaxRatio": -0.0207641196,
    "incomeTaxExpense": 11000000,
    "netIncome": -34000000,
    "netIncomeRatio": -0.0282392027,
    "eps": -0.0471,
    "epsdiluted": -0.0471,
    "weightedAverageShsOut": 721300000,
    "weightedAverageShsOutDil": 721300000,
    "link": "https://www.sec.gov/Archives/edgar/data/1070750/000119312512423397/0001193125-12-423397-index.htm",
    "finalLink": "https://www.sec.gov/Archives/edgar/data/1061937/000119312512423397/d402004d10q.htm"
  },
  {
    "date": "2012-06-15",
    "symbol": "HST",
    "reportedCurrency": "USD",
    "cik": "0001070750",
    "fillingDate": "2012-07-23",
    "acceptedDate": "2012-07-23 16:31:53",
    "calendarYear": "2012",
    "period": "Q2",
    "revenue": 1368000000,
    "costOfRevenue": 809000000,
    "grossProfit": 559000000,
    "grossProfitRatio": 0.408625731,
    "researchAndDevelopmentExpenses": 0,
    "generalAndAdministrativeExpenses": 986000000,
    "sellingAndMarketingExpenses": -766000000,
    "sellingGeneralAndAdministrativeExpenses": 220000000,
    "otherExpenses": 917000000,
    "operatingExpenses": 379000000,
    "costAndExpenses": 1188000000,
    "interestIncome": 3000000,
    "interestExpense": 94000000,
    "depreciationAndAmortization": 159000000,
    "ebitda": 339000000,
    "ebitdaratio": 0.2478070175,
    "operatingIncome": 180000000,
    "operatingIncomeRatio": 0.1315789474,
    "totalOtherIncomeExpensesNet": -88000000,
    "incomeBeforeTax": 95000000,
    "incomeBeforeTaxRatio": 0.0694444444,
    "incomeTaxExpense": 12000000,
    "netIncome": 82000000,
    "netIncomeRatio": 0.0599415205,
    "eps": 0.11,
    "epsdiluted": 0.11,
    "weightedAverageShsOut": 718100000,
    "weightedAverageShsOutDil": 730600000,
    "link": "https://www.sec.gov/Archives/edgar/data/1070750/000119312512310543/0001193125-12-310543-index.htm",
    "finalLink": "https://www.sec.gov/Archives/edgar/data/1061937/000119312512310543/d359021d10q.htm"
  },
  {
    "date": "2012-03-23",
    "symbol": "HST",
    "reportedCurrency": "USD",
    "cik": "0001070750",
    "fillingDate": "2012-04-30",
    "acceptedDate": "2012-04-30 17:05:28",
    "calendarYear": "2012",
    "period": "Q1",
    "revenue": 985000000,
    "costOfRevenue": 631000000,
    "grossProfit": 354000000,
    "grossProfitRatio": 0.3593908629,
    "researchAndDevelopmentExpenses": 0,
    "generalAndAdministrativeExpenses": 780000000,
    "sellingAndMarketingExpenses": -600000000,
    "sellingGeneralAndAdministrativeExpenses": 180000000,
    "otherExpenses": -1000000,
    "operatingExpenses": 333000000,
    "costAndExpenses": 964000000,
    "interestIncome": 4000000,
    "interestExpense": 86000000,
    "depreciationAndAmortization": 153000000,
    "ebitda": 167000000,
    "ebitdaratio": 0.1695431472,
    "operatingIncome": 21000000,
    "operatingIncomeRatio": 0.021319797,
    "totalOtherIncomeExpensesNet": -84000000,
    "incomeBeforeTax": -63000000,
    "incomeBeforeTaxRatio": -0.0639593909,
    "incomeTaxExpense": -13000000,
    "netIncome": -2000000,
    "netIncomeRatio": -0.0020304569,
    "eps": -0.0028,
    "epsdiluted": -0.0028,
    "weightedAverageShsOut": 703100000,
    "weightedAverageShsOutDil": 703100000,
    "link": "https://www.sec.gov/Archives/edgar/data/1070750/000119312512196496/0001193125-12-196496-index.htm",
    "finalLink": "https://www.sec.gov/Archives/edgar/data/1061937/000119312512196496/d313142d10q.htm"
  },
  {
    "date": "2011-12-31",
    "symbol": "HST",
    "reportedCurrency": "USD",
    "cik": "0001070750",
    "fillingDate": "2012-02-22",
    "acceptedDate": "2012-02-22 14:54:22",
    "calendarYear": "2011",
    "period": "Q4",
    "revenue": 1658000000,
    "costOfRevenue": 1035000000,
    "grossProfit": 623000000,
    "grossProfitRatio": 0.3757539204,
    "researchAndDevelopmentExpenses": 0,
    "generalAndAdministrativeExpenses": 0,
    "sellingAndMarketingExpenses": 0,
    "sellingGeneralAndAdministrativeExpenses": 292000000,
    "otherExpenses": 211000000,
    "operatingExpenses": 503000000,
    "costAndExpenses": 1538000000,
    "interestIncome": 5000000,
    "interestExpense": 112000000,
    "depreciationAndAmortization": 213000000,
    "ebitda": 349000000,
    "ebitdaratio": 0.2104945718,
    "operatingIncome": 120000000,
    "operatingIncomeRatio": 0.0723763571,
    "totalOtherIncomeExpensesNet": -96000000,
    "incomeBeforeTax": 24000000,
    "incomeBeforeTaxRatio": 0.0144752714,
    "incomeTaxExpense": 8000000,
    "netIncome": 17000000,
    "netIncomeRatio": 0.0102533172,
    "eps": 0.0242,
    "epsdiluted": 0.0242,
    "weightedAverageShsOut": 703100000,
    "weightedAverageShsOutDil": 703100000,
    "link": "https://www.sec.gov/Archives/edgar/data/1070750/000119312512072499/0001193125-12-072499-index.htm",
    "finalLink": "https://www.sec.gov/Archives/edgar/data/1061937/000119312512072499/d226381d10k.htm"
  },
  {
    "date": "2011-09-09",
    "symbol": "HST",
    "reportedCurrency": "USD",
    "cik": "0001070750",
    "fillingDate": "2011-10-17",
    "acceptedDate": "2011-10-17 16:17:15",
    "calendarYear": "2011",
    "period": "Q3",
    "revenue": 1142000000,
    "costOfRevenue": 747000000,
    "grossProfit": 395000000,
    "grossProfitRatio": 0.3458844133,
    "researchAndDevelopmentExpenses": 0,
    "generalAndAdministrativeExpenses": 913000000,
    "sellingAndMarketingExpenses": -721000000,
    "sellingGeneralAndAdministrativeExpenses": 192000000,
    "otherExpenses": 866000000,
    "operatingExpenses": 341000000,
    "costAndExpenses": 1088000000,
    "interestIncome": 5000000,
    "interestExpense": 87000000,
    "depreciationAndAmortization": 149000000,
    "ebitda": 204000000,
    "ebitdaratio": 0.1786339755,
    "operatingIncome": 54000000,
    "operatingIncomeRatio": 0.0472854641,
    "totalOtherIncomeExpensesNet": -86000000,
    "incomeBeforeTax": -32000000,
    "incomeBeforeTaxRatio": -0.0280210158,
    "incomeTaxExpense": 3000000,
    "netIncome": -33000000,
    "netIncomeRatio": -0.0288966725,
    "eps": -0.047,
    "epsdiluted": -0.047,
    "weightedAverageShsOut": 702100000,
    "weightedAverageShsOutDil": 702100000,
    "link": "https://www.sec.gov/Archives/edgar/data/1070750/000119312511272780/0001193125-11-272780-index.htm",
    "finalLink": "https://www.sec.gov/Archives/edgar/data/1061937/000119312511272780/d226373d10q.htm"
  },
  {
    "date": "2011-06-17",
    "symbol": "HST",
    "reportedCurrency": "USD",
    "cik": "0001070750",
    "fillingDate": "2011-07-25",
    "acceptedDate": "2011-07-25 15:43:58",
    "calendarYear": "2011",
    "period": "Q2",
    "revenue": 1296000000,
    "costOfRevenue": 783000000,
    "grossProfit": 513000000,
    "grossProfitRatio": 0.3958333333,
    "researchAndDevelopmentExpenses": 0,
    "generalAndAdministrativeExpenses": 984000000,
    "sellingAndMarketingExpenses": -772000000,
    "sellingGeneralAndAdministrativeExpenses": 212000000,
    "otherExpenses": 920000000,
    "operatingExpenses": 361000000,
    "costAndExpenses": 1144000000,
    "interestIncome": 5000000,
    "interestExpense": 89000000,
    "depreciationAndAmortization": 149000000,
    "ebitda": 316000000,
    "ebitdaratio": 0.2438271605,
    "operatingIncome": 152000000,
    "operatingIncomeRatio": 0.1172839506,
    "totalOtherIncomeExpensesNet": -77000000,
    "incomeBeforeTax": 75000000,
    "incomeBeforeTaxRatio": 0.0578703704,
    "incomeTaxExpense": 8000000,
    "netIncome": 62000000,
    "netIncomeRatio": 0.0478395062,
    "eps": 0.09,
    "epsdiluted": 0.09,
    "weightedAverageShsOut": 685700000,
    "weightedAverageShsOutDil": 687100000,
    "link": "https://www.sec.gov/Archives/edgar/data/1070750/000119312511195966/0001193125-11-195966-index.htm",
    "finalLink": "https://www.sec.gov/Archives/edgar/data/1061937/000119312511195966/d10q.htm"
  },
  {
    "date": "2011-03-25",
    "symbol": "HST",
    "reportedCurrency": "USD",
    "cik": "0001070750",
    "fillingDate": "2011-05-02",
    "acceptedDate": "2011-05-02 12:14:12",
    "calendarYear": "2011",
    "period": "Q1",
    "revenue": 903000000,
    "costOfRevenue": 591000000,
    "grossProfit": 312000000,
    "grossProfitRatio": 0.3455149502,
    "researchAndDevelopmentExpenses": 0,
    "generalAndAdministrativeExpenses": 756000000,
    "sellingAndMarketingExpenses": -582000000,
    "sellingGeneralAndAdministrativeExpenses": 174000000,
    "otherExpenses": 722000000,
    "operatingExpenses": 315000000,
    "costAndExpenses": 906000000,
    "interestIncome": 4000000,
    "interestExpense": 82000000,
    "depreciationAndAmortization": 141000000,
    "ebitda": 143000000,
    "ebitdaratio": 0.1583610188,
    "operatingIncome": -3000000,
    "operatingIncomeRatio": -0.0033222591,
    "totalOtherIncomeExpensesNet": -77000000,
    "incomeBeforeTax": -80000000,
    "incomeBeforeTaxRatio": -0.088593577,
    "incomeTaxExpense": -20000000,
    "netIncome": -60000000,
    "netIncomeRatio": -0.0664451827,
    "eps": -0.0886,
    "epsdiluted": -0.0886,
    "weightedAverageShsOut": 677300000,
    "weightedAverageShsOutDil": 677300000,
    "link": "https://www.sec.gov/Archives/edgar/data/1070750/000119312511120682/0001193125-11-120682-index.htm",
    "finalLink": "https://www.sec.gov/Archives/edgar/data/1061937/000119312511120682/d10q.htm"
  },
  {
    "date": "2010-12-31",
    "symbol": "HST",
    "reportedCurrency": "USD",
    "cik": "0001070750",
    "fillingDate": "2011-02-24",
    "acceptedDate": "2011-02-24 16:14:33",
    "calendarYear": "2010",
    "period": "Q4",
    "revenue": 1494000000,
    "costOfRevenue": 941000000,
    "grossProfit": 553000000,
    "grossProfitRatio": 0.3701472557,
    "researchAndDevelopmentExpenses": 0,
    "generalAndAdministrativeExpenses": 0,
    "sellingAndMarketingExpenses": 0,
    "sellingGeneralAndAdministrativeExpenses": 281000000,
    "otherExpenses": 180000000,
    "operatingExpenses": 461000000,
    "costAndExpenses": 1402000000,
    "interestIncome": 5000000,
    "interestExpense": 116000000,
    "depreciationAndAmortization": 184000000,
    "ebitda": 286000000,
    "ebitdaratio": 0.1914323963,
    "operatingIncome": 92000000,
    "operatingIncomeRatio": 0.0615796519,
    "totalOtherIncomeExpensesNet": -106000000,
    "incomeBeforeTax": -14000000,
    "incomeBeforeTaxRatio": -0.0093708166,
    "incomeTaxExpense": -10000000,
    "netIncome": -6000000,
    "netIncomeRatio": -0.0040160643,
    "eps": -0.009,
    "epsdiluted": -0.0089,
    "weightedAverageShsOut": 669300000,
    "weightedAverageShsOutDil": 677300000,
    "link": "https://www.sec.gov/Archives/edgar/data/1070750/000119312511045334/0001193125-11-045334-index.htm",
    "finalLink": "https://www.sec.gov/Archives/edgar/data/1061937/000119312511045334/d10k.htm"
  },
  {
    "date": "2010-09-10",
    "symbol": "HST",
    "reportedCurrency": "USD",
    "cik": "0001070750",
    "fillingDate": "2010-10-15",
    "acceptedDate": "2010-10-15 16:16:52",
    "calendarYear": "2010",
    "period": "Q3",
    "revenue": 1006000000,
    "costOfRevenue": 829000000,
    "grossProfit": 177000000,
    "grossProfitRatio": 0.175944334,
    "researchAndDevelopmentExpenses": 0,
    "generalAndAdministrativeExpenses": 846000000,
    "sellingAndMarketingExpenses": -826000000,
    "sellingGeneralAndAdministrativeExpenses": 20000000,
    "otherExpenses": 799000000,
    "operatingExpenses": 154000000,
    "costAndExpenses": 983000000,
    "interestIncome": 2000000,
    "interestExpense": 89000000,
    "depreciationAndAmortization": 134000000,
    "ebitda": 157000000,
    "ebitdaratio": 0.1560636183,
    "operatingIncome": 23000000,
    "operatingIncomeRatio": 0.0228628231,
    "totalOtherIncomeExpensesNet": -89000000,
    "incomeBeforeTax": -66000000,
    "incomeBeforeTaxRatio": -0.0656063618,
    "incomeTaxExpense": -5000000,
    "netIncome": -58000000,
    "netIncomeRatio": -0.0576540755,
    "eps": -0.0886,
    "epsdiluted": -0.0886,
    "weightedAverageShsOut": 654500000,
    "weightedAverageShsOutDil": 654500000,
    "link": "https://www.sec.gov/Archives/edgar/data/1070750/000119312510230252/0001193125-10-230252-index.htm",
    "finalLink": "https://www.sec.gov/Archives/edgar/data/1070750/000119312510230252/d10q.htm"
  },
  {
    "date": "2010-06-18",
    "symbol": "HST",
    "reportedCurrency": "USD",
    "cik": "0001070750",
    "fillingDate": "2010-07-27",
    "acceptedDate": "2010-07-27 09:14:57",
    "calendarYear": "2010",
    "period": "Q2",
    "revenue": 1114000000,
    "costOfRevenue": 698000000,
    "grossProfit": 416000000,
    "grossProfitRatio": 0.3734290844,
    "researchAndDevelopmentExpenses": 0,
    "generalAndAdministrativeExpenses": 863000000,
    "sellingAndMarketingExpenses": -696000000,
    "sellingGeneralAndAdministrativeExpenses": 167000000,
    "otherExpenses": 835000000,
    "operatingExpenses": 306000000,
    "costAndExpenses": 1004000000,
    "interestIncome": 1000000,
    "interestExpense": 82000000,
    "depreciationAndAmortization": 139000000,
    "ebitda": 250000000,
    "ebitdaratio": 0.2244165171,
    "operatingIncome": 110000000,
    "operatingIncomeRatio": 0.0987432675,
    "totalOtherIncomeExpensesNet": -84000000,
    "incomeBeforeTax": 26000000,
    "incomeBeforeTaxRatio": 0.0233393178,
    "incomeTaxExpense": 6000000,
    "netIncome": 19000000,
    "netIncomeRatio": 0.0170556553,
    "eps": 0.0291,
    "epsdiluted": 0.029,
    "weightedAverageShsOut": 652500000,
    "weightedAverageShsOutDil": 654100000,
    "link": "https://www.sec.gov/Archives/edgar/data/1070750/000119312510166851/0001193125-10-166851-index.htm",
    "finalLink": "https://www.sec.gov/Archives/edgar/data/1070750/000119312510166851/d10q.htm"
  },
  {
    "date": "2010-03-26",
    "symbol": "HST",
    "reportedCurrency": "USD",
    "cik": "0001070750",
    "fillingDate": "2010-05-03",
    "acceptedDate": "2010-05-03 16:36:40",
    "calendarYear": "2010",
    "period": "Q1",
    "revenue": 823000000,
    "costOfRevenue": 549000000,
    "grossProfit": 274000000,
    "grossProfitRatio": 0.3329283111,
    "researchAndDevelopmentExpenses": 0,
    "generalAndAdministrativeExpenses": 689000000,
    "sellingAndMarketingExpenses": -549000000,
    "sellingGeneralAndAdministrativeExpenses": 140000000,
    "otherExpenses": 685000000,
    "operatingExpenses": 276000000,
    "costAndExpenses": 825000000,
    "interestIncome": 1000000,
    "interestExpense": 96000000,
    "depreciationAndAmortization": 136000000,
    "ebitda": 129000000,
    "ebitdaratio": 0.1567436209,
    "operatingIncome": -2000000,
    "operatingIncomeRatio": -0.0024301337,
    "totalOtherIncomeExpensesNet": -102000000,
    "incomeBeforeTax": -104000000,
    "incomeBeforeTaxRatio": -0.1263669502,
    "incomeTaxExpense": -22000000,
    "netIncome": -84000000,
    "netIncomeRatio": -0.1020656136,
    "eps": -0.13,
    "epsdiluted": -0.13,
    "weightedAverageShsOut": 648100000,
    "weightedAverageShsOutDil": 648100000,
    "link": "https://www.sec.gov/Archives/edgar/data/1070750/000119312510104379/0001193125-10-104379-index.htm",
    "finalLink": "https://www.sec.gov/Archives/edgar/data/1070750/000119312510104379/d10q.htm"
  },
  {
    "date": "2009-12-31",
    "symbol": "HST",
    "reportedCurrency": "USD",
    "cik": "0001070750",
    "fillingDate": "2010-03-01",
    "acceptedDate": "2010-03-01 09:44:39",
    "calendarYear": "2009",
    "period": "Q4",
    "revenue": 1319000000,
    "costOfRevenue": 1631000000,
    "grossProfit": -312000000,
    "grossProfitRatio": -0.2365428355,
    "researchAndDevelopmentExpenses": 0,
    "generalAndAdministrativeExpenses": 0,
    "sellingAndMarketingExpenses": 0,
    "sellingGeneralAndAdministrativeExpenses": -530000000,
    "otherExpenses": 184000000,
    "operatingExpenses": -346000000,
    "costAndExpenses": 1285000000,
    "interestIncome": 2000000,
    "interestExpense": 115000000,
    "depreciationAndAmortization": 225000000,
    "ebitda": 266000000,
    "ebitdaratio": 0.2016679303,
    "operatingIncome": 34000000,
    "operatingIncomeRatio": 0.0257771039,
    "totalOtherIncomeExpensesNet": -108000000,
    "incomeBeforeTax": -74000000,
    "incomeBeforeTaxRatio": -0.0561031084,
    "incomeTaxExpense": -10000000,
    "netIncome": -70000000,
    "netIncomeRatio": -0.053070508,
    "eps": -0.11,
    "epsdiluted": -0.11,
    "weightedAverageShsOut": 639100000,
    "weightedAverageShsOutDil": 648100000,
    "link": "https://www.sec.gov/Archives/edgar/data/1070750/000119312510044002/0001193125-10-044002-index.htm",
    "finalLink": "https://www.sec.gov/Archives/edgar/data/1070750/000119312510044002/d10k.htm"
  },
  {
    "date": "2009-09-11",
    "symbol": "HST",
    "reportedCurrency": "USD",
    "cik": "0001070750",
    "fillingDate": "2009-10-16",
    "acceptedDate": "2009-10-16 15:00:16",
    "calendarYear": "2009",
    "period": "Q3",
    "revenue": 912000000,
    "costOfRevenue": 374000000,
    "grossProfit": 538000000,
    "grossProfitRatio": 0.5899122807,
    "researchAndDevelopmentExpenses": 0,
    "generalAndAdministrativeExpenses": 774000000,
    "sellingAndMarketingExpenses": -741000000,
    "sellingGeneralAndAdministrativeExpenses": 33000000,
    "otherExpenses": 503000000,
    "operatingExpenses": 548000000,
    "costAndExpenses": 922000000,
    "interestIncome": 1000000,
    "interestExpense": 95000000,
    "depreciationAndAmortization": 138000000,
    "ebitda": 127000000,
    "ebitdaratio": 0.139254386,
    "operatingIncome": -10000000,
    "operatingIncomeRatio": -0.0109649123,
    "totalOtherIncomeExpensesNet": -82000000,
    "incomeBeforeTax": -94000000,
    "incomeBeforeTaxRatio": -0.1030701754,
    "incomeTaxExpense": -25000000,
    "netIncome": -55000000,
    "netIncomeRatio": -0.0603070175,
    "eps": -0.0907,
    "epsdiluted": -0.0907,
    "weightedAverageShsOut": 606100000,
    "weightedAverageShsOutDil": 606100000,
    "link": "https://www.sec.gov/Archives/edgar/data/1070750/000119312509209051/0001193125-09-209051-index.htm",
    "finalLink": "https://www.sec.gov/Archives/edgar/data/1070750/000119312509209051/d10q.htm"
  },
  {
    "date": "2009-06-19",
    "symbol": "HST",
    "reportedCurrency": "USD",
    "cik": "0001070750",
    "fillingDate": "2009-07-28",
    "acceptedDate": "2009-07-28 13:36:26",
    "calendarYear": "2009",
    "period": "Q2",
    "revenue": 1064000000,
    "costOfRevenue": 398000000,
    "grossProfit": 666000000,
    "grossProfitRatio": 0.6259398496,
    "researchAndDevelopmentExpenses": 0,
    "generalAndAdministrativeExpenses": 810000000,
    "sellingAndMarketingExpenses": -769000000,
    "sellingGeneralAndAdministrativeExpenses": 41000000,
    "otherExpenses": 515000000,
    "operatingExpenses": 621000000,
    "costAndExpenses": 1019000000,
    "interestIncome": 2000000,
    "interestExpense": 82000000,
    "depreciationAndAmortization": 196000000,
    "ebitda": 279000000,
    "ebitdaratio": 0.2622180451,
    "operatingIncome": 45000000,
    "operatingIncomeRatio": 0.0422932331,
    "totalOtherIncomeExpensesNet": -46000000,
    "incomeBeforeTax": -60000000,
    "incomeBeforeTaxRatio": -0.0563909774,
    "incomeTaxExpense": 10000000,
    "netIncome": -69000000,
    "netIncomeRatio": -0.0648496241,
    "eps": -0.12,
    "epsdiluted": -0.12,
    "weightedAverageShsOut": 575000000,
    "weightedAverageShsOutDil": 575000000,
    "link": "https://www.sec.gov/Archives/edgar/data/1070750/000119312509156720/0001193125-09-156720-index.htm",
    "finalLink": "https://www.sec.gov/Archives/edgar/data/1070750/000119312509156720/d10q.htm"
  },
  {
    "date": "2009-03-27",
    "symbol": "HST",
    "reportedCurrency": "USD",
    "cik": "0001070750",
    "fillingDate": "2009-04-23",
    "acceptedDate": "2009-04-23 16:11:02",
    "calendarYear": "2009",
    "period": "Q1",
    "revenue": 882000000,
    "costOfRevenue": 577000000,
    "grossProfit": 305000000,
    "grossProfitRatio": 0.3458049887,
    "researchAndDevelopmentExpenses": 0,
    "generalAndAdministrativeExpenses": 689000000,
    "sellingAndMarketingExpenses": -559000000,
    "sellingGeneralAndAdministrativeExpenses": 130000000,
    "otherExpenses": -1000000,
    "operatingExpenses": 308000000,
    "costAndExpenses": 885000000,
    "interestIncome": 2000000,
    "interestExpense": 87000000,
    "depreciationAndAmortization": 178000000,
    "ebitda": 198000000,
    "ebitdaratio": 0.2244897959,
    "operatingIncome": -3000000,
    "operatingIncomeRatio": -0.0034013605,
    "totalOtherIncomeExpensesNet": -88000000,
    "incomeBeforeTax": -91000000,
    "incomeBeforeTaxRatio": -0.1031746032,
    "incomeTaxExpense": -14000000,
    "netIncome": -59000000,
    "netIncomeRatio": -0.066893424,
    "eps": -0.11,
    "epsdiluted": -0.11,
    "weightedAverageShsOut": 526100000,
    "weightedAverageShsOutDil": 526100000,
    "link": "https://www.sec.gov/Archives/edgar/data/1070750/000119312509085774/0001193125-09-085774-index.htm",
    "finalLink": "https://www.sec.gov/Archives/edgar/data/1070750/000119312509085774/d10q.htm"
  },
  {
    "date": "2008-12-31",
    "symbol": "HST",
    "reportedCurrency": "USD",
    "cik": "0001070750",
    "fillingDate": "2009-02-27",
    "acceptedDate": "2009-02-27 13:28:37",
    "calendarYear": "2008",
    "period": "Q4",
    "revenue": 1647000000,
    "costOfRevenue": 1922000000,
    "grossProfit": -275000000,
    "grossProfitRatio": -0.1669702489,
    "researchAndDevelopmentExpenses": 0,
    "generalAndAdministrativeExpenses": 0,
    "sellingAndMarketingExpenses": 0,
    "sellingGeneralAndAdministrativeExpenses": -685000000,
    "otherExpenses": 194000000,
    "operatingExpenses": -491000000,
    "costAndExpenses": 1431000000,
    "interestIncome": 7000000,
    "interestExpense": 101000000,
    "depreciationAndAmortization": 191000000,
    "ebitda": 403000000,
    "ebitdaratio": 0.2446873103,
    "operatingIncome": 216000000,
    "operatingIncomeRatio": 0.131147541,
    "totalOtherIncomeExpensesNet": -108000000,
    "incomeBeforeTax": 108000000,
    "incomeBeforeTaxRatio": 0.0655737705,
    "incomeTaxExpense": -14000000,
    "netIncome": 119000000,
    "netIncomeRatio": 0.0722525804,
    "eps": 0.23,
    "epsdiluted": 0.23,
    "weightedAverageShsOut": 526100000,
    "weightedAverageShsOutDil": 526100000,
    "link": "https://www.sec.gov/Archives/edgar/data/1070750/000119312509040623/0001193125-09-040623-index.htm",
    "finalLink": "https://www.sec.gov/Archives/edgar/data/1070750/000119312509040623/d10k.htm"
  },
  {
    "date": "2008-09-05",
    "symbol": "HST",
    "reportedCurrency": "USD",
    "cik": "0001070750",
    "fillingDate": "2008-10-15",
    "acceptedDate": "2008-10-15 13:29:41",
    "calendarYear": "2008",
    "period": "Q3",
    "revenue": 1168000000,
    "costOfRevenue": 758000000,
    "grossProfit": 410000000,
    "grossProfitRatio": 0.3510273973,
    "researchAndDevelopmentExpenses": 0,
    "generalAndAdministrativeExpenses": 873000000,
    "sellingAndMarketingExpenses": -406000000,
    "sellingGeneralAndAdministrativeExpenses": 467000000,
    "otherExpenses": 535000000,
    "operatingExpenses": 287000000,
    "costAndExpenses": 1045000000,
    "interestIncome": 4000000,
    "interestExpense": 83000000,
    "depreciationAndAmortization": 133000000,
    "ebitda": 100000000,
    "ebitdaratio": 0.0856164384,
    "operatingIncome": 123000000,
    "operatingIncomeRatio": 0.1053082192,
    "totalOtherIncomeExpensesNet": -90000000,
    "incomeBeforeTax": 45000000,
    "incomeBeforeTaxRatio": 0.0385273973,
    "incomeTaxExpense": 4000000,
    "netIncome": 45000000,
    "netIncomeRatio": 0.0385273973,
    "eps": 0.0881,
    "epsdiluted": 0.0881,
    "weightedAverageShsOut": 530698635,
    "weightedAverageShsOutDil": 531005220,
    "link": "https://www.sec.gov/Archives/edgar/data/1070750/000119312508210801/0001193125-08-210801-index.htm",
    "finalLink": "https://www.sec.gov/Archives/edgar/data/1070750/000119312508210801/d10q.htm"
  },
  {
    "date": "2008-06-13",
    "symbol": "HST",
    "reportedCurrency": "USD",
    "cik": "0001070750",
    "fillingDate": "2008-07-21",
    "acceptedDate": "2008-07-21 16:14:16",
    "calendarYear": "2008",
    "period": "Q2",
    "revenue": 1415000000,
    "costOfRevenue": 500000000,
    "grossProfit": 915000000,
    "grossProfitRatio": 0.6466431095,
    "researchAndDevelopmentExpenses": 0,
    "generalAndAdministrativeExpenses": 980000000,
    "sellingAndMarketingExpenses": -472000000,
    "sellingGeneralAndAdministrativeExpenses": 508000000,
    "otherExpenses": 598000000,
    "operatingExpenses": 639000000,
    "costAndExpenses": 1139000000,
    "interestIncome": 5000000,
    "interestExpense": 81000000,
    "depreciationAndAmortization": 131000000,
    "ebitda": 226000000,
    "ebitdaratio": 0.1597173145,
    "operatingIncome": 276000000,
    "operatingIncomeRatio": 0.1950530035,
    "totalOtherIncomeExpensesNet": -86000000,
    "incomeBeforeTax": 193000000,
    "incomeBeforeTaxRatio": 0.1363957597,
    "incomeTaxExpense": 14000000,
    "netIncome": 181000000,
    "netIncomeRatio": 0.1279151943,
    "eps": 0.34,
    "epsdiluted": 0.33,
    "weightedAverageShsOut": 531924975,
    "weightedAverageShsOutDil": 563809815,
    "link": "https://www.sec.gov/Archives/edgar/data/1070750/000119312508154362/0001193125-08-154362-index.htm",
    "finalLink": "https://www.sec.gov/Archives/edgar/data/1070750/000119312508154362/d10q.htm"
  },
  {
    "date": "2008-03-21",
    "symbol": "HST",
    "reportedCurrency": "USD",
    "cik": "0001070750",
    "fillingDate": "2008-04-28",
    "acceptedDate": "2008-04-28 16:36:44",
    "calendarYear": "2008",
    "period": "Q1",
    "revenue": 1058000000,
    "costOfRevenue": 399000000,
    "grossProfit": 659000000,
    "grossProfitRatio": 0.6228733459,
    "researchAndDevelopmentExpenses": 0,
    "generalAndAdministrativeExpenses": 795000000,
    "sellingAndMarketingExpenses": -726000000,
    "sellingGeneralAndAdministrativeExpenses": 69000000,
    "otherExpenses": 840000000,
    "operatingExpenses": 533000000,
    "costAndExpenses": 932000000,
    "interestIncome": 4000000,
    "interestExpense": 83000000,
    "depreciationAndAmortization": 124000000,
    "ebitda": 251000000,
    "ebitdaratio": 0.2372400756,
    "operatingIncome": 133000000,
    "operatingIncomeRatio": 0.1257088847,
    "totalOtherIncomeExpensesNet": -78000000,
    "incomeBeforeTax": 53000000,
    "incomeBeforeTaxRatio": 0.050094518,
    "incomeTaxExpense": -7000000,
    "netIncome": 52000000,
    "netIncomeRatio": 0.0491493384,
    "eps": 0.0979,
    "epsdiluted": 0.0979,
    "weightedAverageShsOut": 534071070,
    "weightedAverageShsOutDil": 534275460,
    "link": "https://www.sec.gov/Archives/edgar/data/1070750/000119312508092980/0001193125-08-092980-index.htm",
    "finalLink": "https://www.sec.gov/Archives/edgar/data/1070750/000119312508092980/d10q.htm"
  },
  {
    "date": "2007-12-31",
    "symbol": "HST",
    "reportedCurrency": "USD",
    "cik": "0001070750",
    "fillingDate": "2008-02-26",
    "acceptedDate": "2008-02-25 20:01:38",
    "calendarYear": "2007",
    "period": "Q4",
    "revenue": 1792000000,
    "costOfRevenue": 1940000000,
    "grossProfit": -148000000,
    "grossProfitRatio": -0.0825892857,
    "researchAndDevelopmentExpenses": 0,
    "generalAndAdministrativeExpenses": 2683000000,
    "sellingAndMarketingExpenses": 0,
    "sellingGeneralAndAdministrativeExpenses": -686000000,
    "otherExpenses": 168000000,
    "operatingExpenses": -518000000,
    "costAndExpenses": 1422000000,
    "interestIncome": 10000000,
    "interestExpense": 110000000,
    "depreciationAndAmortization": 163000000,
    "ebitda": 539000000,
    "ebitdaratio": 0.30078125,
    "operatingIncome": 370000000,
    "operatingIncomeRatio": 0.2064732143,
    "totalOtherIncomeExpensesNet": -104000000,
    "incomeBeforeTax": 266000000,
    "incomeBeforeTaxRatio": 0.1484375,
    "incomeTaxExpense": -1000000,
    "netIncome": 291000000,
    "netIncomeRatio": 0.1623883929,
    "eps": 0.55,
    "epsdiluted": 0.55,
    "weightedAverageShsOut": 533866680,
    "weightedAverageShsOutDil": 534300000,
    "link": "https://www.sec.gov/Archives/edgar/data/1070750/000119312508037704/0001193125-08-037704-index.htm",
    "finalLink": "https://www.sec.gov/Archives/edgar/data/1070750/000119312508037704/d10k.htm"
  },
  {
    "date": "2007-09-07",
    "symbol": "HST",
    "reportedCurrency": "USD",
    "cik": "0001070750",
    "fillingDate": "2007-10-15",
    "acceptedDate": "2007-10-15 16:28:44",
    "calendarYear": "2007",
    "period": "Q3",
    "revenue": 1206000000,
    "costOfRevenue": 453000000,
    "grossProfit": 753000000,
    "grossProfitRatio": 0.6243781095,
    "researchAndDevelopmentExpenses": 0,
    "generalAndAdministrativeExpenses": 380000000,
    "sellingAndMarketingExpenses": 94000000,
    "sellingGeneralAndAdministrativeExpenses": 474000000,
    "otherExpenses": 559000000,
    "operatingExpenses": 588000000,
    "costAndExpenses": 1041000000,
    "interestIncome": 9000000,
    "interestExpense": 82000000,
    "depreciationAndAmortization": 119000000,
    "ebitda": 290000000,
    "ebitdaratio": 0.2404643449,
    "operatingIncome": 165000000,
    "operatingIncomeRatio": 0.1368159204,
    "totalOtherIncomeExpensesNet": -75000000,
    "incomeBeforeTax": 90000000,
    "incomeBeforeTaxRatio": 0.0746268657,
    "incomeTaxExpense": -3000000,
    "netIncome": 95000000,
    "netIncomeRatio": 0.0787728027,
    "eps": 0.18,
    "epsdiluted": 0.18,
    "weightedAverageShsOut": 533764485,
    "weightedAverageShsOutDil": 565955910,
    "link": "https://www.sec.gov/Archives/edgar/data/1070750/000119312507218516/0001193125-07-218516-index.htm",
    "finalLink": "https://www.sec.gov/Archives/edgar/data/1070750/000119312507218516/d10q.htm"
  },
  {
    "date": "2007-06-15",
    "symbol": "HST",
    "reportedCurrency": "USD",
    "cik": "0001070750",
    "fillingDate": "2007-07-24",
    "acceptedDate": "2007-07-24 14:18:35",
    "calendarYear": "2007",
    "period": "Q2",
    "revenue": 1391000000,
    "costOfRevenue": 491000000,
    "grossProfit": 900000000,
    "grossProfitRatio": 0.6470165349,
    "researchAndDevelopmentExpenses": 0,
    "generalAndAdministrativeExpenses": 982000000,
    "sellingAndMarketingExpenses": -896000000,
    "sellingGeneralAndAdministrativeExpenses": 86000000,
    "otherExpenses": 1014000000,
    "operatingExpenses": 616000000,
    "costAndExpenses": 1107000000,
    "interestIncome": 12000000,
    "interestExpense": 136000000,
    "depreciationAndAmortization": 119000000,
    "ebitda": 404000000,
    "ebitdaratio": 0.2904385334,
    "operatingIncome": 284000000,
    "operatingIncomeRatio": 0.2041696621,
    "totalOtherIncomeExpensesNet": -128000000,
    "incomeBeforeTax": 159000000,
    "incomeBeforeTaxRatio": 0.1143062545,
    "incomeTaxExpense": 11000000,
    "netIncome": 147000000,
    "netIncomeRatio": 0.1056793674,
    "eps": 0.27,
    "epsdiluted": 0.26,
    "weightedAverageShsOut": 533560095,
    "weightedAverageShsOutDil": 565138350,
    "link": "https://www.sec.gov/Archives/edgar/data/1070750/000119312507160599/0001193125-07-160599-index.htm",
    "finalLink": "https://www.sec.gov/Archives/edgar/data/1070750/000119312507160599/d10q.htm"
  },
  {
    "date": "2007-03-23",
    "symbol": "HST",
    "reportedCurrency": "USD",
    "cik": "0001070750",
    "fillingDate": "2007-05-01",
    "acceptedDate": "2007-05-01 12:12:34",
    "calendarYear": "2007",
    "period": "Q1",
    "revenue": 1037000000,
    "costOfRevenue": 640000000,
    "grossProfit": 397000000,
    "grossProfitRatio": 0.3828351013,
    "researchAndDevelopmentExpenses": 0,
    "generalAndAdministrativeExpenses": 782000000,
    "sellingAndMarketingExpenses": -716000000,
    "sellingGeneralAndAdministrativeExpenses": 66000000,
    "otherExpenses": 832000000,
    "operatingExpenses": 263000000,
    "costAndExpenses": 903000000,
    "interestIncome": 0,
    "interestExpense": 0,
    "depreciationAndAmortization": 116000000,
    "ebitda": 248000000,
    "ebitdaratio": 0.2391513983,
    "operatingIncome": 134000000,
    "operatingIncomeRatio": 0.1292189007,
    "totalOtherIncomeExpensesNet": -99000000,
    "incomeBeforeTax": 38000000,
    "incomeBeforeTaxRatio": 0.0366441659,
    "incomeTaxExpense": -5000000,
    "netIncome": 185000000,
    "netIncomeRatio": 0.1783992285,
    "eps": 0.34,
    "epsdiluted": 0.34,
    "weightedAverageShsOut": 540173571,
    "weightedAverageShsOutDil": 540173571,
    "link": "https://www.sec.gov/Archives/edgar/data/1070750/000119312507097347/0001193125-07-097347-index.htm",
    "finalLink": "https://www.sec.gov/Archives/edgar/data/1070750/000119312507097347/d10q.htm"
  },
  {
    "date": "2006-12-31",
    "symbol": "HST",
    "reportedCurrency": "USD",
    "cik": "0001070750",
    "fillingDate": "2007-02-27",
    "acceptedDate": "2007-02-27 11:37:26",
    "calendarYear": "2006",
    "period": "Q4",
    "revenue": 1699000000,
    "costOfRevenue": 614000000,
    "grossProfit": 1085000000,
    "grossProfitRatio": 0.6386109476,
    "researchAndDevelopmentExpenses": 0,
    "generalAndAdministrativeExpenses": 2340000000,
    "sellingAndMarketingExpenses": -2223000000,
    "sellingGeneralAndAdministrativeExpenses": 117000000,
    "otherExpenses": 664000000,
    "operatingExpenses": 781000000,
    "costAndExpenses": 1395000000,
    "interestIncome": 0,
    "interestExpense": 0,
    "depreciationAndAmortization": 145000000,
    "ebitda": 449000000,
    "ebitdaratio": 0.2642731018,
    "operatingIncome": 304000000,
    "operatingIncomeRatio": 0.1789287816,
    "totalOtherIncomeExpensesNet": -152000000,
    "incomeBeforeTax": 152000000,
    "incomeBeforeTaxRatio": 0.0894643908,
    "incomeTaxExpense": -9000000,
    "netIncome": 194000000,
    "netIncomeRatio": 0.1141848146,
    "eps": 0.37,
    "epsdiluted": 0.37,
    "weightedAverageShsOut": 535000000,
    "weightedAverageShsOutDil": 535000000,
    "link": "https://www.sec.gov/Archives/edgar/data/1070750/000119312507040653/0001193125-07-040653-index.htm",
    "finalLink": "https://www.sec.gov/Archives/edgar/data/1070750/000119312507040653/d10k.htm"
  },
  {
    "date": "2006-09-08",
    "symbol": "HST",
    "reportedCurrency": "USD",
    "cik": "0001070750",
    "fillingDate": "2006-10-16",
    "acceptedDate": "2006-10-16 16:54:39",
    "calendarYear": "2006",
    "period": "Q3",
    "revenue": 1135000000,
    "costOfRevenue": 426000000,
    "grossProfit": 709000000,
    "grossProfitRatio": 0.6246696035,
    "researchAndDevelopmentExpenses": 0,
    "generalAndAdministrativeExpenses": 862000000,
    "sellingAndMarketingExpenses": -791000000,
    "sellingGeneralAndAdministrativeExpenses": 71000000,
    "otherExpenses": 906000000,
    "operatingExpenses": 584000000,
    "costAndExpenses": 1010000000,
    "interestIncome": 8000000,
    "interestExpense": 100000000,
    "depreciationAndAmortization": 118000000,
    "ebitda": 242000000,
    "ebitdaratio": 0.213215859,
    "operatingIncome": 125000000,
    "operatingIncomeRatio": 0.1101321586,
    "totalOtherIncomeExpensesNet": -99000000,
    "incomeBeforeTax": 30000000,
    "incomeBeforeTaxRatio": 0.0264317181,
    "incomeTaxExpense": -4000000,
    "netIncome": 38000000,
    "netIncomeRatio": 0.0334801762,
    "eps": 0.0685,
    "epsdiluted": 0.0685,
    "weightedAverageShsOut": 554772857,
    "weightedAverageShsOutDil": 554772857,
    "link": "https://www.sec.gov/Archives/edgar/data/1070750/000119312506208425/0001193125-06-208425-index.htm",
    "finalLink": "https://www.sec.gov/Archives/edgar/data/1070750/000119312506208425/d10q.htm"
  },
  {
    "date": "2006-06-16",
    "symbol": "HST",
    "reportedCurrency": "USD",
    "cik": "0001070750",
    "fillingDate": "2006-07-24",
    "acceptedDate": "2006-07-21 18:01:23",
    "calendarYear": "2006",
    "period": "Q2",
    "revenue": 1212000000,
    "costOfRevenue": 426000000,
    "grossProfit": 786000000,
    "grossProfitRatio": 0.6485148515,
    "researchAndDevelopmentExpenses": 0,
    "generalAndAdministrativeExpenses": 850000000,
    "sellingAndMarketingExpenses": -771000000,
    "sellingGeneralAndAdministrativeExpenses": 79000000,
    "otherExpenses": 875000000,
    "operatingExpenses": 553000000,
    "costAndExpenses": 979000000,
    "interestIncome": 0,
    "interestExpense": 0,
    "depreciationAndAmortization": 107000000,
    "ebitda": 331000000,
    "ebitdaratio": 0.2731023102,
    "operatingIncome": 233000000,
    "operatingIncomeRatio": 0.1922442244,
    "totalOtherIncomeExpensesNet": -125000000,
    "incomeBeforeTax": 114000000,
    "incomeBeforeTaxRatio": 0.0940594059,
    "incomeTaxExpense": 17000000,
    "netIncome": 316000000,
    "netIncomeRatio": 0.2607260726,
    "eps": 0.64,
    "epsdiluted": 0.61,
    "weightedAverageShsOut": 503113846,
    "weightedAverageShsOutDil": 527458065,
    "link": "https://www.sec.gov/Archives/edgar/data/1070750/000119312506151169/0001193125-06-151169-index.htm",
    "finalLink": "https://www.sec.gov/Archives/edgar/data/1070750/000119312506151169/d10q.htm"
  },
  {
    "date": "2006-03-24",
    "symbol": "HST",
    "reportedCurrency": "USD",
    "cik": "0001070750",
    "fillingDate": "2006-05-03",
    "acceptedDate": "2006-05-03 17:22:32",
    "calendarYear": "2006",
    "period": "Q1",
    "revenue": 848000000,
    "costOfRevenue": 310000000,
    "grossProfit": 538000000,
    "grossProfitRatio": 0.6344339623,
    "researchAndDevelopmentExpenses": 0,
    "generalAndAdministrativeExpenses": 628000000,
    "sellingAndMarketingExpenses": -573000000,
    "sellingGeneralAndAdministrativeExpenses": 55000000,
    "otherExpenses": 660000000,
    "operatingExpenses": 422000000,
    "costAndExpenses": 732000000,
    "interestIncome": 0,
    "interestExpense": 0,
    "depreciationAndAmortization": 89000000,
    "ebitda": 197000000,
    "ebitdaratio": 0.2323113208,
    "operatingIncome": 116000000,
    "operatingIncomeRatio": 0.1367924528,
    "totalOtherIncomeExpensesNet": -103000000,
    "incomeBeforeTax": 19000000,
    "incomeBeforeTaxRatio": 0.0224056604,
    "incomeTaxExpense": 1000000,
    "netIncome": 166000000,
    "netIncomeRatio": 0.195754717,
    "eps": 0.43,
    "epsdiluted": 0.43,
    "weightedAverageShsOut": 385553864,
    "weightedAverageShsOutDil": 385553864,
    "link": "https://www.sec.gov/Archives/edgar/data/1070750/000119312506098639/0001193125-06-098639-index.htm",
    "finalLink": "https://www.sec.gov/Archives/edgar/data/1070750/000119312506098639/d10q.htm"
  },
  {
    "date": "2005-12-31",
    "symbol": "HST",
    "reportedCurrency": "USD",
    "cik": "0001070750",
    "fillingDate": "2006-03-10",
    "acceptedDate": "2006-03-10 16:20:27",
    "calendarYear": "2005",
    "period": "Q4",
    "revenue": 1234000000,
    "costOfRevenue": 459000000,
    "grossProfit": 775000000,
    "grossProfitRatio": 0.6280388979,
    "researchAndDevelopmentExpenses": 0,
    "generalAndAdministrativeExpenses": 1968000000,
    "sellingAndMarketingExpenses": -1955000000,
    "sellingGeneralAndAdministrativeExpenses": 13000000,
    "otherExpenses": 580000000,
    "operatingExpenses": 593000000,
    "costAndExpenses": 1052000000,
    "interestIncome": 0,
    "interestExpense": 0,
    "depreciationAndAmortization": 119000000,
    "ebitda": 301000000,
    "ebitdaratio": 0.2439222042,
    "operatingIncome": 182000000,
    "operatingIncomeRatio": 0.1474878444,
    "totalOtherIncomeExpensesNet": -122000000,
    "incomeBeforeTax": 60000000,
    "incomeBeforeTaxRatio": 0.0486223663,
    "incomeTaxExpense": 1000000,
    "netIncome": 68000000,
    "netIncomeRatio": 0.0551053485,
    "eps": 0.19,
    "epsdiluted": 0.19,
    "weightedAverageShsOut": 371129211,
    "weightedAverageShsOutDil": 387200000,
    "link": "https://www.sec.gov/Archives/edgar/data/1070750/000119312506051055/0001193125-06-051055-index.htm",
    "finalLink": "https://www.sec.gov/Archives/edgar/data/1070750/000119312506051055/d10k.htm"
  },
  {
    "date": "2005-09-09",
    "symbol": "HST",
    "reportedCurrency": "USD",
    "cik": "0001070750",
    "fillingDate": "2005-10-17",
    "acceptedDate": "2005-10-17 14:54:58",
    "calendarYear": "2005",
    "period": "Q3",
    "revenue": 841000000,
    "costOfRevenue": 324000000,
    "grossProfit": 517000000,
    "grossProfitRatio": 0.614744352,
    "researchAndDevelopmentExpenses": 0,
    "generalAndAdministrativeExpenses": 646000000,
    "sellingAndMarketingExpenses": -596000000,
    "sellingGeneralAndAdministrativeExpenses": 50000000,
    "otherExpenses": 677000000,
    "operatingExpenses": 447000000,
    "costAndExpenses": 771000000,
    "interestIncome": 0,
    "interestExpense": 0,
    "depreciationAndAmortization": 84000000,
    "ebitda": -29000000,
    "ebitdaratio": -0.0344827586,
    "operatingIncome": 70000000,
    "operatingIncomeRatio": 0.0832342449,
    "totalOtherIncomeExpensesNet": -93000000,
    "incomeBeforeTax": -20000000,
    "incomeBeforeTaxRatio": -0.0237812128,
    "incomeTaxExpense": -15000000,
    "netIncome": -5000000,
    "netIncomeRatio": -0.0059453032,
    "eps": -0.0133,
    "epsdiluted": -0.0133,
    "weightedAverageShsOut": 374715000,
    "weightedAverageShsOutDil": 374715000,
    "link": "https://www.sec.gov/Archives/edgar/data/1070750/000119312505202426/0001193125-05-202426-index.htm",
    "finalLink": "https://www.sec.gov/Archives/edgar/data/1070750/000119312505202426/d10q.htm"
  },
  {
    "date": "2005-06-17",
    "symbol": "HST",
    "reportedCurrency": "USD",
    "cik": "0001070750",
    "fillingDate": "2005-07-25",
    "acceptedDate": "2005-07-25 16:10:26",
    "calendarYear": "2005",
    "period": "Q2",
    "revenue": 993000000,
    "costOfRevenue": 357000000,
    "grossProfit": 636000000,
    "grossProfitRatio": 0.6404833837,
    "researchAndDevelopmentExpenses": 0,
    "generalAndAdministrativeExpenses": 708000000,
    "sellingAndMarketingExpenses": -649000000,
    "sellingGeneralAndAdministrativeExpenses": 59000000,
    "otherExpenses": 730000000,
    "operatingExpenses": 467000000,
    "costAndExpenses": 824000000,
    "interestIncome": 0,
    "interestExpense": 0,
    "depreciationAndAmortization": 86000000,
    "ebitda": 246000000,
    "ebitdaratio": 0.247734139,
    "operatingIncome": 169000000,
    "operatingIncomeRatio": 0.1701913394,
    "totalOtherIncomeExpensesNet": -46000000,
    "incomeBeforeTax": 129000000,
    "incomeBeforeTaxRatio": 0.1299093656,
    "incomeTaxExpense": 38000000,
    "netIncome": 80000000,
    "netIncomeRatio": 0.0805639476,
    "eps": 0.23,
    "epsdiluted": 0.22,
    "weightedAverageShsOut": 355460870,
    "weightedAverageShsOutDil": 371618182,
    "link": "https://www.sec.gov/Archives/edgar/data/1070750/000119312505147998/0001193125-05-147998-index.htm",
    "finalLink": "https://www.sec.gov/Archives/edgar/data/1070750/000119312505147998/d10q.htm"
  },
  {
    "date": "2005-03-25",
    "symbol": "HST",
    "reportedCurrency": "USD",
    "cik": "0001070750",
    "fillingDate": "2005-05-03",
    "acceptedDate": "2005-05-03 10:15:31",
    "calendarYear": "2005",
    "period": "Q1",
    "revenue": 818000000,
    "costOfRevenue": 305000000,
    "grossProfit": 513000000,
    "grossProfitRatio": 0.6271393643,
    "researchAndDevelopmentExpenses": 0,
    "generalAndAdministrativeExpenses": 614000000,
    "sellingAndMarketingExpenses": -566000000,
    "sellingGeneralAndAdministrativeExpenses": 48000000,
    "otherExpenses": 647000000,
    "operatingExpenses": 414000000,
    "costAndExpenses": 719000000,
    "interestIncome": 0,
    "interestExpense": 0,
    "depreciationAndAmortization": 84000000,
    "ebitda": 176000000,
    "ebitdaratio": 0.2151589242,
    "operatingIncome": 99000000,
    "operatingIncomeRatio": 0.1210268949,
    "totalOtherIncomeExpensesNet": -109000000,
    "incomeBeforeTax": -6000000,
    "incomeBeforeTaxRatio": -0.0073349633,
    "incomeTaxExpense": -12000000,
    "netIncome": 6000000,
    "netIncomeRatio": 0.0073349633,
    "eps": 0.0167,
    "epsdiluted": 0.0167,
    "weightedAverageShsOut": 360199644,
    "weightedAverageShsOutDil": 360199644,
    "link": "https://www.sec.gov/Archives/edgar/data/1070750/000119312505093341/0001193125-05-093341-index.htm",
    "finalLink": "https://www.sec.gov/Archives/edgar/data/1070750/000119312505093341/d10q.htm"
  },
  {
    "date": "2004-12-31",
    "symbol": "HST",
    "reportedCurrency": "USD",
    "cik": "0001070750",
    "fillingDate": "2005-03-01",
    "acceptedDate": "2005-03-01 16:16:10",
    "calendarYear": "2004",
    "period": "Q4",
    "revenue": 1100000000,
    "costOfRevenue": 417000000,
    "grossProfit": 683000000,
    "grossProfitRatio": 0.6209090909,
    "researchAndDevelopmentExpenses": 0,
    "generalAndAdministrativeExpenses": 0,
    "sellingAndMarketingExpenses": 0,
    "sellingGeneralAndAdministrativeExpenses": 111000000,
    "otherExpenses": 432000000,
    "operatingExpenses": 543000000,
    "costAndExpenses": 960000000,
    "interestIncome": 0,
    "interestExpense": 0,
    "depreciationAndAmortization": 104000000,
    "ebitda": 244000000,
    "ebitdaratio": 0.2218181818,
    "operatingIncome": 140000000,
    "operatingIncomeRatio": 0.1272727273,
    "totalOtherIncomeExpensesNet": -130000000,
    "incomeBeforeTax": 10000000,
    "incomeBeforeTaxRatio": 0.0090909091,
    "incomeTaxExpense": -8000000,
    "netIncome": 52000000,
    "netIncomeRatio": 0.0472727273,
    "eps": 0.17,
    "epsdiluted": 0.17,
    "weightedAverageShsOut": 359700000,
    "weightedAverageShsOutDil": 359700000,
    "link": "https://www.sec.gov/Archives/edgar/data/1070750/000119312505039824/0001193125-05-039824-index.htm",
    "finalLink": "https://www.sec.gov/Archives/edgar/data/1070750/000119312505039824/d10k.htm"
  },
  {
    "date": "2004-09-10",
    "symbol": "HST",
    "reportedCurrency": "USD",
    "cik": "0001070750",
    "fillingDate": "2004-10-19",
    "acceptedDate": "2004-10-19 15:06:23",
    "calendarYear": "2004",
    "period": "Q3",
    "revenue": 810000000,
    "costOfRevenue": 322000000,
    "grossProfit": 488000000,
    "grossProfitRatio": 0.6024691358,
    "researchAndDevelopmentExpenses": 0,
    "generalAndAdministrativeExpenses": 627000000,
    "sellingAndMarketingExpenses": -597000000,
    "sellingGeneralAndAdministrativeExpenses": 30000000,
    "otherExpenses": -5000000,
    "operatingExpenses": 441000000,
    "costAndExpenses": 763000000,
    "interestIncome": 0,
    "interestExpense": 0,
    "depreciationAndAmortization": 84000000,
    "ebitda": 127000000,
    "ebitdaratio": 0.1567901235,
    "operatingIncome": 47000000,
    "operatingIncomeRatio": 0.0580246914,
    "totalOtherIncomeExpensesNet": -100000000,
    "incomeBeforeTax": -56000000,
    "incomeBeforeTaxRatio": -0.0691358025,
    "incomeTaxExpense": -10000000,
    "netIncome": -47000000,
    "netIncomeRatio": -0.0580246914,
    "eps": -0.13,
    "epsdiluted": -0.13,
    "weightedAverageShsOut": 360688235,
    "weightedAverageShsOutDil": 360688235,
    "link": "https://www.sec.gov/Archives/edgar/data/1070750/000119312504173681/0001193125-04-173681-index.htm",
    "finalLink": "https://www.sec.gov/Archives/edgar/data/1070750/000119312504173681/d10q.htm"
  },
  {
    "date": "2004-06-18",
    "symbol": "HST",
    "reportedCurrency": "USD",
    "cik": "0001070750",
    "fillingDate": "2004-07-26",
    "acceptedDate": "2004-07-26 11:29:27",
    "calendarYear": "2004",
    "period": "Q2",
    "revenue": 927000000,
    "costOfRevenue": 347000000,
    "grossProfit": 580000000,
    "grossProfitRatio": 0.6256742179,
    "researchAndDevelopmentExpenses": 0,
    "generalAndAdministrativeExpenses": 684000000,
    "sellingAndMarketingExpenses": -645000000,
    "sellingGeneralAndAdministrativeExpenses": 39000000,
    "otherExpenses": 724000000,
    "operatingExpenses": 793000000,
    "costAndExpenses": 793000000,
    "interestIncome": 0,
    "interestExpense": 0,
    "depreciationAndAmortization": 83000000,
    "ebitda": 211000000,
    "ebitdaratio": 0.2276159655,
    "operatingIncome": 134000000,
    "operatingIncomeRatio": 0.1445523193,
    "totalOtherIncomeExpensesNet": -126000000,
    "incomeBeforeTax": 8000000,
    "incomeBeforeTaxRatio": 0.0086299892,
    "incomeTaxExpense": 11000000,
    "netIncome": 17000000,
    "netIncomeRatio": 0.0183387271,
    "eps": 0.0475,
    "epsdiluted": 0.0475,
    "weightedAverageShsOut": 357682500,
    "weightedAverageShsOutDil": 357682500,
    "link": "https://www.sec.gov/Archives/edgar/data/1070750/000119312504124147/0001193125-04-124147-index.htm",
    "finalLink": "https://www.sec.gov/Archives/edgar/data/1070750/000119312504124147/d10q.htm"
  },
  {
    "date": "2004-03-26",
    "symbol": "HST",
    "reportedCurrency": "USD",
    "cik": "0001070750",
    "fillingDate": "2004-05-03",
    "acceptedDate": "2004-05-03 16:04:52",
    "calendarYear": "2004",
    "period": "Q1",
    "revenue": 809000000,
    "costOfRevenue": 309000000,
    "grossProfit": 500000000,
    "grossProfitRatio": 0.6180469716,
    "researchAndDevelopmentExpenses": 0,
    "generalAndAdministrativeExpenses": 613000000,
    "sellingAndMarketingExpenses": -581000000,
    "sellingGeneralAndAdministrativeExpenses": 32000000,
    "otherExpenses": 661000000,
    "operatingExpenses": 722000000,
    "costAndExpenses": 722000000,
    "interestIncome": 0,
    "interestExpense": 0,
    "depreciationAndAmortization": 83000000,
    "ebitda": 164000000,
    "ebitdaratio": 0.2027194067,
    "operatingIncome": 87000000,
    "operatingIncomeRatio": 0.1075401731,
    "totalOtherIncomeExpensesNet": -122000000,
    "incomeBeforeTax": -35000000,
    "incomeBeforeTaxRatio": -0.043263288,
    "incomeTaxExpense": 0,
    "netIncome": -31000000,
    "netIncomeRatio": -0.0383189122,
    "eps": -0.091,
    "epsdiluted": -0.091,
    "weightedAverageShsOut": 340650000,
    "weightedAverageShsOutDil": 340650000,
    "link": "https://www.sec.gov/Archives/edgar/data/1070750/000119312504076681/0001193125-04-076681-index.htm",
    "finalLink": "https://www.sec.gov/Archives/edgar/data/1070750/000119312504076681/d10q.htm"
  },
  {
    "date": "2003-12-31",
    "symbol": "HST",
    "reportedCurrency": "USD",
    "cik": "0001070750",
    "fillingDate": "2004-03-02",
    "acceptedDate": "2004-03-02 17:27:25",
    "calendarYear": "2003",
    "period": "Q4",
    "revenue": 1050000000,
    "costOfRevenue": 0,
    "grossProfit": 1050000000,
    "grossProfitRatio": 1,
    "researchAndDevelopmentExpenses": 0,
    "generalAndAdministrativeExpenses": 1806000000,
    "sellingAndMarketingExpenses": -1736000000,
    "sellingGeneralAndAdministrativeExpenses": 70000000,
    "otherExpenses": 4008000000,
    "operatingExpenses": 4008000000,
    "costAndExpenses": 5339000000,
    "interestIncome": 0,
    "interestExpense": 0,
    "depreciationAndAmortization": 109000000,
    "ebitda": -4180000000,
    "ebitdaratio": -3.980952381,
    "operatingIncome": -4289000000,
    "operatingIncomeRatio": -4.0847619048,
    "totalOtherIncomeExpensesNet": 4177000000,
    "incomeBeforeTax": -112000000,
    "incomeBeforeTaxRatio": -0.1066666667,
    "incomeTaxExpense": -2000000,
    "netIncome": 142000000,
    "netIncomeRatio": 0.1352380952,
    "eps": 0.46,
    "epsdiluted": 0.46,
    "weightedAverageShsOut": 328000000,
    "weightedAverageShsOutDil": 328000000,
    "link": "https://www.sec.gov/Archives/edgar/data/1070750/000119312504033132/0001193125-04-033132-index.htm",
    "finalLink": "https://www.sec.gov/Archives/edgar/data/1070750/000119312504033132/d10k.htm"
  },
  {
    "date": "2003-09-12",
    "symbol": "HST",
    "reportedCurrency": "USD",
    "cik": "0001070750",
    "fillingDate": "2003-10-17",
    "acceptedDate": "2003-10-17 11:47:41",
    "calendarYear": "2003",
    "period": "Q3",
    "revenue": 752000000,
    "costOfRevenue": 304000000,
    "grossProfit": 448000000,
    "grossProfitRatio": 0.5957446809,
    "researchAndDevelopmentExpenses": 0,
    "generalAndAdministrativeExpenses": 617000000,
    "sellingAndMarketingExpenses": 0,
    "sellingGeneralAndAdministrativeExpenses": 617000000,
    "otherExpenses": 699000000,
    "operatingExpenses": -728000000,
    "costAndExpenses": -728000000,
    "interestIncome": 2000000,
    "interestExpense": 9000000,
    "depreciationAndAmortization": 84000000,
    "ebitda": 110000000,
    "ebitdaratio": 0.1462765957,
    "operatingIncome": 1480000000,
    "operatingIncomeRatio": 1.9680851064,
    "totalOtherIncomeExpensesNet": -107000000,
    "incomeBeforeTax": -76000000,
    "incomeBeforeTaxRatio": -0.1010638298,
    "incomeTaxExpense": -11000000,
    "netIncome": -88000000,
    "netIncomeRatio": -0.1170212766,
    "eps": -0.31,
    "epsdiluted": -0.31,
    "weightedAverageShsOut": 283226143,
    "weightedAverageShsOutDil": 283226143,
    "link": "https://www.sec.gov/Archives/edgar/data/1070750/000119312503063317/0001193125-03-063317-index.htm",
    "finalLink": "https://www.sec.gov/Archives/edgar/data/1070750/000119312503063317/d10q.htm"
  },
  {
    "date": "2003-06-20",
    "symbol": "HST",
    "reportedCurrency": "USD",
    "cik": "0001070750",
    "fillingDate": "2003-08-04",
    "acceptedDate": "2003-08-04 16:45:41",
    "calendarYear": "2003",
    "period": "Q2",
    "revenue": 874000000,
    "costOfRevenue": 325000000,
    "grossProfit": 549000000,
    "grossProfitRatio": 0.6281464531,
    "researchAndDevelopmentExpenses": 0,
    "generalAndAdministrativeExpenses": 648000000,
    "sellingAndMarketingExpenses": -611000000,
    "sellingGeneralAndAdministrativeExpenses": 37000000,
    "otherExpenses": 692000000,
    "operatingExpenses": 769000000,
    "costAndExpenses": 769000000,
    "interestIncome": 2000000,
    "interestExpense": 1000000,
    "depreciationAndAmortization": 86000000,
    "ebitda": 185000000,
    "ebitdaratio": 0.2116704805,
    "operatingIncome": 105000000,
    "operatingIncomeRatio": 0.1201372998,
    "totalOtherIncomeExpensesNet": -114000000,
    "incomeBeforeTax": -8000000,
    "incomeBeforeTaxRatio": -0.0091533181,
    "incomeTaxExpense": 6000000,
    "netIncome": -14000000,
    "netIncomeRatio": -0.0160183066,
    "eps": -0.0536,
    "epsdiluted": -0.0536,
    "weightedAverageShsOut": 261165000,
    "weightedAverageShsOutDil": 261165000,
    "link": "https://www.sec.gov/Archives/edgar/data/1070750/000119312503028549/0001193125-03-028549-index.htm",
    "finalLink": "https://www.sec.gov/Archives/edgar/data/1070750/000119312503028549/d10q.htm"
  },
  {
    "date": "2003-03-28",
    "symbol": "HST",
    "reportedCurrency": "USD",
    "cik": "0001070750",
    "fillingDate": "2003-05-12",
    "acceptedDate": "2003-05-12 16:55:31",
    "calendarYear": "2003",
    "period": "Q1",
    "revenue": 805000000,
    "costOfRevenue": 303000000,
    "grossProfit": 502000000,
    "grossProfitRatio": 0.6236024845,
    "researchAndDevelopmentExpenses": 0,
    "generalAndAdministrativeExpenses": 541000000,
    "sellingAndMarketingExpenses": -508000000,
    "sellingGeneralAndAdministrativeExpenses": 33000000,
    "otherExpenses": 592000000,
    "operatingExpenses": 724000000,
    "costAndExpenses": 724000000,
    "interestIncome": 3000000,
    "interestExpense": 1000000,
    "depreciationAndAmortization": 88000000,
    "ebitda": 167000000,
    "ebitdaratio": 0.2074534161,
    "operatingIncome": 81000000,
    "operatingIncomeRatio": 0.100621118,
    "totalOtherIncomeExpensesNet": -120000000,
    "incomeBeforeTax": -38000000,
    "incomeBeforeTaxRatio": -0.0472049689,
    "incomeTaxExpense": -4000000,
    "netIncome": -34000000,
    "netIncomeRatio": -0.0422360248,
    "eps": -0.12,
    "epsdiluted": -0.12,
    "weightedAverageShsOut": 274649062,
    "weightedAverageShsOutDil": 274649062,
    "link": "https://www.sec.gov/Archives/edgar/data/1070750/000092838503001539/0000928385-03-001539-index.htm",
    "finalLink": "https://www.sec.gov/Archives/edgar/data/1070750/000092838503001539/d10q.htm"
  },
  {
    "date": "2002-12-31",
    "symbol": "HST",
    "reportedCurrency": "USD",
    "cik": "0001070750",
    "fillingDate": "2003-03-31",
    "acceptedDate": "2003-03-31 13:30:58",
    "calendarYear": "2002",
    "period": "Q4",
    "revenue": 1170000000,
    "costOfRevenue": 0,
    "grossProfit": 1170000000,
    "grossProfitRatio": 1,
    "researchAndDevelopmentExpenses": 0,
    "generalAndAdministrativeExpenses": 133000000,
    "sellingAndMarketingExpenses": 0,
    "sellingGeneralAndAdministrativeExpenses": 133000000,
    "otherExpenses": 3853000000,
    "operatingExpenses": 3986000000,
    "costAndExpenses": 5366000000,
    "interestIncome": 0,
    "interestExpense": 0,
    "depreciationAndAmortization": 118000000,
    "ebitda": -4078000000,
    "ebitdaratio": -3.4854700855,
    "operatingIncome": -4196000000,
    "operatingIncomeRatio": -3.5863247863,
    "totalOtherIncomeExpensesNet": 4191000000,
    "incomeBeforeTax": -5000000,
    "incomeBeforeTaxRatio": -0.0042735043,
    "incomeTaxExpense": -2000000,
    "netIncome": -3000000,
    "netIncomeRatio": -0.0025641026,
    "eps": -0.0111,
    "epsdiluted": -0.0111,
    "weightedAverageShsOut": 270100000,
    "weightedAverageShsOutDil": 270100000,
    "link": "https://www.sec.gov/Archives/edgar/data/1070750/000092838503000981/0000928385-03-000981-index.htm",
    "finalLink": "https://www.sec.gov/Archives/edgar/data/1070750/000092838503000981/d10k.htm"
  },
  {
    "date": "2002-09-06",
    "symbol": "HST",
    "reportedCurrency": "USD",
    "cik": "0001070750",
    "fillingDate": "2002-10-21",
    "acceptedDate": "2002-10-21 17:26:39",
    "calendarYear": "2002",
    "period": "Q3",
    "revenue": 794000000,
    "costOfRevenue": 0,
    "grossProfit": 794000000,
    "grossProfitRatio": 1,
    "researchAndDevelopmentExpenses": 0,
    "generalAndAdministrativeExpenses": 8000000,
    "sellingAndMarketingExpenses": 0,
    "sellingGeneralAndAdministrativeExpenses": 8000000,
    "otherExpenses": 709000000,
    "operatingExpenses": -720000000,
    "costAndExpenses": -720000000,
    "interestIncome": 0,
    "interestExpense": 0,
    "depreciationAndAmortization": 86000000,
    "ebitda": 1600000000,
    "ebitdaratio": 2.0151133501,
    "operatingIncome": 1514000000,
    "operatingIncomeRatio": 1.9068010076,
    "totalOtherIncomeExpensesNet": -106000000,
    "incomeBeforeTax": -45000000,
    "incomeBeforeTaxRatio": -0.056675063,
    "incomeTaxExpense": -7000000,
    "netIncome": -38000000,
    "netIncomeRatio": -0.0478589421,
    "eps": -0.14,
    "epsdiluted": -0.14,
    "weightedAverageShsOut": 271021140,
    "weightedAverageShsOutDil": 271021140,
    "link": "https://www.sec.gov/Archives/edgar/data/1070750/000092838502003363/0000928385-02-003363-index.htm",
    "finalLink": "https://www.sec.gov/Archives/edgar/data/1070750/000092838502003363/d10q.htm"
  },
  {
    "date": "2002-06-14",
    "symbol": "HST",
    "reportedCurrency": "USD",
    "cik": "0001070750",
    "fillingDate": "2002-07-29",
    "acceptedDate": "2002-07-29 17:19:14",
    "calendarYear": "2002",
    "period": "Q2",
    "revenue": 926000000,
    "costOfRevenue": 0,
    "grossProfit": 926000000,
    "grossProfitRatio": 1,
    "researchAndDevelopmentExpenses": 0,
    "generalAndAdministrativeExpenses": 7000000,
    "sellingAndMarketingExpenses": 0,
    "sellingGeneralAndAdministrativeExpenses": 7000000,
    "otherExpenses": 746000000,
    "operatingExpenses": -763000000,
    "costAndExpenses": -763000000,
    "interestIncome": 0,
    "interestExpense": 0,
    "depreciationAndAmortization": 84000000,
    "ebitda": 1774000000,
    "ebitdaratio": 1.9157667387,
    "operatingIncome": 1689000000,
    "operatingIncomeRatio": 1.8239740821,
    "totalOtherIncomeExpensesNet": -1654000000,
    "incomeBeforeTax": 35000000,
    "incomeBeforeTaxRatio": 0.0377969762,
    "incomeTaxExpense": 11000000,
    "netIncome": 24000000,
    "netIncomeRatio": 0.0259179266,
    "eps": 0.0887,
    "epsdiluted": 0.0877,
    "weightedAverageShsOut": 270510165,
    "weightedAverageShsOutDil": 273780405,
    "link": "https://www.sec.gov/Archives/edgar/data/1070750/000092838502002602/0000928385-02-002602-index.htm",
    "finalLink": "https://www.sec.gov/Archives/edgar/data/1070750/000092838502002602/d10q.txt"
  },
  {
    "date": "2002-03-22",
    "symbol": "HST",
    "reportedCurrency": "USD",
    "cik": "0001070750",
    "fillingDate": "2002-05-06",
    "acceptedDate": "2002-05-06 17:24:35",
    "calendarYear": "2002",
    "period": "Q1",
    "revenue": 790000000,
    "costOfRevenue": 0,
    "grossProfit": 790000000,
    "grossProfitRatio": 1,
    "researchAndDevelopmentExpenses": 0,
    "generalAndAdministrativeExpenses": 36000000,
    "sellingAndMarketingExpenses": 0,
    "sellingGeneralAndAdministrativeExpenses": 36000000,
    "otherExpenses": 642000000,
    "operatingExpenses": 681000000,
    "costAndExpenses": 681000000,
    "interestIncome": 0,
    "interestExpense": 0,
    "depreciationAndAmortization": 84000000,
    "ebitda": 208000000,
    "ebitdaratio": 0.2632911392,
    "operatingIncome": 109000000,
    "operatingIncomeRatio": 0.1379746835,
    "totalOtherIncomeExpensesNet": -117000000,
    "incomeBeforeTax": -8000000,
    "incomeBeforeTaxRatio": -0.0101265823,
    "incomeTaxExpense": 4000000,
    "netIncome": 1000000,
    "netIncomeRatio": 0.0012658228,
    "eps": 0.0037,
    "epsdiluted": 0.0034,
    "weightedAverageShsOut": 269283825,
    "weightedAverageShsOutDil": 291255750,
    "link": "https://www.sec.gov/Archives/edgar/data/1070750/000092838502001849/0000928385-02-001849-index.htm",
    "finalLink": "https://www.sec.gov/Archives/edgar/data/1070750/000092838502001849/d10q.txt"
  },
  {
    "date": "2001-12-31",
    "symbol": "HST",
    "reportedCurrency": "USD",
    "cik": "0001070750",
    "fillingDate": "2002-03-29",
    "acceptedDate": "2002-03-29 00:00:00",
    "calendarYear": "2001",
    "period": "Q4",
    "revenue": 1017000000,
    "costOfRevenue": 0,
    "grossProfit": 1017000000,
    "grossProfitRatio": 1,
    "researchAndDevelopmentExpenses": 0,
    "generalAndAdministrativeExpenses": 153000000,
    "sellingAndMarketingExpenses": 0,
    "sellingGeneralAndAdministrativeExpenses": 153000000,
    "otherExpenses": 3972000000,
    "operatingExpenses": 4125000000,
    "costAndExpenses": 5509000000,
    "interestIncome": 0,
    "interestExpense": 0,
    "depreciationAndAmortization": 112000000,
    "ebitda": -4380000000,
    "ebitdaratio": -4.3067846608,
    "operatingIncome": -4492000000,
    "operatingIncomeRatio": -4.4169124877,
    "totalOtherIncomeExpensesNet": 4463000000,
    "incomeBeforeTax": -29000000,
    "incomeBeforeTaxRatio": -0.0285152409,
    "incomeTaxExpense": -7000000,
    "netIncome": -23000000,
    "netIncomeRatio": -0.0226155359,
    "eps": -0.0854,
    "epsdiluted": -0.0854,
    "weightedAverageShsOut": 269300000,
    "weightedAverageShsOutDil": 269300000,
    "link": "https://www.sec.gov/Archives/edgar/data/1070750/000092838502001193/0000928385-02-001193-index.htm",
    "finalLink": "https://www.sec.gov/Archives/edgar/data/1070750/000092838502001193/d10k.txt"
  },
  {
    "date": "2001-09-07",
    "symbol": "HST",
    "reportedCurrency": "USD",
    "cik": "0001070750",
    "fillingDate": "2001-10-22",
    "acceptedDate": "2001-10-22 00:00:00",
    "calendarYear": "2001",
    "period": "Q3",
    "revenue": 856000000,
    "costOfRevenue": 0,
    "grossProfit": 856000000,
    "grossProfitRatio": 1,
    "researchAndDevelopmentExpenses": 0,
    "generalAndAdministrativeExpenses": 7000000,
    "sellingAndMarketingExpenses": 0,
    "sellingGeneralAndAdministrativeExpenses": 7000000,
    "otherExpenses": 744000000,
    "operatingExpenses": -751000000,
    "costAndExpenses": -751000000,
    "interestIncome": 0,
    "interestExpense": 0,
    "depreciationAndAmortization": 87000000,
    "ebitda": 1696000000,
    "ebitdaratio": 1.9813084112,
    "operatingIncome": 1607000000,
    "operatingIncomeRatio": 1.8773364486,
    "totalOtherIncomeExpensesNet": -1613000000,
    "incomeBeforeTax": -6000000,
    "incomeBeforeTaxRatio": -0.0070093458,
    "incomeTaxExpense": 0,
    "netIncome": -7000000,
    "netIncomeRatio": -0.0081775701,
    "eps": -0.0261,
    "epsdiluted": -0.0241,
    "weightedAverageShsOut": 268261875,
    "weightedAverageShsOutDil": 290846970,
    "link": "https://www.sec.gov/Archives/edgar/data/1070750/000092838501502159/0000928385-01-502159-index.htm",
    "finalLink": "https://www.sec.gov/Archives/edgar/data/1070750/000092838501502159/d10q.txt"
  },
  {
    "date": "2001-06-15",
    "symbol": "HST",
    "reportedCurrency": "USD",
    "cik": "0001070750",
    "fillingDate": "2001-07-30",
    "acceptedDate": "2001-07-30 00:00:00",
    "calendarYear": "2001",
    "period": "Q2",
    "revenue": 1002000000,
    "costOfRevenue": 0,
    "grossProfit": 1002000000,
    "grossProfitRatio": 1,
    "researchAndDevelopmentExpenses": 0,
    "generalAndAdministrativeExpenses": 9000000,
    "sellingAndMarketingExpenses": 0,
    "sellingGeneralAndAdministrativeExpenses": 9000000,
    "otherExpenses": 814000000,
    "operatingExpenses": -817000000,
    "costAndExpenses": -817000000,
    "interestIncome": 0,
    "interestExpense": 0,
    "depreciationAndAmortization": 102000000,
    "ebitda": 1921000000,
    "ebitdaratio": 1.9171656687,
    "operatingIncome": 1819000000,
    "operatingIncomeRatio": 1.8153692615,
    "totalOtherIncomeExpensesNet": -1757000000,
    "incomeBeforeTax": 61000000,
    "incomeBeforeTaxRatio": 0.0608782435,
    "incomeTaxExpense": 12000000,
    "netIncome": 40000000,
    "netIncomeRatio": 0.0399201597,
    "eps": 0.17,
    "epsdiluted": 0.16,
    "weightedAverageShsOut": 246289950,
    "weightedAverageShsOutDil": 304030125,
    "link": "https://www.sec.gov/Archives/edgar/data/1070750/000092838501501304/0000928385-01-501304-index.htm",
    "finalLink": "https://www.sec.gov/Archives/edgar/data/1070750/000092838501501304/d10q.txt"
  },
  {
    "date": "2001-03-23",
    "symbol": "HST",
    "reportedCurrency": "USD",
    "cik": "0001070750",
    "fillingDate": "2001-05-07",
    "acceptedDate": "2001-05-07 00:00:00",
    "calendarYear": "2001",
    "period": "Q1",
    "revenue": 872000000,
    "costOfRevenue": 0,
    "grossProfit": 872000000,
    "grossProfitRatio": 1,
    "researchAndDevelopmentExpenses": 0,
    "generalAndAdministrativeExpenses": 8000000,
    "sellingAndMarketingExpenses": 0,
    "sellingGeneralAndAdministrativeExpenses": 8000000,
    "otherExpenses": 716000000,
    "operatingExpenses": 710000000,
    "costAndExpenses": 710000000,
    "interestIncome": 0,
    "interestExpense": 0,
    "depreciationAndAmortization": 77000000,
    "ebitda": 239000000,
    "ebitdaratio": 0.2740825688,
    "operatingIncome": 162000000,
    "operatingIncomeRatio": 0.1857798165,
    "totalOtherIncomeExpensesNet": -127000000,
    "incomeBeforeTax": 35000000,
    "incomeBeforeTaxRatio": 0.0401376147,
    "incomeTaxExpense": 3000000,
    "netIncome": 27000000,
    "netIncomeRatio": 0.0309633028,
    "eps": 0.12,
    "epsdiluted": 0.12,
    "weightedAverageShsOut": 229938750,
    "weightedAverageShsOutDil": 229938750,
    "link": "https://www.sec.gov/Archives/edgar/data/1070750/000092838501500701/0000928385-01-500701-index.htm",
    "finalLink": "https://www.sec.gov/Archives/edgar/data/1070750/000092838501500701/d10q.txt"
  },
  {
    "date": "2000-12-31",
    "symbol": "HST",
    "reportedCurrency": "USD",
    "cik": "0001070750",
    "fillingDate": "2001-04-02",
    "acceptedDate": "2001-04-02 00:00:00",
    "calendarYear": "2000",
    "period": "Q4",
    "revenue": 850000000,
    "costOfRevenue": 0,
    "grossProfit": 850000000,
    "grossProfitRatio": 1,
    "researchAndDevelopmentExpenses": 0,
    "generalAndAdministrativeExpenses": 5000000,
    "sellingAndMarketingExpenses": 0,
    "sellingGeneralAndAdministrativeExpenses": 5000000,
    "otherExpenses": 1420000000,
    "operatingExpenses": 1425000000,
    "costAndExpenses": 1425000000,
    "interestIncome": 0,
    "interestExpense": 0,
    "depreciationAndAmortization": 107000000,
    "ebitda": -468000000,
    "ebitdaratio": -0.5505882353,
    "operatingIncome": -575000000,
    "operatingIncomeRatio": -0.6764705882,
    "totalOtherIncomeExpensesNet": 753000000,
    "incomeBeforeTax": 178000000,
    "incomeBeforeTaxRatio": 0.2094117647,
    "incomeTaxExpense": -105000000,
    "netIncome": 275000000,
    "netIncomeRatio": 0.3235294118,
    "eps": 0.95,
    "epsdiluted": 0.95,
    "weightedAverageShsOut": 295400000,
    "weightedAverageShsOutDil": 295400000,
    "link": "https://www.sec.gov/Archives/edgar/data/1070750/000092838501000958/0000928385-01-000958-index.htm",
    "finalLink": "https://www.sec.gov/Archives/edgar/data/1070750/000092838501000958/0000928385-01-000958-0001.txt"
  },
  {
    "date": "2000-09-08",
    "symbol": "HST",
    "reportedCurrency": "USD",
    "cik": "0001070750",
    "fillingDate": "2000-10-23",
    "acceptedDate": "2000-10-23 00:00:00",
    "calendarYear": "2000",
    "period": "Q3",
    "revenue": 239000000,
    "costOfRevenue": 0,
    "grossProfit": 239000000,
    "grossProfitRatio": 1,
    "researchAndDevelopmentExpenses": 0,
    "generalAndAdministrativeExpenses": 7000000,
    "sellingAndMarketingExpenses": 0,
    "sellingGeneralAndAdministrativeExpenses": 7000000,
    "otherExpenses": 141000000,
    "operatingExpenses": -149000000,
    "costAndExpenses": -149000000,
    "interestIncome": 0,
    "interestExpense": 0,
    "depreciationAndAmortization": 75000000,
    "ebitda": 463000000,
    "ebitdaratio": 1.9372384937,
    "operatingIncome": 388000000,
    "operatingIncomeRatio": 1.6234309623,
    "totalOtherIncomeExpensesNet": -401000000,
    "incomeBeforeTax": -13000000,
    "incomeBeforeTaxRatio": -0.0543933054,
    "incomeTaxExpense": 4000000,
    "netIncome": -17000000,
    "netIncomeRatio": -0.0711297071,
    "eps": -0.0754,
    "epsdiluted": -0.0585,
    "weightedAverageShsOut": 225339975,
    "weightedAverageShsOutDil": 290642580,
    "link": "https://www.sec.gov/Archives/edgar/data/1070750/000092838500002854/0000928385-00-002854-index.htm",
    "finalLink": "https://www.sec.gov/Archives/edgar/data/1070750/000092838500002854/0000928385-00-002854-0001.txt"
  },
  {
    "date": "2000-06-16",
    "symbol": "HST",
    "reportedCurrency": "USD",
    "cik": "0001070750",
    "fillingDate": "2000-07-25",
    "acceptedDate": "2000-07-25 00:00:00",
    "calendarYear": "2000",
    "period": "Q2",
    "revenue": 199000000,
    "costOfRevenue": 0,
    "grossProfit": 199000000,
    "grossProfitRatio": 1,
    "researchAndDevelopmentExpenses": 0,
    "generalAndAdministrativeExpenses": 10000000,
    "sellingAndMarketingExpenses": 0,
    "sellingGeneralAndAdministrativeExpenses": 10000000,
    "otherExpenses": 144000000,
    "operatingExpenses": 150000000,
    "costAndExpenses": 150000000,
    "interestIncome": 0,
    "interestExpense": 0,
    "depreciationAndAmortization": 75000000,
    "ebitda": 124000000,
    "ebitdaratio": 0.6231155779,
    "operatingIncome": 49000000,
    "operatingIncomeRatio": 0.2462311558,
    "totalOtherIncomeExpensesNet": -97000000,
    "incomeBeforeTax": -48000000,
    "incomeBeforeTaxRatio": -0.2412060302,
    "incomeTaxExpense": 2000000,
    "netIncome": -53000000,
    "netIncomeRatio": -0.2663316583,
    "eps": -0.23,
    "epsdiluted": -0.23,
    "weightedAverageShsOut": 227973462,
    "weightedAverageShsOutDil": 227973462,
    "link": "https://www.sec.gov/Archives/edgar/data/1070750/000092838500001997/0000928385-00-001997-index.htm",
    "finalLink": "https://www.sec.gov/Archives/edgar/data/1070750/000092838500001997/0000928385-00-001997-0001.txt"
  },
  {
    "date": "2000-03-24",
    "symbol": "HST",
    "reportedCurrency": "USD",
    "cik": "0001070750",
    "fillingDate": "2000-05-08",
    "acceptedDate": "2000-05-08 00:00:00",
    "calendarYear": "2000",
    "period": "Q1",
    "revenue": 185000000,
    "costOfRevenue": 0,
    "grossProfit": 185000000,
    "grossProfitRatio": 1,
    "researchAndDevelopmentExpenses": 0,
    "generalAndAdministrativeExpenses": 10000000,
    "sellingAndMarketingExpenses": 0,
    "sellingGeneralAndAdministrativeExpenses": 10000000,
    "otherExpenses": 139000000,
    "operatingExpenses": 145000000,
    "costAndExpenses": 145000000,
    "interestIncome": 0,
    "interestExpense": 0,
    "depreciationAndAmortization": 74000000,
    "ebitda": 114000000,
    "ebitdaratio": 0.6162162162,
    "operatingIncome": 40000000,
    "operatingIncomeRatio": 0.2162162162,
    "totalOtherIncomeExpensesNet": -99000000,
    "incomeBeforeTax": -56000000,
    "incomeBeforeTaxRatio": -0.3027027027,
    "incomeTaxExpense": 1000000,
    "netIncome": -57000000,
    "netIncomeRatio": -0.3081081081,
    "eps": -0.25,
    "epsdiluted": -0.25,
    "weightedAverageShsOut": 224624610,
    "weightedAverageShsOutDil": 224624610,
    "link": "https://www.sec.gov/Archives/edgar/data/1070750/000092838500001450/0000928385-00-001450-index.html",
    "finalLink": "https://www.sec.gov/Archives/edgar/data/1070750/000092838500001450/"
  },
  {
    "date": "1999-12-31",
    "symbol": "HST",
    "reportedCurrency": "USD",
    "cik": "0001070750",
    "fillingDate": "2000-03-16",
    "acceptedDate": "2000-03-16 00:00:00",
    "calendarYear": "1999",
    "period": "Q4",
    "revenue": 439000000,
    "costOfRevenue": 0,
    "grossProfit": 439000000,
    "grossProfitRatio": 1,
    "researchAndDevelopmentExpenses": 0,
    "generalAndAdministrativeExpenses": 15000000,
    "sellingAndMarketingExpenses": 0,
    "sellingGeneralAndAdministrativeExpenses": 15000000,
    "otherExpenses": 1144000000,
    "operatingExpenses": 1159000000,
    "costAndExpenses": 1159000000,
    "interestIncome": 0,
    "interestExpense": 0,
    "depreciationAndAmortization": 90000000,
    "ebitda": -630000000,
    "ebitdaratio": -1.4350797267,
    "operatingIncome": -720000000,
    "operatingIncomeRatio": -1.6400911162,
    "totalOtherIncomeExpensesNet": 720000000,
    "incomeBeforeTax": 0,
    "incomeBeforeTaxRatio": 0,
    "incomeTaxExpense": -761000000,
    "netIncome": 52000000,
    "netIncomeRatio": 0.1184510251,
    "eps": 0.25,
    "epsdiluted": 0.25,
    "weightedAverageShsOut": 224900000,
    "weightedAverageShsOutDil": 224900000,
    "link": "https://www.sec.gov/Archives/edgar/data/1070750/000095010900000975/0000950109-00-000975-index.html",
    "finalLink": "https://www.sec.gov/Archives/edgar/data/1070750/000095010900000975/"
  },
  {
    "date": "1999-09-10",
    "symbol": "HST",
    "reportedCurrency": "USD",
    "cik": "0001070750",
    "fillingDate": "2000-02-18",
    "acceptedDate": "2000-02-18 00:00:00",
    "calendarYear": "1999",
    "period": "Q3",
    "revenue": 289000000,
    "costOfRevenue": 0,
    "grossProfit": 289000000,
    "grossProfitRatio": 1,
    "researchAndDevelopmentExpenses": 0,
    "generalAndAdministrativeExpenses": 6000000,
    "sellingAndMarketingExpenses": 0,
    "sellingGeneralAndAdministrativeExpenses": 6000000,
    "otherExpenses": 129000000,
    "operatingExpenses": -130000000,
    "costAndExpenses": -130000000,
    "interestIncome": 0,
    "interestExpense": 0,
    "depreciationAndAmortization": 68000000,
    "ebitda": 487000000,
    "ebitdaratio": 1.6851211073,
    "operatingIncome": 419000000,
    "operatingIncomeRatio": 1.4498269896,
    "totalOtherIncomeExpensesNet": -373000000,
    "incomeBeforeTax": -31000000,
    "incomeBeforeTaxRatio": -0.107266436,
    "incomeTaxExpense": 1000000,
    "netIncome": 35000000,
    "netIncomeRatio": 0.1211072664,
    "eps": 0.15,
    "epsdiluted": 0.15,
    "weightedAverageShsOut": 227973462,
    "weightedAverageShsOutDil": 227973462,
    "link": "https://www.sec.gov/Archives/edgar/data/1070750/000095010900000519/0000950109-00-000519-index.html",
    "finalLink": "https://www.sec.gov/Archives/edgar/data/1070750/000095010900000519/"
  },
  {
    "date": "1999-06-18",
    "symbol": "HST",
    "reportedCurrency": "USD",
    "cik": "0001070750",
    "fillingDate": "2000-02-18",
    "acceptedDate": "2000-02-18 00:00:00",
    "calendarYear": "1999",
    "period": "Q2",
    "revenue": 341000000,
    "costOfRevenue": 0,
    "grossProfit": 341000000,
    "grossProfitRatio": 1,
    "researchAndDevelopmentExpenses": 0,
    "generalAndAdministrativeExpenses": 8000000,
    "sellingAndMarketingExpenses": 0,
    "sellingGeneralAndAdministrativeExpenses": 8000000,
    "otherExpenses": 134000000,
    "operatingExpenses": -135000000,
    "costAndExpenses": -135000000,
    "interestIncome": 0,
    "interestExpense": 0,
    "depreciationAndAmortization": 67000000,
    "ebitda": 543000000,
    "ebitdaratio": 1.5923753666,
    "operatingIncome": 476000000,
    "operatingIncomeRatio": 1.3958944282,
    "totalOtherIncomeExpensesNet": -476000000,
    "incomeBeforeTax": -43000000,
    "incomeBeforeTaxRatio": -0.1260997067,
    "incomeTaxExpense": 1000000,
    "netIncome": 74000000,
    "netIncomeRatio": 0.2170087977,
    "eps": 0.31,
    "epsdiluted": 0.3,
    "weightedAverageShsOut": 236325938,
    "weightedAverageShsOutDil": 243949355,
    "link": "https://www.sec.gov/Archives/edgar/data/1070750/000095010900000520/0000950109-00-000520-index.html",
    "finalLink": "https://www.sec.gov/Archives/edgar/data/1070750/000095010900000520/"
  },
  {
    "date": "1999-03-26",
    "symbol": "HST",
    "reportedCurrency": "USD",
    "cik": "0001070750",
    "fillingDate": "2000-02-18",
    "acceptedDate": "2000-02-18 00:00:00",
    "calendarYear": "1999",
    "period": "Q1",
    "revenue": 307000000,
    "costOfRevenue": 0,
    "grossProfit": 307000000,
    "grossProfitRatio": 1,
    "researchAndDevelopmentExpenses": 0,
    "generalAndAdministrativeExpenses": 8000000,
    "sellingAndMarketingExpenses": 0,
    "sellingGeneralAndAdministrativeExpenses": 8000000,
    "otherExpenses": 127000000,
    "operatingExpenses": -128000000,
    "costAndExpenses": -128000000,
    "interestIncome": 0,
    "interestExpense": 0,
    "depreciationAndAmortization": 68000000,
    "ebitda": 503000000,
    "ebitdaratio": 1.6384364821,
    "operatingIncome": 435000000,
    "operatingIncomeRatio": 1.4169381107,
    "totalOtherIncomeExpensesNet": -435000000,
    "incomeBeforeTax": -43000000,
    "incomeBeforeTaxRatio": -0.1400651466,
    "incomeTaxExpense": 1000000,
    "netIncome": 45000000,
    "netIncomeRatio": 0.1465798046,
    "eps": 0.2,
    "epsdiluted": 0.19,
    "weightedAverageShsOut": 229938750,
    "weightedAverageShsOutDil": 242040789,
    "link": "https://www.sec.gov/Archives/edgar/data/1070750/000095010900000515/0000950109-00-000515-index.html",
    "finalLink": "https://www.sec.gov/Archives/edgar/data/1070750/000095010900000515/"
  },
  {
    "date": "1998-12-31",
    "symbol": "HST",
    "reportedCurrency": "USD",
    "cik": "0001070750",
    "fillingDate": "1999-03-26",
    "acceptedDate": "1999-03-26 00:00:00",
    "calendarYear": "1998",
    "period": "Q4",
    "revenue": 2473000000,
    "costOfRevenue": 892000000,
    "grossProfit": 1581000000,
    "grossProfitRatio": 0.6393044885,
    "researchAndDevelopmentExpenses": 0,
    "generalAndAdministrativeExpenses": 0,
    "sellingAndMarketingExpenses": 0,
    "sellingGeneralAndAdministrativeExpenses": 17000000,
    "otherExpenses": 1405000000,
    "operatingExpenses": 1422000000,
    "costAndExpenses": 2314000000,
    "interestIncome": 0,
    "interestExpense": 0,
    "depreciationAndAmortization": 427000000,
    "ebitda": 586000000,
    "ebitdaratio": 0.2369591589,
    "operatingIncome": 159000000,
    "operatingIncomeRatio": 0.0642943793,
    "totalOtherIncomeExpensesNet": -160000000,
    "incomeBeforeTax": -1000000,
    "incomeBeforeTaxRatio": -0.0004043672,
    "incomeTaxExpense": -95000000,
    "netIncome": 95000000,
    "netIncomeRatio": 0.0384148807,
    "eps": 0.46,
    "epsdiluted": 0.46,
    "weightedAverageShsOut": 207268732,
    "weightedAverageShsOutDil": 207268732,
    "link": "https://www.sec.gov/Archives/edgar/data/1070750/000095010999001064/0000950109-99-001064-index.html",
    "finalLink": "https://www.sec.gov/Archives/edgar/data/1070750/"
  },
  {
    "date": "1998-09-30",
    "symbol": "HST",
    "reportedCurrency": "USD",
    "cik": "0001070750",
    "fillingDate": "1998-09-30",
    "acceptedDate": "1998-09-30 00:00:00",
    "calendarYear": "1998",
    "period": "Q3",
    "revenue": 293000000,
    "costOfRevenue": 115000000,
    "grossProfit": 178000000,
    "grossProfitRatio": 0.6075085324,
    "researchAndDevelopmentExpenses": 0,
    "generalAndAdministrativeExpenses": 0,
    "sellingAndMarketingExpenses": 0,
    "sellingGeneralAndAdministrativeExpenses": 12000000,
    "otherExpenses": 59000000,
    "operatingExpenses": 71000000,
    "costAndExpenses": 186000000,
    "interestIncome": 0,
    "interestExpense": 0,
    "depreciationAndAmortization": -59000000,
    "ebitda": 163000000,
    "ebitdaratio": 0.5563139932,
    "operatingIncome": 107000000,
    "operatingIncomeRatio": 0.3651877133,
    "totalOtherIncomeExpensesNet": -95000000,
    "incomeBeforeTax": 12000000,
    "incomeBeforeTaxRatio": 0.0409556314,
    "incomeTaxExpense": 8000000,
    "netIncome": -144000000,
    "netIncomeRatio": -0.4914675768,
    "eps": -0.69,
    "epsdiluted": -0.68,
    "weightedAverageShsOut": 207268732,
    "weightedAverageShsOutDil": 213276522,
    "link": null,
    "finalLink": null
  },
  {
    "date": "1998-06-30",
    "symbol": "HST",
    "reportedCurrency": "USD",
    "cik": "0001070750",
    "fillingDate": "1998-06-30",
    "acceptedDate": "1998-06-30 00:00:00",
    "calendarYear": "1998",
    "period": "Q2",
    "revenue": 402000000,
    "costOfRevenue": 119000000,
    "grossProfit": 283000000,
    "grossProfitRatio": 0.7039800995,
    "researchAndDevelopmentExpenses": 0,
    "generalAndAdministrativeExpenses": 0,
    "sellingAndMarketingExpenses": 0,
    "sellingGeneralAndAdministrativeExpenses": 9000000,
    "otherExpenses": 67000000,
    "operatingExpenses": 76000000,
    "costAndExpenses": 195000000,
    "interestIncome": 0,
    "interestExpense": 0,
    "depreciationAndAmortization": -67000000,
    "ebitda": 269000000,
    "ebitdaratio": 0.6691542289,
    "operatingIncome": 207000000,
    "operatingIncomeRatio": 0.5149253731,
    "totalOtherIncomeExpensesNet": -96000000,
    "incomeBeforeTax": 111000000,
    "incomeBeforeTaxRatio": 0.276119403,
    "incomeTaxExpense": 45000000,
    "netIncome": 66000000,
    "netIncomeRatio": 0.1641791045,
    "eps": 0.31,
    "epsdiluted": 0.29,
    "weightedAverageShsOut": 210777188,
    "weightedAverageShsOutDil": 224829000,
    "link": null,
    "finalLink": null
  },
  {
    "date": "1998-03-31",
    "symbol": "HST",
    "reportedCurrency": "USD",
    "cik": "0001070750",
    "fillingDate": "1998-03-31",
    "acceptedDate": "1998-03-31 00:00:00",
    "calendarYear": "1998",
    "period": "Q1",
    "revenue": 345000000,
    "costOfRevenue": 129000000,
    "grossProfit": 216000000,
    "grossProfitRatio": 0.6260869565,
    "researchAndDevelopmentExpenses": 0,
    "generalAndAdministrativeExpenses": 0,
    "sellingAndMarketingExpenses": 0,
    "sellingGeneralAndAdministrativeExpenses": 12000000,
    "otherExpenses": 58000000,
    "operatingExpenses": 70000000,
    "costAndExpenses": 199000000,
    "interestIncome": 0,
    "interestExpense": 0,
    "depreciationAndAmortization": -58000000,
    "ebitda": 190000000,
    "ebitdaratio": 0.5507246377,
    "operatingIncome": 146000000,
    "operatingIncomeRatio": 0.4231884058,
    "totalOtherIncomeExpensesNet": -94000000,
    "incomeBeforeTax": 52000000,
    "incomeBeforeTaxRatio": 0.1507246377,
    "incomeTaxExpense": 22000000,
    "netIncome": 30000000,
    "netIncomeRatio": 0.0869565217,
    "eps": 0.15,
    "epsdiluted": 0.14,
    "weightedAverageShsOut": 204390000,
    "weightedAverageShsOutDil": 218989286,
    "link": null,
    "finalLink": null
  },
  {
    "date": "1997-12-31",
    "symbol": "HST",
    "reportedCurrency": "USD",
    "cik": "0001070750",
    "fillingDate": "1997-12-31",
    "acceptedDate": "1997-12-31 00:00:00",
    "calendarYear": "1997",
    "period": "Q4",
    "revenue": 379000000,
    "costOfRevenue": 156000000,
    "grossProfit": 223000000,
    "grossProfitRatio": 0.5883905013,
    "researchAndDevelopmentExpenses": 0,
    "generalAndAdministrativeExpenses": 0,
    "sellingAndMarketingExpenses": 0,
    "sellingGeneralAndAdministrativeExpenses": 20000000,
    "otherExpenses": 78000000,
    "operatingExpenses": 98000000,
    "costAndExpenses": 254000000,
    "interestIncome": 0,
    "interestExpense": 0,
    "depreciationAndAmortization": -78000000,
    "ebitda": 199000000,
    "ebitdaratio": 0.5250659631,
    "operatingIncome": 125000000,
    "operatingIncomeRatio": 0.3298153034,
    "totalOtherIncomeExpensesNet": -108000000,
    "incomeBeforeTax": 17000000,
    "incomeBeforeTaxRatio": 0.0448548813,
    "incomeTaxExpense": 8000000,
    "netIncome": 7000000,
    "netIncomeRatio": 0.018469657,
    "eps": 0.0342,
    "epsdiluted": 0.0342,
    "weightedAverageShsOut": 204390000,
    "weightedAverageShsOutDil": 204390000,
    "link": null,
    "finalLink": null
  },
  {
    "date": "1997-09-30",
    "symbol": "HST",
    "reportedCurrency": "USD",
    "cik": "0001070750",
    "fillingDate": "1997-09-30",
    "acceptedDate": "1997-09-30 00:00:00",
    "calendarYear": "1997",
    "period": "Q3",
    "revenue": 246000000,
    "costOfRevenue": 101000000,
    "grossProfit": 145000000,
    "grossProfitRatio": 0.5894308943,
    "researchAndDevelopmentExpenses": 0,
    "generalAndAdministrativeExpenses": 0,
    "sellingAndMarketingExpenses": 0,
    "sellingGeneralAndAdministrativeExpenses": 9000000,
    "otherExpenses": 56000000,
    "operatingExpenses": 65000000,
    "costAndExpenses": 166000000,
    "interestIncome": 0,
    "interestExpense": 0,
    "depreciationAndAmortization": -56000000,
    "ebitda": 130000000,
    "ebitdaratio": 0.5284552846,
    "operatingIncome": 80000000,
    "operatingIncomeRatio": 0.325203252,
    "totalOtherIncomeExpensesNet": -70000000,
    "incomeBeforeTax": 10000000,
    "incomeBeforeTaxRatio": 0.0406504065,
    "incomeTaxExpense": 4000000,
    "netIncome": 6000000,
    "netIncomeRatio": 0.0243902439,
    "eps": 0.0294,
    "epsdiluted": 0.0294,
    "weightedAverageShsOut": 204390000,
    "weightedAverageShsOutDil": 204390000,
    "link": null,
    "finalLink": null
  },
  {
    "date": "1997-06-30",
    "symbol": "HST",
    "reportedCurrency": "USD",
    "cik": "0001070750",
    "fillingDate": "1997-06-30",
    "acceptedDate": "1997-06-30 00:00:00",
    "calendarYear": "1997",
    "period": "Q2",
    "revenue": 270000000,
    "costOfRevenue": 95000000,
    "grossProfit": 175000000,
    "grossProfitRatio": 0.6481481481,
    "researchAndDevelopmentExpenses": 0,
    "generalAndAdministrativeExpenses": 0,
    "sellingAndMarketingExpenses": 0,
    "sellingGeneralAndAdministrativeExpenses": 9000000,
    "otherExpenses": 51000000,
    "operatingExpenses": 60000000,
    "costAndExpenses": 155000000,
    "interestIncome": 0,
    "interestExpense": 0,
    "depreciationAndAmortization": -51000000,
    "ebitda": 164000000,
    "ebitdaratio": 0.6074074074,
    "operatingIncome": 115000000,
    "operatingIncomeRatio": 0.4259259259,
    "totalOtherIncomeExpensesNet": -70000000,
    "incomeBeforeTax": 45000000,
    "incomeBeforeTaxRatio": 0.1666666667,
    "incomeTaxExpense": 19000000,
    "netIncome": 26000000,
    "netIncomeRatio": 0.0962962963,
    "eps": 0.13,
    "epsdiluted": 0.13,
    "weightedAverageShsOut": 204390000,
    "weightedAverageShsOutDil": 204390000,
    "link": null,
    "finalLink": null
  },
  {
    "date": "1997-03-31",
    "symbol": "HST",
    "reportedCurrency": "USD",
    "cik": "0001070750",
    "fillingDate": "1997-03-31",
    "acceptedDate": "1997-03-31 00:00:00",
    "calendarYear": "1997",
    "period": "Q1",
    "revenue": 252000000,
    "costOfRevenue": 110000000,
    "grossProfit": 142000000,
    "grossProfitRatio": 0.5634920635,
    "researchAndDevelopmentExpenses": 0,
    "generalAndAdministrativeExpenses": 0,
    "sellingAndMarketingExpenses": 0,
    "sellingGeneralAndAdministrativeExpenses": 9000000,
    "otherExpenses": 51000000,
    "operatingExpenses": 60000000,
    "costAndExpenses": 170000000,
    "interestIncome": 0,
    "interestExpense": 0,
    "depreciationAndAmortization": -51000000,
    "ebitda": 130000000,
    "ebitdaratio": 0.5158730159,
    "operatingIncome": 82000000,
    "operatingIncomeRatio": 0.3253968254,
    "totalOtherIncomeExpensesNet": -71000000,
    "incomeBeforeTax": 11000000,
    "incomeBeforeTaxRatio": 0.0436507937,
    "incomeTaxExpense": 5000000,
    "netIncome": 11000000,
    "netIncomeRatio": 0.0436507937,
    "eps": 0.0489,
    "epsdiluted": 0.0489,
    "weightedAverageShsOut": 224829000,
    "weightedAverageShsOutDil": 224829000,
    "link": null,
    "finalLink": null
  },
  {
    "date": "1996-12-31",
    "symbol": "HST",
    "reportedCurrency": "USD",
    "cik": "0001070750",
    "fillingDate": "1996-12-31",
    "acceptedDate": "1996-12-31 00:00:00",
    "calendarYear": "1996",
    "period": "Q4",
    "revenue": 268000000,
    "costOfRevenue": 130000000,
    "grossProfit": 138000000,
    "grossProfitRatio": 0.5149253731,
    "researchAndDevelopmentExpenses": 0,
    "generalAndAdministrativeExpenses": 0,
    "sellingAndMarketingExpenses": 0,
    "sellingGeneralAndAdministrativeExpenses": 18000000,
    "otherExpenses": 54000000,
    "operatingExpenses": 72000000,
    "costAndExpenses": 202000000,
    "interestIncome": 0,
    "interestExpense": 0,
    "depreciationAndAmortization": -54000000,
    "ebitda": 104000000,
    "ebitdaratio": 0.3880597015,
    "operatingIncome": 66000000,
    "operatingIncomeRatio": 0.2462686567,
    "totalOtherIncomeExpensesNet": -73000000,
    "incomeBeforeTax": -7000000,
    "incomeBeforeTaxRatio": -0.026119403,
    "incomeTaxExpense": -1000000,
    "netIncome": -6000000,
    "netIncomeRatio": -0.0223880597,
    "eps": -0.0294,
    "epsdiluted": -0.0294,
    "weightedAverageShsOut": 204390000,
    "weightedAverageShsOutDil": 204390000,
    "link": null,
    "finalLink": null
  },
  {
    "date": "1996-09-30",
    "symbol": "HST",
    "reportedCurrency": "USD",
    "cik": "0001070750",
    "fillingDate": "1996-09-30",
    "acceptedDate": "1996-09-30 00:00:00",
    "calendarYear": "1996",
    "period": "Q3",
    "revenue": 167000000,
    "costOfRevenue": 77000000,
    "grossProfit": 90000000,
    "grossProfitRatio": 0.5389221557,
    "researchAndDevelopmentExpenses": 0,
    "generalAndAdministrativeExpenses": 0,
    "sellingAndMarketingExpenses": 0,
    "sellingGeneralAndAdministrativeExpenses": 8000000,
    "otherExpenses": 41000000,
    "operatingExpenses": 49000000,
    "costAndExpenses": 126000000,
    "interestIncome": 0,
    "interestExpense": 0,
    "depreciationAndAmortization": -41000000,
    "ebitda": 69000000,
    "ebitdaratio": 0.4131736527,
    "operatingIncome": 41000000,
    "operatingIncomeRatio": 0.245508982,
    "totalOtherIncomeExpensesNet": -40000000,
    "incomeBeforeTax": 1000000,
    "incomeBeforeTaxRatio": 0.005988024,
    "incomeTaxExpense": 3000000,
    "netIncome": -2000000,
    "netIncomeRatio": -0.0119760479,
    "eps": -0.0098,
    "epsdiluted": -0.0098,
    "weightedAverageShsOut": 204390000,
    "weightedAverageShsOutDil": 204390000,
    "link": null,
    "finalLink": null
  },
  {
    "date": "1996-06-30",
    "symbol": "HST",
    "reportedCurrency": "USD",
    "cik": "0001070750",
    "fillingDate": "1996-06-30",
    "acceptedDate": "1996-06-30 00:00:00",
    "calendarYear": "1996",
    "period": "Q2",
    "revenue": 167000000,
    "costOfRevenue": 72000000,
    "grossProfit": 95000000,
    "grossProfitRatio": 0.5688622754,
    "researchAndDevelopmentExpenses": 0,
    "generalAndAdministrativeExpenses": 0,
    "sellingAndMarketingExpenses": 0,
    "sellingGeneralAndAdministrativeExpenses": 8000000,
    "otherExpenses": 33000000,
    "operatingExpenses": 41000000,
    "costAndExpenses": 113000000,
    "interestIncome": 0,
    "interestExpense": 0,
    "depreciationAndAmortization": -33000000,
    "ebitda": 77000000,
    "ebitdaratio": 0.4610778443,
    "operatingIncome": 54000000,
    "operatingIncomeRatio": 0.3233532934,
    "totalOtherIncomeExpensesNet": -42000000,
    "incomeBeforeTax": 12000000,
    "incomeBeforeTaxRatio": 0.0718562874,
    "incomeTaxExpense": 5000000,
    "netIncome": 7000000,
    "netIncomeRatio": 0.0419161677,
    "eps": 0.0391,
    "epsdiluted": 0.0294,
    "weightedAverageShsOut": 178841250,
    "weightedAverageShsOutDil": 238455000,
    "link": null,
    "finalLink": null
  },
  {
    "date": "1996-03-31",
    "symbol": "HST",
    "reportedCurrency": "USD",
    "cik": "0001070750",
    "fillingDate": "1996-03-31",
    "acceptedDate": "1996-03-31 00:00:00",
    "calendarYear": "1996",
    "period": "Q1",
    "revenue": 130000000,
    "costOfRevenue": 58000000,
    "grossProfit": 72000000,
    "grossProfitRatio": 0.5538461538,
    "researchAndDevelopmentExpenses": 0,
    "generalAndAdministrativeExpenses": 0,
    "sellingAndMarketingExpenses": 0,
    "sellingGeneralAndAdministrativeExpenses": 9000000,
    "otherExpenses": 34000000,
    "operatingExpenses": 43000000,
    "costAndExpenses": 101000000,
    "interestIncome": 0,
    "interestExpense": 0,
    "depreciationAndAmortization": -34000000,
    "ebitda": 57000000,
    "ebitdaratio": 0.4384615385,
    "operatingIncome": 29000000,
    "operatingIncomeRatio": 0.2230769231,
    "totalOtherIncomeExpensesNet": -43000000,
    "incomeBeforeTax": -14000000,
    "incomeBeforeTaxRatio": -0.1076923077,
    "incomeTaxExpense": -2000000,
    "netIncome": -12000000,
    "netIncomeRatio": -0.0923076923,
    "eps": -0.0685,
    "epsdiluted": -0.0685,
    "weightedAverageShsOut": 175191429,
    "weightedAverageShsOutDil": 175191429,
    "link": null,
    "finalLink": null
  },
  {
    "date": "1995-12-31",
    "symbol": "HST",
    "reportedCurrency": "USD",
    "cik": "0001070750",
    "fillingDate": "1995-12-31",
    "acceptedDate": "1995-12-31 00:00:00",
    "calendarYear": "1995",
    "period": "Q4",
    "revenue": 166000000,
    "costOfRevenue": 172000000,
    "grossProfit": -6000000,
    "grossProfitRatio": -0.0361445783,
    "researchAndDevelopmentExpenses": 0,
    "generalAndAdministrativeExpenses": 0,
    "sellingAndMarketingExpenses": 0,
    "sellingGeneralAndAdministrativeExpenses": 10000000,
    "otherExpenses": -3000000,
    "operatingExpenses": 7000000,
    "costAndExpenses": 179000000,
    "interestIncome": 0,
    "interestExpense": 0,
    "depreciationAndAmortization": 3000000,
    "ebitda": -10000000,
    "ebitdaratio": -0.0602409639,
    "operatingIncome": -13000000,
    "operatingIncomeRatio": -0.078313253,
    "totalOtherIncomeExpensesNet": -48000000,
    "incomeBeforeTax": -61000000,
    "incomeBeforeTaxRatio": -0.3674698795,
    "incomeTaxExpense": -12000000,
    "netIncome": -94000000,
    "netIncomeRatio": -0.5662650602,
    "eps": -0.57,
    "epsdiluted": -0.55,
    "weightedAverageShsOut": 164903903,
    "weightedAverageShsOutDil": 170325000,
    "link": null,
    "finalLink": null
  },
  {
    "date": "1995-09-30",
    "symbol": "HST",
    "reportedCurrency": "USD",
    "cik": "0001070750",
    "fillingDate": "1995-09-30",
    "acceptedDate": "1995-09-30 00:00:00",
    "calendarYear": "1995",
    "period": "Q3",
    "revenue": 110000000,
    "costOfRevenue": 13000000,
    "grossProfit": 97000000,
    "grossProfitRatio": 0.8818181818,
    "researchAndDevelopmentExpenses": 0,
    "generalAndAdministrativeExpenses": 0,
    "sellingAndMarketingExpenses": 0,
    "sellingGeneralAndAdministrativeExpenses": 8000000,
    "otherExpenses": 59000000,
    "operatingExpenses": 67000000,
    "costAndExpenses": 80000000,
    "interestIncome": 0,
    "interestExpense": 0,
    "depreciationAndAmortization": -41000000,
    "ebitda": 84000000,
    "ebitdaratio": 0.7636363636,
    "operatingIncome": 30000000,
    "operatingIncomeRatio": 0.2727272727,
    "totalOtherIncomeExpensesNet": 5000000,
    "incomeBeforeTax": 35000000,
    "incomeBeforeTaxRatio": 0.3181818182,
    "incomeTaxExpense": 135000000,
    "netIncome": -5000000,
    "netIncomeRatio": -0.0454545455,
    "eps": -0.0294,
    "epsdiluted": -0.0294,
    "weightedAverageShsOut": 170325000,
    "weightedAverageShsOutDil": 170325000,
    "link": null,
    "finalLink": null
  }
]