[
  {
    "date": "2025-06-29",
    "symbol": "HSY",
    "reportedCurrency": "USD",
    "cik": "0000047111",
    "fillingDate": "2025-07-30",
    "acceptedDate": "2025-07-30 16:30:03",
    "calendarYear": "2025",
    "period": "Q2",
    "revenue": 2614718000,
    "costOfRevenue": 1818445000,
    "grossProfit": 796273000,
    "grossProfitRatio": 0.3045349441,
    "researchAndDevelopmentExpenses": 0,
    "generalAndAdministrativeExpenses": 0,
    "sellingAndMarketingExpenses": 0,
    "sellingGeneralAndAdministrativeExpenses": 603207000,
    "otherExpenses": 255000,
    "operatingExpenses": 603462000,
    "costAndExpenses": 2421907000,
    "interestIncome": 11244000,
    "interestExpense": 57279000,
    "depreciationAndAmortization": 123833000,
    "ebitda": 330224000,
    "ebitdaratio": 0.1262943078,
    "operatingIncome": 192811000,
    "operatingIncomeRatio": 0.0737406481,
    "totalOtherIncomeExpensesNet": -43699000,
    "incomeBeforeTax": 149112000,
    "incomeBeforeTaxRatio": 0.0570279472,
    "incomeTaxExpense": 86393000,
    "netIncome": 62719000,
    "netIncomeRatio": 0.023986908,
    "eps": 0.31,
    "epsdiluted": 0.31,
    "weightedAverageShsOut": 202861000,
    "weightedAverageShsOutDil": 203188000,
    "link": "https://www.sec.gov/Archives/edgar/data/47111/000004711125000112/0000047111-25-000112-index.htm",
    "finalLink": "https://www.sec.gov/Archives/edgar/data/47111/000004711125000112/hsy-20250629.htm"
  },
  {
    "date": "2025-03-30",
    "symbol": "HSY",
    "reportedCurrency": "USD",
    "cik": "0000047111",
    "fillingDate": "2025-05-01",
    "acceptedDate": "2025-05-01 16:17:23",
    "calendarYear": "2025",
    "period": "Q1",
    "revenue": 2805419000,
    "costOfRevenue": 1861152000,
    "grossProfit": 944267000,
    "grossProfitRatio": 0.3365867986,
    "researchAndDevelopmentExpenses": 0,
    "generalAndAdministrativeExpenses": 559992000,
    "sellingAndMarketingExpenses": -1320000,
    "sellingGeneralAndAdministrativeExpenses": 558672000,
    "otherExpenses": 16374000,
    "operatingExpenses": 575046000,
    "costAndExpenses": 2436198000,
    "interestIncome": 5985000,
    "interestExpense": 50607000,
    "depreciationAndAmortization": 119564000,
    "ebitda": 493825000,
    "ebitdaratio": 0.1760253994,
    "operatingIncome": 369221000,
    "operatingIncomeRatio": 0.1316099306,
    "totalOtherIncomeExpensesNet": -45567000,
    "incomeBeforeTax": 323654000,
    "incomeBeforeTaxRatio": 0.1153674371,
    "incomeTaxExpense": 99451000,
    "netIncome": 224203000,
    "netIncomeRatio": 0.0799178305,
    "eps": 1.11,
    "epsdiluted": 1.1,
    "weightedAverageShsOut": 202711000,
    "weightedAverageShsOutDil": 203141000,
    "link": "https://www.sec.gov/Archives/edgar/data/47111/000004711125000044/0000047111-25-000044-index.htm",
    "finalLink": "https://www.sec.gov/Archives/edgar/data/47111/000004711125000044/hsy-20250330.htm"
  },
  {
    "date": "2024-12-31",
    "symbol": "HSY",
    "reportedCurrency": "USD",
    "cik": "0000047111",
    "fillingDate": "2025-02-18",
    "acceptedDate": "2025-02-18 10:55:47",
    "calendarYear": "2024",
    "period": "Q4",
    "revenue": 2887540000,
    "costOfRevenue": 1329197000,
    "grossProfit": 1558343000,
    "grossProfitRatio": 0.5396784114,
    "researchAndDevelopmentExpenses": 0,
    "generalAndAdministrativeExpenses": 0,
    "sellingAndMarketingExpenses": 0,
    "sellingGeneralAndAdministrativeExpenses": 622733000,
    "otherExpenses": -3537000,
    "operatingExpenses": 619196000,
    "costAndExpenses": 1948393000,
    "interestIncome": 1694000,
    "interestExpense": 41838000,
    "depreciationAndAmortization": 123815000,
    "ebitda": 888710000,
    "ebitdaratio": 0.3077740914,
    "operatingIncome": 939147000,
    "operatingIncomeRatio": 0.3252412088,
    "totalOtherIncomeExpensesNet": -216090000,
    "incomeBeforeTax": 723057000,
    "incomeBeforeTaxRatio": 0.2504058818,
    "incomeTaxExpense": -73534000,
    "netIncome": 796591000,
    "netIncomeRatio": 0.2758718494,
    "eps": 3.93,
    "epsdiluted": 3.92,
    "weightedAverageShsOut": 202963000,
    "weightedAverageShsOutDil": 203487000,
    "link": "https://www.sec.gov/Archives/edgar/data/47111/000004711125000014/0000047111-25-000014-index.htm",
    "finalLink": "https://www.sec.gov/Archives/edgar/data/47111/000004711125000014/hsy-20241231.htm"
  },
  {
    "date": "2024-09-29",
    "symbol": "HSY",
    "reportedCurrency": "USD",
    "cik": "0000047111",
    "fillingDate": "2024-11-07",
    "acceptedDate": "2024-11-07 11:26:07",
    "calendarYear": "2024",
    "period": "Q3",
    "revenue": 2987494000,
    "costOfRevenue": 1754775000,
    "grossProfit": 1232719000,
    "grossProfitRatio": 0.4126264354,
    "researchAndDevelopmentExpenses": 0,
    "generalAndAdministrativeExpenses": 0,
    "sellingAndMarketingExpenses": 0,
    "sellingGeneralAndAdministrativeExpenses": 591920000,
    "otherExpenses": 27635000,
    "operatingExpenses": 619555000,
    "costAndExpenses": 2374330000,
    "interestIncome": 2247000,
    "interestExpense": 46563000,
    "depreciationAndAmortization": 113255000,
    "ebitda": 678565000,
    "ebitdaratio": 0.2271351842,
    "operatingIncome": 613164000,
    "operatingIncomeRatio": 0.2052435921,
    "totalOtherIncomeExpensesNet": -94417000,
    "incomeBeforeTax": 518747000,
    "incomeBeforeTaxRatio": 0.1736395119,
    "incomeTaxExpense": 72446000,
    "netIncome": 446301000,
    "netIncomeRatio": 0.1493897561,
    "eps": 2.2,
    "epsdiluted": 2.2,
    "weightedAverageShsOut": 202507000,
    "weightedAverageShsOutDil": 203030000,
    "link": "https://www.sec.gov/Archives/edgar/data/47111/000004711124000055/0000047111-24-000055-index.htm",
    "finalLink": "https://www.sec.gov/Archives/edgar/data/47111/000004711124000055/hsy-20240929.htm"
  },
  {
    "date": "2024-06-30",
    "symbol": "HSY",
    "reportedCurrency": "USD",
    "cik": "0000047111",
    "fillingDate": "2024-08-01",
    "acceptedDate": "2024-08-01 11:14:06",
    "calendarYear": "2024",
    "period": "Q2",
    "revenue": 2074480000,
    "costOfRevenue": 1240735000,
    "grossProfit": 833745000,
    "grossProfitRatio": 0.4019055378,
    "researchAndDevelopmentExpenses": 0,
    "generalAndAdministrativeExpenses": 541584000,
    "sellingAndMarketingExpenses": -597000,
    "sellingGeneralAndAdministrativeExpenses": 540987000,
    "otherExpenses": 4937000,
    "operatingExpenses": 545924000,
    "costAndExpenses": 1786659000,
    "interestIncome": 2935000,
    "interestExpense": 44308000,
    "depreciationAndAmortization": 110421000,
    "ebitda": 400603000,
    "ebitdaratio": 0.1931100806,
    "operatingIncome": 287821000,
    "operatingIncomeRatio": 0.1387436852,
    "totalOtherIncomeExpensesNet": -41947000,
    "incomeBeforeTax": 245874000,
    "incomeBeforeTaxRatio": 0.1185231962,
    "incomeTaxExpense": 64980000,
    "netIncome": 180894000,
    "netIncomeRatio": 0.0871996838,
    "eps": 0.89,
    "epsdiluted": 0.89,
    "weightedAverageShsOut": 202507000,
    "weightedAverageShsOutDil": 203007000,
    "link": "https://www.sec.gov/Archives/edgar/data/47111/000004711124000045/0000047111-24-000045-index.htm",
    "finalLink": "https://www.sec.gov/Archives/edgar/data/47111/000004711124000045/hsy-20240630.htm"
  },
  {
    "date": "2024-03-31",
    "symbol": "HSY",
    "reportedCurrency": "USD",
    "cik": "0000047111",
    "fillingDate": "2024-05-03",
    "acceptedDate": "2024-05-03 08:06:24",
    "calendarYear": "2024",
    "period": "Q1",
    "revenue": 3252749000,
    "costOfRevenue": 1576668000,
    "grossProfit": 1676081000,
    "grossProfitRatio": 0.515281382,
    "researchAndDevelopmentExpenses": 0,
    "generalAndAdministrativeExpenses": 618619000,
    "sellingAndMarketingExpenses": 0,
    "sellingGeneralAndAdministrativeExpenses": 618619000,
    "otherExpenses": -638000,
    "operatingExpenses": 617981000,
    "costAndExpenses": 2194649000,
    "interestIncome": 1786000,
    "interestExpense": 41608000,
    "depreciationAndAmortization": 107764000,
    "ebitda": 1135630000,
    "ebitdaratio": 0.3491293057,
    "operatingIncome": 1058100000,
    "operatingIncomeRatio": 0.325294082,
    "totalOtherIncomeExpensesNet": -71842000,
    "incomeBeforeTax": 986258000,
    "incomeBeforeTaxRatio": 0.3032075331,
    "incomeTaxExpense": 188805000,
    "netIncome": 797453000,
    "netIncomeRatio": 0.2451627838,
    "eps": 3.9,
    "epsdiluted": 3.89,
    "weightedAverageShsOut": 204223000,
    "weightedAverageShsOutDil": 204875000,
    "link": "https://www.sec.gov/Archives/edgar/data/47111/000004711124000023/0000047111-24-000023-index.htm",
    "finalLink": "https://www.sec.gov/Archives/edgar/data/47111/000004711124000023/hsy-20240331.htm"
  },
  {
    "date": "2023-12-31",
    "symbol": "HSY",
    "reportedCurrency": "USD",
    "cik": "0000047111",
    "fillingDate": "2024-02-20",
    "acceptedDate": "2024-02-20 09:13:52",
    "calendarYear": "2023",
    "period": "Q4",
    "revenue": 2657111000,
    "costOfRevenue": 1533969000,
    "grossProfit": 1123142000,
    "grossProfitRatio": 0.4226929172,
    "researchAndDevelopmentExpenses": 0,
    "generalAndAdministrativeExpenses": 686823000,
    "sellingAndMarketingExpenses": 0,
    "sellingGeneralAndAdministrativeExpenses": 686823000,
    "otherExpenses": -28010000,
    "operatingExpenses": 658813000,
    "costAndExpenses": 2192782000,
    "interestIncome": 2372000,
    "interestExpense": 40056000,
    "depreciationAndAmortization": 116719000,
    "ebitda": 476450000,
    "ebitdaratio": 0.1793112896,
    "operatingIncome": 464329000,
    "operatingIncomeRatio": 0.1747495682,
    "totalOtherIncomeExpensesNet": -144654000,
    "incomeBeforeTax": 319675000,
    "incomeBeforeTaxRatio": 0.1203092381,
    "incomeTaxExpense": -29367000,
    "netIncome": 349042000,
    "netIncomeRatio": 0.1313614674,
    "eps": 1.71,
    "epsdiluted": 1.7,
    "weightedAverageShsOut": 204697000,
    "weightedAverageShsOutDil": 205357000,
    "link": "https://www.sec.gov/Archives/edgar/data/47111/000004711124000009/0000047111-24-000009-index.htm",
    "finalLink": "https://www.sec.gov/Archives/edgar/data/47111/000004711124000009/hsy-20231231.htm"
  },
  {
    "date": "2023-10-01",
    "symbol": "HSY",
    "reportedCurrency": "USD",
    "cik": "0000047111",
    "fillingDate": "2023-10-26",
    "acceptedDate": "2023-10-26 13:25:34",
    "calendarYear": "2023",
    "period": "Q3",
    "revenue": 3029987000,
    "costOfRevenue": 1669734000,
    "grossProfit": 1360253000,
    "grossProfitRatio": 0.4489303089,
    "researchAndDevelopmentExpenses": 0,
    "generalAndAdministrativeExpenses": 624304000,
    "sellingAndMarketingExpenses": 0,
    "sellingGeneralAndAdministrativeExpenses": 624304000,
    "otherExpenses": 0,
    "operatingExpenses": 624304000,
    "costAndExpenses": 2294038000,
    "interestIncome": 2089000,
    "interestExpense": 41844000,
    "depreciationAndAmortization": 103309000,
    "ebitda": 798566000,
    "ebitdaratio": 0.2635542661,
    "operatingIncome": 735949000,
    "operatingIncomeRatio": 0.2428885008,
    "totalOtherIncomeExpensesNet": -82536000,
    "incomeBeforeTax": 653413000,
    "incomeBeforeTaxRatio": 0.21564878,
    "incomeTaxExpense": 134836000,
    "netIncome": 518577000,
    "netIncomeRatio": 0.1711482591,
    "eps": 2.53,
    "epsdiluted": 2.52,
    "weightedAverageShsOut": 204730000,
    "weightedAverageShsOutDil": 205488000,
    "link": "https://www.sec.gov/Archives/edgar/data/47111/000004711123000065/0000047111-23-000065-index.htm",
    "finalLink": "https://www.sec.gov/Archives/edgar/data/47111/000004711123000065/hsy-20231001.htm"
  },
  {
    "date": "2023-07-02",
    "symbol": "HSY",
    "reportedCurrency": "USD",
    "cik": "0000047111",
    "fillingDate": "2023-07-27",
    "acceptedDate": "2023-07-27 10:24:45",
    "calendarYear": "2023",
    "period": "Q2",
    "revenue": 2490280000,
    "costOfRevenue": 1358181000,
    "grossProfit": 1132099000,
    "grossProfitRatio": 0.4546071125,
    "researchAndDevelopmentExpenses": 0,
    "generalAndAdministrativeExpenses": 579465000,
    "sellingAndMarketingExpenses": 0,
    "sellingGeneralAndAdministrativeExpenses": 579465000,
    "otherExpenses": -8031000,
    "operatingExpenses": 571434000,
    "costAndExpenses": 1929615000,
    "interestIncome": 3511000,
    "interestExpense": 40172000,
    "depreciationAndAmortization": 101588000,
    "ebitda": 581280000,
    "ebitdaratio": 0.2334195352,
    "operatingIncome": 560665000,
    "operatingIncomeRatio": 0.2251413496,
    "totalOtherIncomeExpensesNet": -121145000,
    "incomeBeforeTax": 439520000,
    "incomeBeforeTaxRatio": 0.1764942095,
    "incomeTaxExpense": 32537000,
    "netIncome": 406983000,
    "netIncomeRatio": 0.1634286104,
    "eps": 1.99,
    "epsdiluted": 1.98,
    "weightedAverageShsOut": 204691000,
    "weightedAverageShsOutDil": 205533000,
    "link": "https://www.sec.gov/Archives/edgar/data/47111/000004711123000057/0000047111-23-000057-index.htm",
    "finalLink": "https://www.sec.gov/Archives/edgar/data/47111/000004711123000057/hsy-20230702.htm"
  },
  {
    "date": "2023-04-02",
    "symbol": "HSY",
    "reportedCurrency": "USD",
    "cik": "0000047111",
    "fillingDate": "2023-04-27",
    "acceptedDate": "2023-04-27 10:11:48",
    "calendarYear": "2023",
    "period": "Q1",
    "revenue": 2987614000,
    "costOfRevenue": 1605292000,
    "grossProfit": 1382322000,
    "grossProfitRatio": 0.4626842691,
    "researchAndDevelopmentExpenses": 0,
    "generalAndAdministrativeExpenses": 584798000,
    "sellingAndMarketingExpenses": 0,
    "sellingGeneralAndAdministrativeExpenses": 584798000,
    "otherExpenses": -2400000,
    "operatingExpenses": 582398000,
    "costAndExpenses": 2187690000,
    "interestIncome": 1754000,
    "interestExpense": 39439000,
    "depreciationAndAmortization": 98199000,
    "ebitda": 896894000,
    "ebitdaratio": 0.3002041094,
    "operatingIncome": 799924000,
    "operatingIncomeRatio": 0.2677467705,
    "totalOtherIncomeExpensesNet": -40668000,
    "incomeBeforeTax": 759256000,
    "incomeBeforeTaxRatio": 0.2541345703,
    "incomeTaxExpense": 172071000,
    "netIncome": 587185000,
    "netIncomeRatio": 0.1965397806,
    "eps": 2.87,
    "epsdiluted": 2.85,
    "weightedAverageShsOut": 204860000,
    "weightedAverageShsOutDil": 205837000,
    "link": "https://www.sec.gov/Archives/edgar/data/47111/000004711123000033/0000047111-23-000033-index.htm",
    "finalLink": "https://www.sec.gov/Archives/edgar/data/47111/000004711123000033/hsy-20230402.htm"
  },
  {
    "date": "2022-12-31",
    "symbol": "HSY",
    "reportedCurrency": "USD",
    "cik": "0000047111",
    "fillingDate": "2023-02-17",
    "acceptedDate": "2023-02-17 15:01:12",
    "calendarYear": "2022",
    "period": "Q4",
    "revenue": 2652338000,
    "costOfRevenue": 1507532000,
    "grossProfit": 1144806000,
    "grossProfitRatio": 0.43162146,
    "researchAndDevelopmentExpenses": 0,
    "generalAndAdministrativeExpenses": 0,
    "sellingAndMarketingExpenses": 0,
    "sellingGeneralAndAdministrativeExpenses": 616445000,
    "otherExpenses": 1715000,
    "operatingExpenses": 618160000,
    "costAndExpenses": 2125692000,
    "interestIncome": 1137000,
    "interestExpense": 36724000,
    "depreciationAndAmortization": 99877000,
    "ebitda": 499723000,
    "ebitdaratio": 0.1884084909,
    "operatingIncome": 526646000,
    "operatingIncomeRatio": 0.198559158,
    "totalOtherIncomeExpensesNet": -163524000,
    "incomeBeforeTax": 363122000,
    "incomeBeforeTaxRatio": 0.1369063822,
    "incomeTaxExpense": -33174000,
    "netIncome": 396296000,
    "netIncomeRatio": 0.1494138379,
    "eps": 1.93,
    "epsdiluted": 1.92,
    "weightedAverageShsOut": 205287000,
    "weightedAverageShsOutDil": 206291000,
    "link": "https://www.sec.gov/Archives/edgar/data/47111/000004711123000012/0000047111-23-000012-index.htm",
    "finalLink": "https://www.sec.gov/Archives/edgar/data/47111/000004711123000012/hsy-20221231.htm"
  },
  {
    "date": "2022-10-02",
    "symbol": "HSY",
    "reportedCurrency": "USD",
    "cik": "0000047111",
    "fillingDate": "2022-11-04",
    "acceptedDate": "2022-11-04 11:01:16",
    "calendarYear": "2022",
    "period": "Q3",
    "revenue": 2728153000,
    "costOfRevenue": 1619653000,
    "grossProfit": 1108500000,
    "grossProfitRatio": 0.4063188538,
    "researchAndDevelopmentExpenses": 0,
    "generalAndAdministrativeExpenses": 551880000,
    "sellingAndMarketingExpenses": 0,
    "sellingGeneralAndAdministrativeExpenses": 551880000,
    "otherExpenses": 0,
    "operatingExpenses": 551880000,
    "costAndExpenses": 2171533000,
    "interestIncome": 655000,
    "interestExpense": 36033000,
    "depreciationAndAmortization": 94200000,
    "ebitda": 603318000,
    "ebitdaratio": 0.2211452217,
    "operatingIncome": 556620000,
    "operatingIncomeRatio": 0.2040281465,
    "totalOtherIncomeExpensesNet": -83535000,
    "incomeBeforeTax": 473085000,
    "incomeBeforeTaxRatio": 0.1734085295,
    "incomeTaxExpense": 73598000,
    "netIncome": 399487000,
    "netIncomeRatio": 0.1464313035,
    "eps": 1.95,
    "epsdiluted": 1.94,
    "weightedAverageShsOut": 205283000,
    "weightedAverageShsOutDil": 206274000,
    "link": "https://www.sec.gov/Archives/edgar/data/47111/000004711122000051/0000047111-22-000051-index.htm",
    "finalLink": "https://www.sec.gov/Archives/edgar/data/47111/000004711122000051/hsy-20221002.htm"
  },
  {
    "date": "2022-07-03",
    "symbol": "HSY",
    "reportedCurrency": "USD",
    "cik": "0000047111",
    "fillingDate": "2022-07-28",
    "acceptedDate": "2022-07-28 09:57:29",
    "calendarYear": "2022",
    "period": "Q2",
    "revenue": 2372582000,
    "costOfRevenue": 1372583000,
    "grossProfit": 999999000,
    "grossProfitRatio": 0.4214813229,
    "researchAndDevelopmentExpenses": 0,
    "generalAndAdministrativeExpenses": 0,
    "sellingAndMarketingExpenses": 0,
    "sellingGeneralAndAdministrativeExpenses": 543468000,
    "otherExpenses": 0,
    "operatingExpenses": 543468000,
    "costAndExpenses": 1916051000,
    "interestIncome": 389000,
    "interestExpense": 33802000,
    "depreciationAndAmortization": 93846000,
    "ebitda": 531108000,
    "ebitdaratio": 0.2238523263,
    "operatingIncome": 456531000,
    "operatingIncomeRatio": 0.1924194822,
    "totalOtherIncomeExpensesNet": -53071000,
    "incomeBeforeTax": 403460000,
    "incomeBeforeTaxRatio": 0.1700510246,
    "incomeTaxExpense": 87904000,
    "netIncome": 315556000,
    "netIncomeRatio": 0.1330010933,
    "eps": 1.54,
    "epsdiluted": 1.53,
    "weightedAverageShsOut": 205476000,
    "weightedAverageShsOutDil": 206449000,
    "link": "https://www.sec.gov/Archives/edgar/data/47111/000004711122000045/0000047111-22-000045-index.htm",
    "finalLink": "https://www.sec.gov/Archives/edgar/data/47111/000004711122000045/hsy-20220703.htm"
  },
  {
    "date": "2022-04-03",
    "symbol": "HSY",
    "reportedCurrency": "USD",
    "cik": "0000047111",
    "fillingDate": "2022-04-28",
    "acceptedDate": "2022-04-28 11:14:08",
    "calendarYear": "2022",
    "period": "Q1",
    "revenue": 2666221000,
    "costOfRevenue": 1420741000,
    "grossProfit": 1245480000,
    "grossProfitRatio": 0.4671330696,
    "researchAndDevelopmentExpenses": 0,
    "generalAndAdministrativeExpenses": 0,
    "sellingAndMarketingExpenses": 0,
    "sellingGeneralAndAdministrativeExpenses": 524216000,
    "otherExpenses": 274000,
    "operatingExpenses": 524490000,
    "costAndExpenses": 1945231000,
    "interestIncome": 357000,
    "interestExpense": 33536000,
    "depreciationAndAmortization": 91036000,
    "ebitda": 801976000,
    "ebitdaratio": 0.3007912697,
    "operatingIncome": 720990000,
    "operatingIncomeRatio": 0.2704164433,
    "totalOtherIncomeExpensesNet": -43586000,
    "incomeBeforeTax": 677404000,
    "incomeBeforeTaxRatio": 0.2540689613,
    "incomeTaxExpense": 143926000,
    "netIncome": 533478000,
    "netIncomeRatio": 0.2000876897,
    "eps": 2.59,
    "epsdiluted": 2.57,
    "weightedAverageShsOut": 206078000,
    "weightedAverageShsOutDil": 207270000,
    "link": "https://www.sec.gov/Archives/edgar/data/47111/000004711122000030/0000047111-22-000030-index.htm",
    "finalLink": "https://www.sec.gov/Archives/edgar/data/47111/000004711122000030/hsy-20220403.htm"
  },
  {
    "date": "2021-12-31",
    "symbol": "HSY",
    "reportedCurrency": "USD",
    "cik": "0000047111",
    "fillingDate": "2022-02-18",
    "acceptedDate": "2022-02-18 16:03:10",
    "calendarYear": "2021",
    "period": "Q4",
    "revenue": 2326128000,
    "costOfRevenue": 1313261000,
    "grossProfit": 1012867000,
    "grossProfitRatio": 0.4354304664,
    "researchAndDevelopmentExpenses": 0,
    "generalAndAdministrativeExpenses": 0,
    "sellingAndMarketingExpenses": 0,
    "sellingGeneralAndAdministrativeExpenses": 552918000,
    "otherExpenses": 777000,
    "operatingExpenses": 553695000,
    "costAndExpenses": 1866956000,
    "interestIncome": 668000,
    "interestExpense": 30430000,
    "depreciationAndAmortization": 83049000,
    "ebitda": 456420000,
    "ebitdaratio": 0.1962144817,
    "operatingIncome": 459172000,
    "operatingIncomeRatio": 0.1973975637,
    "totalOtherIncomeExpensesNet": -116231000,
    "incomeBeforeTax": 342941000,
    "incomeBeforeTaxRatio": 0.1474299781,
    "incomeTaxExpense": 3150000,
    "netIncome": 335556000,
    "netIncomeRatio": 0.1442551743,
    "eps": 1.67,
    "epsdiluted": 1.62,
    "weightedAverageShsOut": 206301000,
    "weightedAverageShsOutDil": 207447000,
    "link": "https://www.sec.gov/Archives/edgar/data/47111/000004711122000017/0000047111-22-000017-index.htm",
    "finalLink": "https://www.sec.gov/Archives/edgar/data/47111/000004711122000017/hsy-20211231.htm"
  },
  {
    "date": "2021-10-03",
    "symbol": "HSY",
    "reportedCurrency": "USD",
    "cik": "0000047111",
    "fillingDate": "2021-10-28",
    "acceptedDate": "2021-10-28 16:07:12",
    "calendarYear": "2021",
    "period": "Q3",
    "revenue": 2359839000,
    "costOfRevenue": 1298504000,
    "grossProfit": 1061335000,
    "grossProfitRatio": 0.4497489024,
    "researchAndDevelopmentExpenses": 0,
    "generalAndAdministrativeExpenses": 0,
    "sellingAndMarketingExpenses": 0,
    "sellingGeneralAndAdministrativeExpenses": 486139000,
    "otherExpenses": 365000,
    "operatingExpenses": 486504000,
    "costAndExpenses": 1785008000,
    "interestIncome": 532000,
    "interestExpense": 30686000,
    "depreciationAndAmortization": 78024000,
    "ebitda": 630383000,
    "ebitdaratio": 0.2671296644,
    "operatingIncome": 574831000,
    "operatingIncomeRatio": 0.2435890754,
    "totalOtherIncomeExpensesNet": -53158000,
    "incomeBeforeTax": 521673000,
    "incomeBeforeTaxRatio": 0.2210629623,
    "incomeTaxExpense": 76746000,
    "netIncome": 444927000,
    "netIncomeRatio": 0.1885412522,
    "eps": 2.22,
    "epsdiluted": 2.14,
    "weightedAverageShsOut": 206279000,
    "weightedAverageShsOutDil": 207426000,
    "link": "https://www.sec.gov/Archives/edgar/data/47111/000004711121000055/0000047111-21-000055-index.htm",
    "finalLink": "https://www.sec.gov/Archives/edgar/data/47111/000004711121000055/hsy-20211003.htm"
  },
  {
    "date": "2021-07-04",
    "symbol": "HSY",
    "reportedCurrency": "USD",
    "cik": "0000047111",
    "fillingDate": "2021-07-29",
    "acceptedDate": "2021-07-29 09:26:35",
    "calendarYear": "2021",
    "period": "Q2",
    "revenue": 1989422000,
    "costOfRevenue": 1063977000,
    "grossProfit": 925445000,
    "grossProfitRatio": 0.4651828521,
    "researchAndDevelopmentExpenses": 0,
    "generalAndAdministrativeExpenses": 0,
    "sellingAndMarketingExpenses": 0,
    "sellingGeneralAndAdministrativeExpenses": 467629000,
    "otherExpenses": 1141000,
    "operatingExpenses": 468770000,
    "costAndExpenses": 1532747000,
    "interestIncome": 619000,
    "interestExpense": 31684000,
    "depreciationAndAmortization": 76032000,
    "ebitda": 526132000,
    "ebitdaratio": 0.2644647541,
    "operatingIncome": 456675000,
    "operatingIncomeRatio": 0.2295515984,
    "totalOtherIncomeExpensesNet": -38259000,
    "incomeBeforeTax": 418416000,
    "incomeBeforeTaxRatio": 0.2103203845,
    "incomeTaxExpense": 117186000,
    "netIncome": 301230000,
    "netIncomeRatio": 0.1514158384,
    "eps": 1.5,
    "epsdiluted": 1.45,
    "weightedAverageShsOut": 206725000,
    "weightedAverageShsOutDil": 207671000,
    "link": "https://www.sec.gov/Archives/edgar/data/47111/000004711121000046/0000047111-21-000046-index.htm",
    "finalLink": "https://www.sec.gov/Archives/edgar/data/47111/000004711121000046/hsy-20210704.htm"
  },
  {
    "date": "2021-04-04",
    "symbol": "HSY",
    "reportedCurrency": "USD",
    "cik": "0000047111",
    "fillingDate": "2021-04-29",
    "acceptedDate": "2021-04-29 16:06:40",
    "calendarYear": "2021",
    "period": "Q1",
    "revenue": 2295948000,
    "costOfRevenue": 1246997000,
    "grossProfit": 1048951000,
    "grossProfitRatio": 0.4568705389,
    "researchAndDevelopmentExpenses": 0,
    "generalAndAdministrativeExpenses": 0,
    "sellingAndMarketingExpenses": 0,
    "sellingGeneralAndAdministrativeExpenses": 494665000,
    "otherExpenses": 1242000,
    "operatingExpenses": 495907000,
    "costAndExpenses": 1742904000,
    "interestIncome": 610000,
    "interestExpense": 37046000,
    "depreciationAndAmortization": 77897000,
    "ebitda": 629137000,
    "ebitdaratio": 0.2740205789,
    "operatingIncome": 553044000,
    "operatingIncomeRatio": 0.2408782777,
    "totalOtherIncomeExpensesNet": -38850000,
    "incomeBeforeTax": 514194000,
    "incomeBeforeTaxRatio": 0.2239571628,
    "incomeTaxExpense": 117323000,
    "netIncome": 395799000,
    "netIncomeRatio": 0.1723902284,
    "eps": 1.96,
    "epsdiluted": 1.9,
    "weightedAverageShsOut": 207586000,
    "weightedAverageShsOutDil": 208564000,
    "link": "https://www.sec.gov/Archives/edgar/data/47111/000004711121000027/0000047111-21-000027-index.htm",
    "finalLink": "https://www.sec.gov/Archives/edgar/data/47111/000004711121000027/hsy-20210404.htm"
  },
  {
    "date": "2020-12-31",
    "symbol": "HSY",
    "reportedCurrency": "USD",
    "cik": "0000047111",
    "fillingDate": "2021-02-17",
    "acceptedDate": "2021-02-17 16:04:27",
    "calendarYear": "2020",
    "period": "Q4",
    "revenue": 2185244000,
    "costOfRevenue": 1223173000,
    "grossProfit": 962071000,
    "grossProfitRatio": 0.44025793,
    "researchAndDevelopmentExpenses": 0,
    "generalAndAdministrativeExpenses": 0,
    "sellingAndMarketingExpenses": 0,
    "sellingGeneralAndAdministrativeExpenses": 537978000,
    "otherExpenses": 18978000,
    "operatingExpenses": 556956000,
    "costAndExpenses": 1780129000,
    "interestIncome": 938000,
    "interestExpense": 38720000,
    "depreciationAndAmortization": 77218000,
    "ebitda": 379338000,
    "ebitdaratio": 0.1735906837,
    "operatingIncome": 405115000,
    "operatingIncomeRatio": 0.1853866204,
    "totalOtherIncomeExpensesNet": -141715000,
    "incomeBeforeTax": 263400000,
    "incomeBeforeTaxRatio": 0.1205357388,
    "incomeTaxExpense": -27930000,
    "netIncome": 291387000,
    "netIncomeRatio": 0.1333430043,
    "eps": 1.44,
    "epsdiluted": 1.4,
    "weightedAverageShsOut": 208405000,
    "weightedAverageShsOutDil": 209384000,
    "link": "https://www.sec.gov/Archives/edgar/data/47111/000004711121000007/0000047111-21-000007-index.htm",
    "finalLink": "https://www.sec.gov/Archives/edgar/data/47111/000004711121000007/hsy-20201231.htm"
  },
  {
    "date": "2020-09-27",
    "symbol": "HSY",
    "reportedCurrency": "USD",
    "cik": "0000047111",
    "fillingDate": "2020-11-06",
    "acceptedDate": "2020-11-06 10:20:04",
    "calendarYear": "2020",
    "period": "Q3",
    "revenue": 2219829000,
    "costOfRevenue": 1139805000,
    "grossProfit": 1080024000,
    "grossProfitRatio": 0.4865347736,
    "researchAndDevelopmentExpenses": 0,
    "generalAndAdministrativeExpenses": 0,
    "sellingAndMarketingExpenses": 0,
    "sellingGeneralAndAdministrativeExpenses": 468614000,
    "otherExpenses": 0,
    "operatingExpenses": 468614000,
    "costAndExpenses": 1608419000,
    "interestIncome": 798000,
    "interestExpense": 38056000,
    "depreciationAndAmortization": 75165000,
    "ebitda": 675729000,
    "ebitdaratio": 0.3044058799,
    "operatingIncome": 611410000,
    "operatingIncomeRatio": 0.2754311256,
    "totalOtherIncomeExpensesNet": -48902000,
    "incomeBeforeTax": 562508000,
    "incomeBeforeTaxRatio": 0.2534015007,
    "incomeTaxExpense": 115250000,
    "netIncome": 447283000,
    "netIncomeRatio": 0.2014943493,
    "eps": 2.21,
    "epsdiluted": 2.14,
    "weightedAverageShsOut": 208302000,
    "weightedAverageShsOutDil": 209140000,
    "link": "https://www.sec.gov/Archives/edgar/data/47111/000004711120000053/0000047111-20-000053-index.htm",
    "finalLink": "https://www.sec.gov/Archives/edgar/data/47111/000004711120000053/hsy-20200927.htm"
  },
  {
    "date": "2020-06-28",
    "symbol": "HSY",
    "reportedCurrency": "USD",
    "cik": "0000047111",
    "fillingDate": "2020-07-23",
    "acceptedDate": "2020-07-23 10:37:07",
    "calendarYear": "2020",
    "period": "Q2",
    "revenue": 1707329000,
    "costOfRevenue": 914777000,
    "grossProfit": 792552000,
    "grossProfitRatio": 0.4642057858,
    "researchAndDevelopmentExpenses": 0,
    "generalAndAdministrativeExpenses": 0,
    "sellingAndMarketingExpenses": 0,
    "sellingGeneralAndAdministrativeExpenses": 408949000,
    "otherExpenses": 230000,
    "operatingExpenses": 409179000,
    "costAndExpenses": 1323956000,
    "interestIncome": 777000,
    "interestExpense": 38856000,
    "depreciationAndAmortization": 71900000,
    "ebitda": 444833000,
    "ebitdaratio": 0.2605432228,
    "operatingIncome": 383373000,
    "operatingIncomeRatio": 0.2245454742,
    "totalOtherIncomeExpensesNet": -49296000,
    "incomeBeforeTax": 334077000,
    "incomeBeforeTaxRatio": 0.1956723045,
    "incomeTaxExpense": 66035000,
    "netIncome": 268901000,
    "netIncomeRatio": 0.1574980569,
    "eps": 1.33,
    "epsdiluted": 1.29,
    "weightedAverageShsOut": 208249000,
    "weightedAverageShsOutDil": 209070000,
    "link": "https://www.sec.gov/Archives/edgar/data/47111/000004711120000045/0000047111-20-000045-index.htm",
    "finalLink": "https://www.sec.gov/Archives/edgar/data/47111/000004711120000045/hsy-20200628.htm"
  },
  {
    "date": "2020-03-29",
    "symbol": "HSY",
    "reportedCurrency": "USD",
    "cik": "0000047111",
    "fillingDate": "2020-04-23",
    "acceptedDate": "2020-04-23 10:08:24",
    "calendarYear": "2020",
    "period": "Q1",
    "revenue": 2037317000,
    "costOfRevenue": 1170695000,
    "grossProfit": 866622000,
    "grossProfitRatio": 0.4253741563,
    "researchAndDevelopmentExpenses": 0,
    "generalAndAdministrativeExpenses": 0,
    "sellingAndMarketingExpenses": 0,
    "sellingGeneralAndAdministrativeExpenses": 475384000,
    "otherExpenses": 8438000,
    "operatingExpenses": 483822000,
    "costAndExpenses": 1654517000,
    "interestIncome": 1584000,
    "interestExpense": 37839000,
    "depreciationAndAmortization": 70624000,
    "ebitda": 443475000,
    "ebitdaratio": 0.2176759925,
    "operatingIncome": 382800000,
    "operatingIncomeRatio": 0.1878941765,
    "totalOtherIncomeExpensesNet": -47788000,
    "incomeBeforeTax": 335012000,
    "incomeBeforeTaxRatio": 0.1644378366,
    "incomeTaxExpense": 66229000,
    "netIncome": 271137000,
    "netIncomeRatio": 0.1330853274,
    "eps": 1.33,
    "epsdiluted": 1.29,
    "weightedAverageShsOut": 208912000,
    "weightedAverageShsOutDil": 210147000,
    "link": "https://www.sec.gov/Archives/edgar/data/47111/000004711120000020/0000047111-20-000020-index.htm",
    "finalLink": "https://www.sec.gov/Archives/edgar/data/47111/000004711120000020/a2020form10-qq1.htm"
  },
  {
    "date": "2019-12-31",
    "symbol": "HSY",
    "reportedCurrency": "USD",
    "cik": "0000047111",
    "fillingDate": "2020-02-20",
    "acceptedDate": "2020-02-20 16:07:04",
    "calendarYear": "2019",
    "period": "Q4",
    "revenue": 2068125000,
    "costOfRevenue": 1156213000,
    "grossProfit": 911912000,
    "grossProfitRatio": 0.4409365972,
    "researchAndDevelopmentExpenses": 0,
    "generalAndAdministrativeExpenses": 0,
    "sellingAndMarketingExpenses": 0,
    "sellingGeneralAndAdministrativeExpenses": 517200000,
    "otherExpenses": 108514000,
    "operatingExpenses": 625714000,
    "costAndExpenses": 1781927000,
    "interestIncome": 1145000,
    "interestExpense": 38580000,
    "depreciationAndAmortization": 72703000,
    "ebitda": 325604000,
    "ebitdaratio": 0.1574392264,
    "operatingIncome": 286198000,
    "operatingIncomeRatio": 0.1383852523,
    "totalOtherIncomeExpensesNet": -71877000,
    "incomeBeforeTax": 214321000,
    "incomeBeforeTaxRatio": 0.1036305833,
    "incomeTaxExpense": 9903000,
    "netIncome": 207187000,
    "netIncomeRatio": 0.1001810819,
    "eps": 1.02,
    "epsdiluted": 0.99,
    "weightedAverageShsOut": 209135000,
    "weightedAverageShsOutDil": 210491000,
    "link": "https://www.sec.gov/Archives/edgar/data/47111/000004711120000007/0000047111-20-000007-index.htm",
    "finalLink": "https://www.sec.gov/Archives/edgar/data/47111/000004711120000007/a2019form10-kq4.htm"
  },
  {
    "date": "2019-09-29",
    "symbol": "HSY",
    "reportedCurrency": "USD",
    "cik": "0000047111",
    "fillingDate": "2019-10-25",
    "acceptedDate": "2019-10-24 19:30:07",
    "calendarYear": "2019",
    "period": "Q3",
    "revenue": 2134422000,
    "costOfRevenue": 1191104000,
    "grossProfit": 943318000,
    "grossProfitRatio": 0.4419547775,
    "researchAndDevelopmentExpenses": 0,
    "generalAndAdministrativeExpenses": 0,
    "sellingAndMarketingExpenses": 0,
    "sellingGeneralAndAdministrativeExpenses": 481363000,
    "otherExpenses": 1140000,
    "operatingExpenses": 482503000,
    "costAndExpenses": 1673607000,
    "interestIncome": 879000,
    "interestExpense": 36335000,
    "depreciationAndAmortization": 74495000,
    "ebitda": 518190000,
    "ebitdaratio": 0.24277767,
    "operatingIncome": 460815000,
    "operatingIncomeRatio": 0.2158968564,
    "totalOtherIncomeExpensesNet": -53455000,
    "incomeBeforeTax": 407360000,
    "incomeBeforeTaxRatio": 0.1908526055,
    "incomeTaxExpense": 82178000,
    "netIncome": 325307000,
    "netIncomeRatio": 0.1524098796,
    "eps": 1.59,
    "epsdiluted": 1.54,
    "weightedAverageShsOut": 209853000,
    "weightedAverageShsOutDil": 211312000,
    "link": "https://www.sec.gov/Archives/edgar/data/47111/000004711119000059/0000047111-19-000059-index.htm",
    "finalLink": "https://www.sec.gov/Archives/edgar/data/47111/000004711119000059/a2019form10-qq3.htm"
  },
  {
    "date": "2019-06-30",
    "symbol": "HSY",
    "reportedCurrency": "USD",
    "cik": "0000047111",
    "fillingDate": "2019-07-25",
    "acceptedDate": "2019-07-25 16:04:47",
    "calendarYear": "2019",
    "period": "Q2",
    "revenue": 1767217000,
    "costOfRevenue": 892473000,
    "grossProfit": 874744000,
    "grossProfitRatio": 0.494983921,
    "researchAndDevelopmentExpenses": 0,
    "generalAndAdministrativeExpenses": 0,
    "sellingAndMarketingExpenses": 0,
    "sellingGeneralAndAdministrativeExpenses": 453793000,
    "otherExpenses": 10881000,
    "operatingExpenses": 464674000,
    "costAndExpenses": 1357147000,
    "interestIncome": 4025000,
    "interestExpense": 37801000,
    "depreciationAndAmortization": 72017000,
    "ebitda": 472987000,
    "ebitdaratio": 0.2676451166,
    "operatingIncome": 410070000,
    "operatingIncomeRatio": 0.2320428108,
    "totalOtherIncomeExpensesNet": -46901000,
    "incomeBeforeTax": 363169000,
    "incomeBeforeTaxRatio": 0.2055033423,
    "incomeTaxExpense": 49898000,
    "netIncome": 312840000,
    "netIncomeRatio": 0.1770241006,
    "eps": 1.54,
    "epsdiluted": 1.48,
    "weightedAverageShsOut": 209369000,
    "weightedAverageShsOutDil": 210817000,
    "link": "https://www.sec.gov/Archives/edgar/data/47111/000004711119000036/0000047111-19-000036-index.htm",
    "finalLink": "https://www.sec.gov/Archives/edgar/data/47111/000004711119000036/a2019form10-qq2.htm"
  },
  {
    "date": "2019-03-31",
    "symbol": "HSY",
    "reportedCurrency": "USD",
    "cik": "0000047111",
    "fillingDate": "2019-04-25",
    "acceptedDate": "2019-04-25 16:09:12",
    "calendarYear": "2019",
    "period": "Q1",
    "revenue": 2016488000,
    "costOfRevenue": 1123984000,
    "grossProfit": 892504000,
    "grossProfitRatio": 0.4426031794,
    "researchAndDevelopmentExpenses": 0,
    "generalAndAdministrativeExpenses": 0,
    "sellingAndMarketingExpenses": 0,
    "sellingGeneralAndAdministrativeExpenses": 453573000,
    "otherExpenses": 62000,
    "operatingExpenses": 453635000,
    "costAndExpenses": 1577619000,
    "interestIncome": 1948000,
    "interestExpense": 39406000,
    "depreciationAndAmortization": 72329000,
    "ebitda": 507669000,
    "ebitdaratio": 0.2517589988,
    "operatingIncome": 438869000,
    "operatingIncomeRatio": 0.2176402736,
    "totalOtherIncomeExpensesNet": -42935000,
    "incomeBeforeTax": 395934000,
    "incomeBeforeTaxRatio": 0.1963483046,
    "incomeTaxExpense": 92053000,
    "netIncome": 304358000,
    "netIncomeRatio": 0.1509346944,
    "eps": 1.49,
    "epsdiluted": 1.45,
    "weightedAverageShsOut": 209323000,
    "weightedAverageShsOutDil": 210327000,
    "link": "https://www.sec.gov/Archives/edgar/data/47111/000004711119000023/0000047111-19-000023-index.htm",
    "finalLink": "https://www.sec.gov/Archives/edgar/data/47111/000004711119000023/a2019form10-qq1.htm"
  },
  {
    "date": "2018-12-31",
    "symbol": "HSY",
    "reportedCurrency": "USD",
    "cik": "0000047111",
    "fillingDate": "2019-02-22",
    "acceptedDate": "2019-02-22 15:14:49",
    "calendarYear": "2018",
    "period": "Q4",
    "revenue": 1987902000,
    "costOfRevenue": 1043550000,
    "grossProfit": 944352000,
    "grossProfitRatio": 0.4750495749,
    "researchAndDevelopmentExpenses": 0,
    "generalAndAdministrativeExpenses": 0,
    "sellingAndMarketingExpenses": 0,
    "sellingGeneralAndAdministrativeExpenses": 486036000,
    "otherExpenses": 37151000,
    "operatingExpenses": 523187000,
    "costAndExpenses": 1566737000,
    "interestIncome": 2175000,
    "interestExpense": 39805000,
    "depreciationAndAmortization": 69341000,
    "ebitda": 453116000,
    "ebitdaratio": 0.2279367896,
    "operatingIncome": 421165000,
    "operatingIncomeRatio": 0.2118640657,
    "totalOtherIncomeExpensesNet": -77195000,
    "incomeBeforeTax": 343970000,
    "incomeBeforeTaxRatio": 0.1730316686,
    "incomeTaxExpense": 12370000,
    "netIncome": 336791000,
    "netIncomeRatio": 0.1694203235,
    "eps": 1.65,
    "epsdiluted": 1.6,
    "weightedAverageShsOut": 210016000,
    "weightedAverageShsOutDil": 211060000,
    "link": "https://www.sec.gov/Archives/edgar/data/47111/000004711119000010/0000047111-19-000010-index.htm",
    "finalLink": "https://www.sec.gov/Archives/edgar/data/47111/000004711119000010/a2018form10-kq4.htm"
  },
  {
    "date": "2018-09-30",
    "symbol": "HSY",
    "reportedCurrency": "USD",
    "cik": "0000047111",
    "fillingDate": "2018-10-26",
    "acceptedDate": "2018-10-26 15:44:59",
    "calendarYear": "2018",
    "period": "Q3",
    "revenue": 2079593000,
    "costOfRevenue": 1216100000,
    "grossProfit": 863493000,
    "grossProfitRatio": 0.4152221132,
    "researchAndDevelopmentExpenses": 0,
    "generalAndAdministrativeExpenses": 0,
    "sellingAndMarketingExpenses": 0,
    "sellingGeneralAndAdministrativeExpenses": 453921000,
    "otherExpenses": 3309000,
    "operatingExpenses": 457230000,
    "costAndExpenses": 1673330000,
    "interestIncome": 1819000,
    "interestExpense": 38735000,
    "depreciationAndAmortization": 74807000,
    "ebitda": 470396000,
    "ebitdaratio": 0.2261961836,
    "operatingIncome": 406263000,
    "operatingIncomeRatio": 0.1953569761,
    "totalOtherIncomeExpensesNet": -49409000,
    "incomeBeforeTax": 356854000,
    "incomeBeforeTaxRatio": 0.1715980002,
    "incomeTaxExpense": 91441000,
    "netIncome": 263713000,
    "netIncomeRatio": 0.1268099094,
    "eps": 1.29,
    "epsdiluted": 1.25,
    "weightedAverageShsOut": 209775000,
    "weightedAverageShsOutDil": 210681000,
    "link": "https://www.sec.gov/Archives/edgar/data/47111/000004711118000049/0000047111-18-000049-index.htm",
    "finalLink": "https://www.sec.gov/Archives/edgar/data/47111/000004711118000049/a2018_formx10-qq3.htm"
  },
  {
    "date": "2018-07-01",
    "symbol": "HSY",
    "reportedCurrency": "USD",
    "cik": "0000047111",
    "fillingDate": "2018-07-27",
    "acceptedDate": "2018-07-27 11:00:12",
    "calendarYear": "2018",
    "period": "Q2",
    "revenue": 1751615000,
    "costOfRevenue": 958195000,
    "grossProfit": 793420000,
    "grossProfitRatio": 0.4529648353,
    "researchAndDevelopmentExpenses": 0,
    "generalAndAdministrativeExpenses": 0,
    "sellingAndMarketingExpenses": 0,
    "sellingGeneralAndAdministrativeExpenses": 449548000,
    "otherExpenses": 28148000,
    "operatingExpenses": 477696000,
    "costAndExpenses": 1435891000,
    "interestIncome": 1812000,
    "interestExpense": 36764000,
    "depreciationAndAmortization": 76580000,
    "ebitda": 373350000,
    "ebitdaratio": 0.2131461537,
    "operatingIncome": 315724000,
    "operatingIncomeRatio": 0.1802473717,
    "totalOtherIncomeExpensesNet": -55718000,
    "incomeBeforeTax": 260006000,
    "incomeBeforeTaxRatio": 0.1484378702,
    "incomeTaxExpense": 36687000,
    "netIncome": 226855000,
    "netIncomeRatio": 0.1295119076,
    "eps": 1.11,
    "epsdiluted": 1.08,
    "weightedAverageShsOut": 209568000,
    "weightedAverageShsOutDil": 210378000,
    "link": "https://www.sec.gov/Archives/edgar/data/47111/000004711118000035/0000047111-18-000035-index.htm",
    "finalLink": "https://www.sec.gov/Archives/edgar/data/47111/000004711118000035/a2018_formx10-qq2.htm"
  },
  {
    "date": "2018-04-01",
    "symbol": "HSY",
    "reportedCurrency": "USD",
    "cik": "0000047111",
    "fillingDate": "2018-04-26",
    "acceptedDate": "2018-04-26 16:26:18",
    "calendarYear": "2018",
    "period": "Q1",
    "revenue": 1971959000,
    "costOfRevenue": 997899000,
    "grossProfit": 974060000,
    "grossProfitRatio": 0.4939555031,
    "researchAndDevelopmentExpenses": 0,
    "generalAndAdministrativeExpenses": 0,
    "sellingAndMarketingExpenses": 0,
    "sellingGeneralAndAdministrativeExpenses": 485324000,
    "otherExpenses": 8224000,
    "operatingExpenses": 493548000,
    "costAndExpenses": 1491447000,
    "interestIncome": 2215000,
    "interestExpense": 31554000,
    "depreciationAndAmortization": 74416000,
    "ebitda": 555201000,
    "ebitdaratio": 0.2815479429,
    "operatingIncome": 480512000,
    "operatingIncomeRatio": 0.243672409,
    "totalOtherIncomeExpensesNet": -31281000,
    "incomeBeforeTax": 449231000,
    "incomeBeforeTaxRatio": 0.2278095031,
    "incomeTaxExpense": 98512000,
    "netIncome": 350203000,
    "netIncomeRatio": 0.1775914205,
    "eps": 1.71,
    "epsdiluted": 1.65,
    "weightedAverageShsOut": 210734000,
    "weightedAverageShsOutDil": 211955000,
    "link": "https://www.sec.gov/Archives/edgar/data/47111/000004711118000018/0000047111-18-000018-index.htm",
    "finalLink": "https://www.sec.gov/Archives/edgar/data/47111/000004711118000018/a2018_formx10-qq1.htm"
  },
  {
    "date": "2017-12-31",
    "symbol": "HSY",
    "reportedCurrency": "USD",
    "cik": "0000047111",
    "fillingDate": "2018-02-27",
    "acceptedDate": "2018-02-27 12:01:21",
    "calendarYear": "2017",
    "period": "Q4",
    "revenue": 1939636000,
    "costOfRevenue": 1105109000,
    "grossProfit": 834527000,
    "grossProfitRatio": 0.4302492839,
    "researchAndDevelopmentExpenses": 0,
    "generalAndAdministrativeExpenses": 0,
    "sellingAndMarketingExpenses": 0,
    "sellingGeneralAndAdministrativeExpenses": 508433000,
    "otherExpenses": -2255000,
    "operatingExpenses": 506178000,
    "costAndExpenses": 1611287000,
    "interestIncome": 924000,
    "interestExpense": 26750000,
    "depreciationAndAmortization": 67540000,
    "ebitda": 354679000,
    "ebitdaratio": 0.1828585363,
    "operatingIncome": 328349000,
    "operatingIncomeRatio": 0.1692838244,
    "totalOtherIncomeExpensesNet": -73827000,
    "incomeBeforeTax": 260389000,
    "incomeBeforeTaxRatio": 0.1342463225,
    "incomeTaxExpense": 78840000,
    "netIncome": 181133000,
    "netIncomeRatio": 0.0933850475,
    "eps": 0.88,
    "epsdiluted": 0.85,
    "weightedAverageShsOut": 211107000,
    "weightedAverageShsOutDil": 212596000,
    "link": "https://www.sec.gov/Archives/edgar/data/47111/000004711118000011/0000047111-18-000011-index.htm",
    "finalLink": "https://www.sec.gov/Archives/edgar/data/47111/000004711118000011/a2017_formx10-kq4.htm"
  },
  {
    "date": "2017-10-01",
    "symbol": "HSY",
    "reportedCurrency": "USD",
    "cik": "0000047111",
    "fillingDate": "2017-10-27",
    "acceptedDate": "2017-10-27 09:14:27",
    "calendarYear": "2017",
    "period": "Q3",
    "revenue": 2033121000,
    "costOfRevenue": 1090185000,
    "grossProfit": 942936000,
    "grossProfitRatio": 0.463787448,
    "researchAndDevelopmentExpenses": 0,
    "generalAndAdministrativeExpenses": 0,
    "sellingAndMarketingExpenses": 0,
    "sellingGeneralAndAdministrativeExpenses": 477452000,
    "otherExpenses": 4020000,
    "operatingExpenses": 481472000,
    "costAndExpenses": 1571657000,
    "interestIncome": 333000,
    "interestExpense": 24922000,
    "depreciationAndAmortization": 62234000,
    "ebitda": 487957000,
    "ebitdaratio": 0.2400039152,
    "operatingIncome": 439020000,
    "operatingIncomeRatio": 0.2159340246,
    "totalOtherIncomeExpensesNet": -60663000,
    "incomeBeforeTax": 400801000,
    "incomeBeforeTaxRatio": 0.1971358321,
    "incomeTaxExpense": 126788000,
    "netIncome": 273303000,
    "netIncomeRatio": 0.134425349,
    "eps": 1.32,
    "epsdiluted": 1.28,
    "weightedAverageShsOut": 212038000,
    "weightedAverageShsOutDil": 213392000,
    "link": "https://www.sec.gov/Archives/edgar/data/47111/000004711117000041/0000047111-17-000041-index.htm",
    "finalLink": "https://www.sec.gov/Archives/edgar/data/47111/000004711117000041/a2017_formx10-qq3.htm"
  },
  {
    "date": "2017-07-02",
    "symbol": "HSY",
    "reportedCurrency": "USD",
    "cik": "0000047111",
    "fillingDate": "2017-07-28",
    "acceptedDate": "2017-07-28 10:08:54",
    "calendarYear": "2017",
    "period": "Q2",
    "revenue": 1662991000,
    "costOfRevenue": 897144000,
    "grossProfit": 765847000,
    "grossProfitRatio": 0.4605238393,
    "researchAndDevelopmentExpenses": 0,
    "generalAndAdministrativeExpenses": 0,
    "sellingAndMarketingExpenses": 0,
    "sellingGeneralAndAdministrativeExpenses": 443374000,
    "otherExpenses": 1981000,
    "operatingExpenses": 445355000,
    "costAndExpenses": 1342499000,
    "interestIncome": 298000,
    "interestExpense": 24424000,
    "depreciationAndAmortization": 67127000,
    "ebitda": 372668000,
    "ebitdaratio": 0.2240950192,
    "operatingIncome": 315341000,
    "operatingIncomeRatio": 0.1896227941,
    "totalOtherIncomeExpensesNet": -39375000,
    "incomeBeforeTax": 281117000,
    "incomeBeforeTaxRatio": 0.1690430074,
    "incomeTaxExpense": 78390000,
    "netIncome": 203501000,
    "netIncomeRatio": 0.1223704758,
    "eps": 0.98,
    "epsdiluted": 0.95,
    "weightedAverageShsOut": 213086000,
    "weightedAverageShsOutDil": 214640000,
    "link": "https://www.sec.gov/Archives/edgar/data/47111/000004711117000035/0000047111-17-000035-index.htm",
    "finalLink": "https://www.sec.gov/Archives/edgar/data/47111/000004711117000035/a2017_formx10-qq2.htm"
  },
  {
    "date": "2017-04-02",
    "symbol": "HSY",
    "reportedCurrency": "USD",
    "cik": "0000047111",
    "fillingDate": "2017-04-28",
    "acceptedDate": "2017-04-28 08:55:36",
    "calendarYear": "2017",
    "period": "Q1",
    "revenue": 1879678000,
    "costOfRevenue": 970326000,
    "grossProfit": 909352000,
    "grossProfitRatio": 0.4837807327,
    "researchAndDevelopmentExpenses": 0,
    "generalAndAdministrativeExpenses": 0,
    "sellingAndMarketingExpenses": 0,
    "sellingGeneralAndAdministrativeExpenses": 459386000,
    "otherExpenses": 252729000,
    "operatingExpenses": 712115000,
    "costAndExpenses": 1682441000,
    "interestIncome": 229000,
    "interestExpense": 23970000,
    "depreciationAndAmortization": 64952000,
    "ebitda": 257283000,
    "ebitdaratio": 0.1368761032,
    "operatingIncome": 191931000,
    "operatingIncomeRatio": 0.1021084462,
    "totalOtherIncomeExpensesNet": -28876000,
    "incomeBeforeTax": 168361000,
    "incomeBeforeTaxRatio": 0.0895690645,
    "incomeTaxExpense": 70113000,
    "netIncome": 125044000,
    "netIncomeRatio": 0.06652416,
    "eps": 0.6,
    "epsdiluted": 0.58,
    "weightedAverageShsOut": 212933000,
    "weightedAverageShsOutDil": 214522000,
    "link": "https://www.sec.gov/Archives/edgar/data/47111/000004711117000022/0000047111-17-000022-index.htm",
    "finalLink": "https://www.sec.gov/Archives/edgar/data/47111/000004711117000022/a2017_formx10-qq1.htm"
  },
  {
    "date": "2016-12-31",
    "symbol": "HSY",
    "reportedCurrency": "USD",
    "cik": "0000047111",
    "fillingDate": "2017-02-21",
    "acceptedDate": "2017-02-21 16:47:38",
    "calendarYear": "2016",
    "period": "Q4",
    "revenue": 1970244000,
    "costOfRevenue": 1227975000,
    "grossProfit": 742269000,
    "grossProfitRatio": 0.3767396322,
    "researchAndDevelopmentExpenses": 0,
    "generalAndAdministrativeExpenses": 0,
    "sellingAndMarketingExpenses": 0,
    "sellingGeneralAndAdministrativeExpenses": 506619000,
    "otherExpenses": 6162000,
    "operatingExpenses": 512781000,
    "costAndExpenses": 1740756000,
    "interestIncome": 833000,
    "interestExpense": 24246000,
    "depreciationAndAmortization": 59936000,
    "ebitda": 282801000,
    "ebitdaratio": 0.143536029,
    "operatingIncome": 229488000,
    "operatingIncomeRatio": 0.116476944,
    "totalOtherIncomeExpensesNet": -30869000,
    "incomeBeforeTax": 198619000,
    "incomeBeforeTaxRatio": 0.1008093414,
    "incomeTaxExpense": 81766000,
    "netIncome": 116853000,
    "netIncomeRatio": 0.0593088978,
    "eps": 0.56,
    "epsdiluted": 0.55,
    "weightedAverageShsOut": 212855000,
    "weightedAverageShsOutDil": 213934000,
    "link": "https://www.sec.gov/Archives/edgar/data/47111/000004711117000005/0000047111-17-000005-index.htm",
    "finalLink": "https://www.sec.gov/Archives/edgar/data/47111/000004711117000005/a2016_formx10-kq4.htm"
  },
  {
    "date": "2016-10-02",
    "symbol": "HSY",
    "reportedCurrency": "USD",
    "cik": "0000047111",
    "fillingDate": "2016-10-28",
    "acceptedDate": "2016-10-28 10:34:14",
    "calendarYear": "2016",
    "period": "Q3",
    "revenue": 2003454000,
    "costOfRevenue": 1152606000,
    "grossProfit": 850848000,
    "grossProfitRatio": 0.4246905594,
    "researchAndDevelopmentExpenses": 0,
    "generalAndAdministrativeExpenses": 0,
    "sellingAndMarketingExpenses": 0,
    "sellingGeneralAndAdministrativeExpenses": 474494000,
    "otherExpenses": 2330000,
    "operatingExpenses": 476824000,
    "costAndExpenses": 1629430000,
    "interestIncome": 354000,
    "interestExpense": 24741000,
    "depreciationAndAmortization": 85122000,
    "ebitda": 437700000,
    "ebitdaratio": 0.2184726977,
    "operatingIncome": 374024000,
    "operatingIncomeRatio": 0.1866895871,
    "totalOtherIncomeExpensesNet": -46187000,
    "incomeBeforeTax": 327837000,
    "incomeBeforeTaxRatio": 0.1636359008,
    "incomeTaxExpense": 100434000,
    "netIncome": 227403000,
    "netIncomeRatio": 0.113505476,
    "eps": 1.09,
    "epsdiluted": 1.06,
    "weightedAverageShsOut": 213879000,
    "weightedAverageShsOutDil": 215161000,
    "link": "https://www.sec.gov/Archives/edgar/data/47111/000004711116000136/0000047111-16-000136-index.htm",
    "finalLink": "https://www.sec.gov/Archives/edgar/data/47111/000004711116000136/a2016_formx10-qq3.htm"
  },
  {
    "date": "2016-07-03",
    "symbol": "HSY",
    "reportedCurrency": "USD",
    "cik": "0000047111",
    "fillingDate": "2016-07-28",
    "acceptedDate": "2016-07-28 11:07:53",
    "calendarYear": "2016",
    "period": "Q2",
    "revenue": 1637671000,
    "costOfRevenue": 890273000,
    "grossProfit": 747398000,
    "grossProfitRatio": 0.4563786011,
    "researchAndDevelopmentExpenses": 0,
    "generalAndAdministrativeExpenses": 0,
    "sellingAndMarketingExpenses": 0,
    "sellingGeneralAndAdministrativeExpenses": 462531000,
    "otherExpenses": 22105000,
    "operatingExpenses": 484636000,
    "costAndExpenses": 1374909000,
    "interestIncome": 273000,
    "interestExpense": 21611000,
    "depreciationAndAmortization": 96866000,
    "ebitda": 351773000,
    "ebitdaratio": 0.214800775,
    "operatingIncome": 262762000,
    "operatingIncomeRatio": 0.1604485883,
    "totalOtherIncomeExpensesNet": -29466000,
    "incomeBeforeTax": 233296000,
    "incomeBeforeTaxRatio": 0.1424559634,
    "incomeTaxExpense": 87340000,
    "netIncome": 145956000,
    "netIncomeRatio": 0.0891241281,
    "eps": 0.7,
    "epsdiluted": 0.68,
    "weightedAverageShsOut": 213394000,
    "weightedAverageShsOutDil": 214504000,
    "link": "https://www.sec.gov/Archives/edgar/data/47111/000004711116000126/0000047111-16-000126-index.htm",
    "finalLink": "https://www.sec.gov/Archives/edgar/data/47111/000004711116000126/a2016_formx10-qq2.htm"
  },
  {
    "date": "2016-04-03",
    "symbol": "HSY",
    "reportedCurrency": "USD",
    "cik": "0000047111",
    "fillingDate": "2016-04-29",
    "acceptedDate": "2016-04-29 09:39:35",
    "calendarYear": "2016",
    "period": "Q1",
    "revenue": 1828812000,
    "costOfRevenue": 1011436000,
    "grossProfit": 817376000,
    "grossProfitRatio": 0.446943699,
    "researchAndDevelopmentExpenses": 0,
    "generalAndAdministrativeExpenses": 0,
    "sellingAndMarketingExpenses": 0,
    "sellingGeneralAndAdministrativeExpenses": 471734000,
    "otherExpenses": 6133000,
    "operatingExpenses": 477867000,
    "costAndExpenses": 1489303000,
    "interestIncome": 345000,
    "interestExpense": 21350000,
    "depreciationAndAmortization": 59913000,
    "ebitda": 420992000,
    "ebitdaratio": 0.2301997144,
    "operatingIncome": 339509000,
    "operatingIncomeRatio": 0.1856445605,
    "totalOtherIncomeExpensesNet": 220000,
    "incomeBeforeTax": 339729000,
    "incomeBeforeTaxRatio": 0.1857648572,
    "incomeTaxExpense": 109897000,
    "netIncome": 229832000,
    "netIncomeRatio": 0.1256728412,
    "eps": 1.09,
    "epsdiluted": 1.06,
    "weightedAverageShsOut": 216295000,
    "weightedAverageShsOutDil": 217487000,
    "link": "https://www.sec.gov/Archives/edgar/data/47111/000004711116000103/0000047111-16-000103-index.htm",
    "finalLink": "https://www.sec.gov/Archives/edgar/data/47111/000004711116000103/a2016_formx10-qq1.htm"
  },
  {
    "date": "2015-12-31",
    "symbol": "HSY",
    "reportedCurrency": "USD",
    "cik": "0000047111",
    "fillingDate": "2016-02-26",
    "acceptedDate": "2016-02-26 10:50:49",
    "calendarYear": "2015",
    "period": "Q4",
    "revenue": 1909222000,
    "costOfRevenue": 1054862000,
    "grossProfit": 854360000,
    "grossProfitRatio": 0.447491177,
    "researchAndDevelopmentExpenses": 0,
    "generalAndAdministrativeExpenses": 0,
    "sellingAndMarketingExpenses": 0,
    "sellingGeneralAndAdministrativeExpenses": 499447000,
    "otherExpenses": 11834000,
    "operatingExpenses": 511281000,
    "costAndExpenses": 1566143000,
    "interestIncome": 696000,
    "interestExpense": 21423000,
    "depreciationAndAmortization": 62073000,
    "ebitda": 380037000,
    "ebitdaratio": 0.1990533317,
    "operatingIncome": 343078000,
    "operatingIncomeRatio": 0.1796951847,
    "totalOtherIncomeExpensesNet": -46538000,
    "incomeBeforeTax": 296541000,
    "incomeBeforeTaxRatio": 0.1553203347,
    "incomeTaxExpense": 83157000,
    "netIncome": 213384000,
    "netIncomeRatio": 0.1117648969,
    "eps": 1.01,
    "epsdiluted": 0.98,
    "weightedAverageShsOut": 217237000,
    "weightedAverageShsOutDil": 218542000,
    "link": "https://www.sec.gov/Archives/edgar/data/47111/000004711116000095/0000047111-16-000095-index.htm",
    "finalLink": "https://www.sec.gov/Archives/edgar/data/47111/000004711116000095/a2015_formx10-kq4.htm"
  },
  {
    "date": "2015-10-04",
    "symbol": "HSY",
    "reportedCurrency": "USD",
    "cik": "0000047111",
    "fillingDate": "2015-10-30",
    "acceptedDate": "2015-10-30 09:25:53",
    "calendarYear": "2015",
    "period": "Q3",
    "revenue": 1960779000,
    "costOfRevenue": 1068715000,
    "grossProfit": 892064000,
    "grossProfitRatio": 0.4549538729,
    "researchAndDevelopmentExpenses": 0,
    "generalAndAdministrativeExpenses": 0,
    "sellingAndMarketingExpenses": 0,
    "sellingGeneralAndAdministrativeExpenses": 500306000,
    "otherExpenses": 88744000,
    "operatingExpenses": 589050000,
    "costAndExpenses": 1657765000,
    "interestIncome": 878000,
    "interestExpense": 19519000,
    "depreciationAndAmortization": 64054000,
    "ebitda": 330211000,
    "ebitdaratio": 0.1684080664,
    "operatingIncome": 303014000,
    "operatingIncomeRatio": 0.1545375588,
    "totalOtherIncomeExpensesNet": -56376000,
    "incomeBeforeTax": 246638000,
    "incomeBeforeTaxRatio": 0.1257857209,
    "incomeTaxExpense": 91867000,
    "netIncome": 154771000,
    "netIncomeRatio": 0.0789334239,
    "eps": 0.73,
    "epsdiluted": 0.7,
    "weightedAverageShsOut": 218731000,
    "weightedAverageShsOutDil": 220075000,
    "link": "https://www.sec.gov/Archives/edgar/data/47111/000004711115000070/0000047111-15-000070-index.htm",
    "finalLink": "https://www.sec.gov/Archives/edgar/data/47111/000004711115000070/hsy-20151004q3.htm"
  },
  {
    "date": "2015-07-05",
    "symbol": "HSY",
    "reportedCurrency": "USD",
    "cik": "0000047111",
    "fillingDate": "2015-08-07",
    "acceptedDate": "2015-08-07 16:04:00",
    "calendarYear": "2015",
    "period": "Q2",
    "revenue": 1578825000,
    "costOfRevenue": 843417000,
    "grossProfit": 735408000,
    "grossProfitRatio": 0.4657944991,
    "researchAndDevelopmentExpenses": 0,
    "generalAndAdministrativeExpenses": 0,
    "sellingAndMarketingExpenses": 0,
    "sellingGeneralAndAdministrativeExpenses": 455545000,
    "otherExpenses": 272363000,
    "operatingExpenses": 727908000,
    "costAndExpenses": 1571325000,
    "interestIncome": 1156000,
    "interestExpense": 20033000,
    "depreciationAndAmortization": 60463000,
    "ebitda": 64360000,
    "ebitdaratio": 0.0407644926,
    "operatingIncome": 7500000,
    "operatingIncomeRatio": 0.0047503682,
    "totalOtherIncomeExpensesNet": -23636000,
    "incomeBeforeTax": -16136000,
    "incomeBeforeTaxRatio": -0.0102202587,
    "incomeTaxExpense": 83805000,
    "netIncome": -99941000,
    "netIncomeRatio": -0.0633008725,
    "eps": -0.47,
    "epsdiluted": -0.46,
    "weightedAverageShsOut": 212640425,
    "weightedAverageShsOutDil": 219613000,
    "link": "https://www.sec.gov/Archives/edgar/data/47111/000004711115000056/0000047111-15-000056-index.htm",
    "finalLink": "https://www.sec.gov/Archives/edgar/data/47111/000004711115000056/hsy-20150705q2.htm"
  },
  {
    "date": "2015-04-05",
    "symbol": "HSY",
    "reportedCurrency": "USD",
    "cik": "0000047111",
    "fillingDate": "2015-05-01",
    "acceptedDate": "2015-05-01 09:08:10",
    "calendarYear": "2015",
    "period": "Q1",
    "revenue": 1937800000,
    "costOfRevenue": 1036957000,
    "grossProfit": 900843000,
    "grossProfitRatio": 0.4648792445,
    "researchAndDevelopmentExpenses": 0,
    "generalAndAdministrativeExpenses": 0,
    "sellingAndMarketingExpenses": 0,
    "sellingGeneralAndAdministrativeExpenses": 514010000,
    "otherExpenses": 2667000,
    "operatingExpenses": 516677000,
    "costAndExpenses": 1553634000,
    "interestIncome": 805000,
    "interestExpense": 20007000,
    "depreciationAndAmortization": 58338000,
    "ebitda": 453149000,
    "ebitdaratio": 0.2338471462,
    "operatingIncome": 396673000,
    "operatingIncomeRatio": 0.2047027557,
    "totalOtherIncomeExpensesNet": -9362000,
    "incomeBeforeTax": 374804000,
    "incomeBeforeTaxRatio": 0.1934172773,
    "incomeTaxExpense": 130067000,
    "netIncome": 244737000,
    "netIncomeRatio": 0.1262963154,
    "eps": 1.14,
    "epsdiluted": 1.1,
    "weightedAverageShsOut": 220644000,
    "weightedAverageShsOutDil": 222719000,
    "link": "https://www.sec.gov/Archives/edgar/data/47111/000004711115000029/0000047111-15-000029-index.htm",
    "finalLink": "https://www.sec.gov/Archives/edgar/data/47111/000004711115000029/hsy-20150405q1.htm"
  },
  {
    "date": "2014-12-31",
    "symbol": "HSY",
    "reportedCurrency": "USD",
    "cik": "0000047111",
    "fillingDate": "2015-02-20",
    "acceptedDate": "2015-02-20 10:54:51",
    "calendarYear": "2014",
    "period": "Q4",
    "revenue": 2010027000,
    "costOfRevenue": 1122962000,
    "grossProfit": 887065000,
    "grossProfitRatio": 0.4413199425,
    "researchAndDevelopmentExpenses": 0,
    "generalAndAdministrativeExpenses": 0,
    "sellingAndMarketingExpenses": 0,
    "sellingGeneralAndAdministrativeExpenses": 519679000,
    "otherExpenses": 0,
    "operatingExpenses": 519679000,
    "costAndExpenses": 1642641000,
    "interestIncome": 857000,
    "interestExpense": 21597000,
    "depreciationAndAmortization": 58526000,
    "ebitda": 401692000,
    "ebitdaratio": 0.1998440817,
    "operatingIncome": 367386000,
    "operatingIncomeRatio": 0.1827766493,
    "totalOtherIncomeExpensesNet": -45817000,
    "incomeBeforeTax": 321569000,
    "incomeBeforeTaxRatio": 0.1599824281,
    "incomeTaxExpense": 119061000,
    "netIncome": 202508000,
    "netIncomeRatio": 0.1007488954,
    "eps": 0.94,
    "epsdiluted": 0.85,
    "weightedAverageShsOut": 221445000,
    "weightedAverageShsOutDil": 223547000,
    "link": "https://www.sec.gov/Archives/edgar/data/47111/000004711115000010/0000047111-15-000010-index.htm",
    "finalLink": "https://www.sec.gov/Archives/edgar/data/47111/000004711115000010/a2014_formx10-k.htm"
  },
  {
    "date": "2014-09-28",
    "symbol": "HSY",
    "reportedCurrency": "USD",
    "cik": "0000047111",
    "fillingDate": "2014-10-31",
    "acceptedDate": "2014-10-31 08:51:14",
    "calendarYear": "2014",
    "period": "Q3",
    "revenue": 1961578000,
    "costOfRevenue": 1101441000,
    "grossProfit": 860137000,
    "grossProfitRatio": 0.4384923771,
    "researchAndDevelopmentExpenses": 0,
    "generalAndAdministrativeExpenses": 0,
    "sellingAndMarketingExpenses": 0,
    "sellingGeneralAndAdministrativeExpenses": 485097000,
    "otherExpenses": 16372000,
    "operatingExpenses": 501469000,
    "costAndExpenses": 1602910000,
    "interestIncome": 1125000,
    "interestExpense": 21898000,
    "depreciationAndAmortization": 52873000,
    "ebitda": 420194000,
    "ebitdaratio": 0.2142122312,
    "operatingIncome": 361795000,
    "operatingIncomeRatio": 0.1844407921,
    "totalOtherIncomeExpensesNet": -13245000,
    "incomeBeforeTax": 345423000,
    "incomeBeforeTaxRatio": 0.1760944505,
    "incomeTaxExpense": 121682000,
    "netIncome": 223741000,
    "netIncomeRatio": 0.1140617401,
    "eps": 1.03,
    "epsdiluted": 1,
    "weightedAverageShsOut": 221874000,
    "weightedAverageShsOutDil": 223877000,
    "link": "https://www.sec.gov/Archives/edgar/data/47111/000004711114000042/0000047111-14-000042-index.htm",
    "finalLink": "https://www.sec.gov/Archives/edgar/data/47111/000004711114000042/hsy-20140928q3.htm"
  },
  {
    "date": "2014-06-29",
    "symbol": "HSY",
    "reportedCurrency": "USD",
    "cik": "0000047111",
    "fillingDate": "2014-08-01",
    "acceptedDate": "2014-08-01 08:46:14",
    "calendarYear": "2014",
    "period": "Q2",
    "revenue": 1578350000,
    "costOfRevenue": 860876000,
    "grossProfit": 717474000,
    "grossProfitRatio": 0.4545721798,
    "researchAndDevelopmentExpenses": 0,
    "generalAndAdministrativeExpenses": 0,
    "sellingAndMarketingExpenses": 0,
    "sellingGeneralAndAdministrativeExpenses": 438944000,
    "otherExpenses": 1247000,
    "operatingExpenses": 440191000,
    "costAndExpenses": 1301067000,
    "interestIncome": 1138000,
    "interestExpense": 21872000,
    "depreciationAndAmortization": 50830000,
    "ebitda": 329432000,
    "ebitdaratio": 0.2087192321,
    "operatingIncome": 278711000,
    "operatingIncomeRatio": 0.1765837742,
    "totalOtherIncomeExpensesNet": -20553000,
    "incomeBeforeTax": 256730000,
    "incomeBeforeTaxRatio": 0.1626572053,
    "incomeTaxExpense": 88562000,
    "netIncome": 168168000,
    "netIncomeRatio": 0.1065467102,
    "eps": 0.78,
    "epsdiluted": 0.75,
    "weightedAverageShsOut": 222788000,
    "weightedAverageShsOutDil": 224981000,
    "link": "https://www.sec.gov/Archives/edgar/data/47111/000004711114000029/0000047111-14-000029-index.htm",
    "finalLink": "https://www.sec.gov/Archives/edgar/data/47111/000004711114000029/hsy-20140629q2.htm"
  },
  {
    "date": "2014-03-30",
    "symbol": "HSY",
    "reportedCurrency": "USD",
    "cik": "0000047111",
    "fillingDate": "2014-05-02",
    "acceptedDate": "2014-05-02 08:40:28",
    "calendarYear": "2014",
    "period": "Q1",
    "revenue": 1871813000,
    "costOfRevenue": 1000323000,
    "grossProfit": 871490000,
    "grossProfitRatio": 0.4655860388,
    "researchAndDevelopmentExpenses": 0,
    "generalAndAdministrativeExpenses": 0,
    "sellingAndMarketingExpenses": 0,
    "sellingGeneralAndAdministrativeExpenses": 464959000,
    "otherExpenses": 0,
    "operatingExpenses": 464959000,
    "costAndExpenses": 1465282000,
    "interestIncome": 946000,
    "interestExpense": 22231000,
    "depreciationAndAmortization": 49303000,
    "ebitda": 453855000,
    "ebitdaratio": 0.2424681312,
    "operatingIncome": 406531000,
    "operatingIncomeRatio": 0.2171856911,
    "totalOtherIncomeExpensesNet": -24210000,
    "incomeBeforeTax": 382321000,
    "incomeBeforeTaxRatio": 0.2042517068,
    "incomeTaxExpense": 129826000,
    "netIncome": 252495000,
    "netIncomeRatio": 0.1348932826,
    "eps": 1.16,
    "epsdiluted": 1.11,
    "weightedAverageShsOut": 224213000,
    "weightedAverageShsOutDil": 227046000,
    "link": "https://www.sec.gov/Archives/edgar/data/47111/000004711114000016/0000047111-14-000016-index.htm",
    "finalLink": "https://www.sec.gov/Archives/edgar/data/47111/000004711114000016/hsy-20140330q1.htm"
  },
  {
    "date": "2013-12-31",
    "symbol": "HSY",
    "reportedCurrency": "USD",
    "cik": "0000047111",
    "fillingDate": "2014-02-21",
    "acceptedDate": "2014-02-21 09:10:06",
    "calendarYear": "2013",
    "period": "Q4",
    "revenue": 1956253000,
    "costOfRevenue": 1098867000,
    "grossProfit": 857386000,
    "grossProfitRatio": 0.4382797113,
    "researchAndDevelopmentExpenses": 0,
    "generalAndAdministrativeExpenses": 0,
    "sellingAndMarketingExpenses": 0,
    "sellingGeneralAndAdministrativeExpenses": 543783000,
    "otherExpenses": 0,
    "operatingExpenses": 543783000,
    "costAndExpenses": 1642650000,
    "interestIncome": 1049000,
    "interestExpense": 22919000,
    "depreciationAndAmortization": 50476000,
    "ebitda": 359830000,
    "ebitdaratio": 0.1839383761,
    "operatingIncome": 313603000,
    "operatingIncomeRatio": 0.160307997,
    "totalOtherIncomeExpensesNet": -27168000,
    "incomeBeforeTax": 286435000,
    "incomeBeforeTaxRatio": 0.1464202227,
    "incomeTaxExpense": 100360000,
    "netIncome": 186075000,
    "netIncomeRatio": 0.095118065,
    "eps": 0.85,
    "epsdiluted": 0.82,
    "weightedAverageShsOut": 224362000,
    "weightedAverageShsOutDil": 227357000,
    "link": "https://www.sec.gov/Archives/edgar/data/47111/000004711114000006/0000047111-14-000006-index.htm",
    "finalLink": "https://www.sec.gov/Archives/edgar/data/47111/000004711114000006/a2013_form10-kxdraftq4.htm"
  },
  {
    "date": "2013-09-29",
    "symbol": "HSY",
    "reportedCurrency": "USD",
    "cik": "0000047111",
    "fillingDate": "2013-11-01",
    "acceptedDate": "2013-11-01 11:26:44",
    "calendarYear": "2013",
    "period": "Q3",
    "revenue": 1853886000,
    "costOfRevenue": 998335000,
    "grossProfit": 855551000,
    "grossProfitRatio": 0.4614906202,
    "researchAndDevelopmentExpenses": 0,
    "generalAndAdministrativeExpenses": 0,
    "sellingAndMarketingExpenses": 0,
    "sellingGeneralAndAdministrativeExpenses": 481986000,
    "otherExpenses": 0,
    "operatingExpenses": 481986000,
    "costAndExpenses": 1480321000,
    "interestIncome": 696000,
    "interestExpense": 22455000,
    "depreciationAndAmortization": 51682000,
    "ebitda": 423014000,
    "ebitdaratio": 0.2281769213,
    "operatingIncome": 373565000,
    "operatingIncomeRatio": 0.2015037602,
    "totalOtherIncomeExpensesNet": -24688000,
    "incomeBeforeTax": 348877000,
    "incomeBeforeTaxRatio": 0.188186868,
    "incomeTaxExpense": 115892000,
    "netIncome": 232985000,
    "netIncomeRatio": 0.1256738548,
    "eps": 1.07,
    "epsdiluted": 1.03,
    "weightedAverageShsOut": 223993000,
    "weightedAverageShsOutDil": 226887000,
    "link": "https://www.sec.gov/Archives/edgar/data/47111/000004711113000036/0000047111-13-000036-index.htm",
    "finalLink": "https://www.sec.gov/Archives/edgar/data/47111/000004711113000036/hsy-2013092910q.htm"
  },
  {
    "date": "2013-06-30",
    "symbol": "HSY",
    "reportedCurrency": "USD",
    "cik": "0000047111",
    "fillingDate": "2013-08-07",
    "acceptedDate": "2013-08-07 08:02:15",
    "calendarYear": "2013",
    "period": "Q2",
    "revenue": 1508514000,
    "costOfRevenue": 789940000,
    "grossProfit": 718574000,
    "grossProfitRatio": 0.4763455957,
    "researchAndDevelopmentExpenses": 0,
    "generalAndAdministrativeExpenses": 0,
    "sellingAndMarketingExpenses": 0,
    "sellingGeneralAndAdministrativeExpenses": 446070000,
    "otherExpenses": 0,
    "operatingExpenses": 446070000,
    "costAndExpenses": 1236010000,
    "interestIncome": 705000,
    "interestExpense": 21799000,
    "depreciationAndAmortization": 50127000,
    "ebitda": 319749000,
    "ebitdaratio": 0.2119628986,
    "operatingIncome": 272504000,
    "operatingIncomeRatio": 0.180643998,
    "totalOtherIncomeExpensesNet": -21094000,
    "incomeBeforeTax": 247823000,
    "incomeBeforeTaxRatio": 0.1642828638,
    "incomeTaxExpense": 88319000,
    "netIncome": 159504000,
    "netIncomeRatio": 0.1057358434,
    "eps": 0.73,
    "epsdiluted": 0.7,
    "weightedAverageShsOut": 223924000,
    "weightedAverageShsOutDil": 226840000,
    "link": "https://www.sec.gov/Archives/edgar/data/47111/000004711113000028/0000047111-13-000028-index.htm",
    "finalLink": "https://www.sec.gov/Archives/edgar/data/47111/000004711113000028/hsy-2013063010q.htm"
  },
  {
    "date": "2013-03-31",
    "symbol": "HSY",
    "reportedCurrency": "USD",
    "cik": "0000047111",
    "fillingDate": "2013-05-08",
    "acceptedDate": "2013-05-08 14:58:50",
    "calendarYear": "2013",
    "period": "Q1",
    "revenue": 1827426000,
    "costOfRevenue": 978089000,
    "grossProfit": 849337000,
    "grossProfitRatio": 0.4647723082,
    "researchAndDevelopmentExpenses": 0,
    "generalAndAdministrativeExpenses": 0,
    "sellingAndMarketingExpenses": 0,
    "sellingGeneralAndAdministrativeExpenses": 450669000,
    "otherExpenses": 0,
    "operatingExpenses": 450669000,
    "costAndExpenses": 1428758000,
    "interestIncome": 708000,
    "interestExpense": 24341000,
    "depreciationAndAmortization": 48748000,
    "ebitda": 441273000,
    "ebitdaratio": 0.2414724317,
    "operatingIncome": 398668000,
    "operatingIncomeRatio": 0.2181582182,
    "totalOtherIncomeExpensesNet": -23633000,
    "incomeBeforeTax": 368184000,
    "incomeBeforeTaxRatio": 0.2014768313,
    "incomeTaxExpense": 126278000,
    "netIncome": 241906000,
    "netIncomeRatio": 0.1323752644,
    "eps": 1.11,
    "epsdiluted": 1.06,
    "weightedAverageShsOut": 224405000,
    "weightedAverageShsOutDil": 227706000,
    "link": "https://www.sec.gov/Archives/edgar/data/47111/000004711113000019/0000047111-13-000019-index.htm",
    "finalLink": "https://www.sec.gov/Archives/edgar/data/47111/000004711113000019/hsy-2013033110q.htm"
  },
  {
    "date": "2012-12-31",
    "symbol": "HSY",
    "reportedCurrency": "USD",
    "cik": "0000047111",
    "fillingDate": "2013-02-22",
    "acceptedDate": "2013-02-22 15:22:52",
    "calendarYear": "2012",
    "period": "Q4",
    "revenue": 1751035000,
    "costOfRevenue": 995827000,
    "grossProfit": 755208000,
    "grossProfitRatio": 0.43129235,
    "researchAndDevelopmentExpenses": 0,
    "generalAndAdministrativeExpenses": 0,
    "sellingAndMarketingExpenses": 0,
    "sellingGeneralAndAdministrativeExpenses": 485857000,
    "otherExpenses": 0,
    "operatingExpenses": 485857000,
    "costAndExpenses": 1481684000,
    "interestIncome": 1005000,
    "interestExpense": 23671000,
    "depreciationAndAmortization": 47189000,
    "ebitda": 300811000,
    "ebitdaratio": 0.1717903983,
    "operatingIncome": 269351000,
    "operatingIncomeRatio": 0.1538238813,
    "totalOtherIncomeExpensesNet": -39400000,
    "incomeBeforeTax": 229951000,
    "incomeBeforeTaxRatio": 0.1313229033,
    "incomeTaxExpense": 80072000,
    "netIncome": 149879000,
    "netIncomeRatio": 0.0855945198,
    "eps": 0.69,
    "epsdiluted": 0.66,
    "weightedAverageShsOut": 223979000,
    "weightedAverageShsOutDil": 227264000,
    "link": "https://www.sec.gov/Archives/edgar/data/47111/000004711113000007/0000047111-13-000007-index.htm",
    "finalLink": "https://www.sec.gov/Archives/edgar/data/47111/000004711113000007/a2012_form10-kxdraft.htm"
  },
  {
    "date": "2012-09-30",
    "symbol": "HSY",
    "reportedCurrency": "USD",
    "cik": "0000047111",
    "fillingDate": "2012-11-07",
    "acceptedDate": "2012-11-07 09:12:03",
    "calendarYear": "2012",
    "period": "Q3",
    "revenue": 1746709000,
    "costOfRevenue": 1003952000,
    "grossProfit": 742757000,
    "grossProfitRatio": 0.4252322511,
    "researchAndDevelopmentExpenses": 0,
    "generalAndAdministrativeExpenses": 0,
    "sellingAndMarketingExpenses": 0,
    "sellingGeneralAndAdministrativeExpenses": 420972000,
    "otherExpenses": 20055000,
    "operatingExpenses": 441027000,
    "costAndExpenses": 1444979000,
    "interestIncome": 585000,
    "interestExpense": 25120000,
    "depreciationAndAmortization": 53213000,
    "ebitda": 355528000,
    "ebitdaratio": 0.2035416317,
    "operatingIncome": 301730000,
    "operatingIncomeRatio": 0.1727419965,
    "totalOtherIncomeExpensesNet": -24535000,
    "incomeBeforeTax": 277195000,
    "incomeBeforeTaxRatio": 0.1586955812,
    "incomeTaxExpense": 100479000,
    "netIncome": 176716000,
    "netIncomeRatio": 0.1011708304,
    "eps": 0.78,
    "epsdiluted": 0.77,
    "weightedAverageShsOut": 225316000,
    "weightedAverageShsOutDil": 228608000,
    "link": "https://www.sec.gov/Archives/edgar/data/47111/000004711112000050/0000047111-12-000050-index.htm",
    "finalLink": "https://www.sec.gov/Archives/edgar/data/47111/000004711112000050/hsy-20120930x10q.htm"
  },
  {
    "date": "2012-07-01",
    "symbol": "HSY",
    "reportedCurrency": "USD",
    "cik": "0000047111",
    "fillingDate": "2012-08-08",
    "acceptedDate": "2012-08-08 10:45:36",
    "calendarYear": "2012",
    "period": "Q2",
    "revenue": 1414444000,
    "costOfRevenue": 795923000,
    "grossProfit": 618521000,
    "grossProfitRatio": 0.4372891398,
    "researchAndDevelopmentExpenses": 0,
    "generalAndAdministrativeExpenses": 0,
    "sellingAndMarketingExpenses": 0,
    "sellingGeneralAndAdministrativeExpenses": 391405000,
    "otherExpenses": 4845000,
    "operatingExpenses": 396250000,
    "costAndExpenses": 1192173000,
    "interestIncome": 704000,
    "interestExpense": 25048000,
    "depreciationAndAmortization": 54767000,
    "ebitda": 277742000,
    "ebitdaratio": 0.1963612557,
    "operatingIncome": 222271000,
    "operatingIncomeRatio": 0.1571437257,
    "totalOtherIncomeExpensesNet": -24344000,
    "incomeBeforeTax": 197927000,
    "incomeBeforeTaxRatio": 0.1399327227,
    "incomeTaxExpense": 62242000,
    "netIncome": 135685000,
    "netIncomeRatio": 0.0959281527,
    "eps": 0.6,
    "epsdiluted": 0.59,
    "weightedAverageShsOut": 225651000,
    "weightedAverageShsOutDil": 228853000,
    "link": "https://www.sec.gov/Archives/edgar/data/47111/000004711112000045/0000047111-12-000045-index.htm",
    "finalLink": "https://www.sec.gov/Archives/edgar/data/47111/000004711112000045/hsy-20120701x10q.htm"
  },
  {
    "date": "2012-04-01",
    "symbol": "HSY",
    "reportedCurrency": "USD",
    "cik": "0000047111",
    "fillingDate": "2012-05-09",
    "acceptedDate": "2012-05-09 10:32:00",
    "calendarYear": "2012",
    "period": "Q1",
    "revenue": 1732064000,
    "costOfRevenue": 988668000,
    "grossProfit": 743396000,
    "grossProfitRatio": 0.4291966117,
    "researchAndDevelopmentExpenses": 0,
    "generalAndAdministrativeExpenses": 0,
    "sellingAndMarketingExpenses": 0,
    "sellingGeneralAndAdministrativeExpenses": 405562000,
    "otherExpenses": 3304000,
    "operatingExpenses": 408866000,
    "costAndExpenses": 1397534000,
    "interestIncome": 646000,
    "interestExpense": 24670000,
    "depreciationAndAmortization": 54868000,
    "ebitda": 390044000,
    "ebitdaratio": 0.2251902932,
    "operatingIncome": 334530000,
    "operatingIncomeRatio": 0.1931395145,
    "totalOtherIncomeExpensesNet": -24024000,
    "incomeBeforeTax": 310506000,
    "incomeBeforeTaxRatio": 0.1792693573,
    "incomeTaxExpense": 111855000,
    "netIncome": 198651000,
    "netIncomeRatio": 0.1146903348,
    "eps": 1.73,
    "epsdiluted": 0.87,
    "weightedAverageShsOut": 225234000,
    "weightedAverageShsOutDil": 228655000,
    "link": "https://www.sec.gov/Archives/edgar/data/47111/000004711112000035/0000047111-12-000035-index.htm",
    "finalLink": "https://www.sec.gov/Archives/edgar/data/47111/000004711112000035/hsy-20120401x10q.htm"
  },
  {
    "date": "2011-12-31",
    "symbol": "HSY",
    "reportedCurrency": "USD",
    "cik": "0000047111",
    "fillingDate": "2012-02-17",
    "acceptedDate": "2012-02-17 14:19:50",
    "calendarYear": "2011",
    "period": "Q4",
    "revenue": 1567145000,
    "costOfRevenue": 935939000,
    "grossProfit": 631206000,
    "grossProfitRatio": 0.402774472,
    "researchAndDevelopmentExpenses": 0,
    "generalAndAdministrativeExpenses": 0,
    "sellingAndMarketingExpenses": 0,
    "sellingGeneralAndAdministrativeExpenses": 397156000,
    "otherExpenses": 5041000,
    "operatingExpenses": 402197000,
    "costAndExpenses": 1338136000,
    "interestIncome": 621000,
    "interestExpense": 21935000,
    "depreciationAndAmortization": 58202000,
    "ebitda": 287832000,
    "ebitdaratio": 0.1836664763,
    "operatingIncome": 229009000,
    "operatingIncomeRatio": 0.1461313408,
    "totalOtherIncomeExpensesNet": -21314000,
    "incomeBeforeTax": 207695000,
    "incomeBeforeTaxRatio": 0.1325308124,
    "incomeTaxExpense": 65562000,
    "netIncome": 142133000,
    "netIncomeRatio": 0.0906955004,
    "eps": 0.63,
    "epsdiluted": 0.62,
    "weightedAverageShsOut": 225655000,
    "weightedAverageShsOutDil": 229117000,
    "link": "https://www.sec.gov/Archives/edgar/data/47111/000119312512067143/0001193125-12-067143-index.htm",
    "finalLink": "https://www.sec.gov/Archives/edgar/data/47111/000119312512067143/d251393d10k.htm"
  },
  {
    "date": "2011-10-02",
    "symbol": "HSY",
    "reportedCurrency": "USD",
    "cik": "0000047111",
    "fillingDate": "2011-11-04",
    "acceptedDate": "2011-11-04 14:12:31",
    "calendarYear": "2011",
    "period": "Q3",
    "revenue": 1624249000,
    "costOfRevenue": 944068000,
    "grossProfit": 680181000,
    "grossProfitRatio": 0.4187664576,
    "researchAndDevelopmentExpenses": 0,
    "generalAndAdministrativeExpenses": 0,
    "sellingAndMarketingExpenses": 0,
    "sellingGeneralAndAdministrativeExpenses": 356878000,
    "otherExpenses": 2187000,
    "operatingExpenses": 359065000,
    "costAndExpenses": 1303133000,
    "interestIncome": 23041000,
    "interestExpense": 0,
    "depreciationAndAmortization": 54769000,
    "ebitda": 378072000,
    "ebitdaratio": 0.2327672666,
    "operatingIncome": 321116000,
    "operatingIncomeRatio": 0.1977012145,
    "totalOtherIncomeExpensesNet": -23041000,
    "incomeBeforeTax": 298075000,
    "incomeBeforeTaxRatio": 0.1835155817,
    "incomeTaxExpense": 101380000,
    "netIncome": 196695000,
    "netIncomeRatio": 0.1210990433,
    "eps": 0.87,
    "epsdiluted": 0.86,
    "weightedAverageShsOut": 226549000,
    "weightedAverageShsOutDil": 229849000,
    "link": "https://www.sec.gov/Archives/edgar/data/47111/000004711111000079/0000047111-11-000079-index.htm",
    "finalLink": "https://www.sec.gov/Archives/edgar/data/47111/000004711111000079/f10q_3q2011.htm"
  },
  {
    "date": "2011-07-03",
    "symbol": "HSY",
    "reportedCurrency": "USD",
    "cik": "0000047111",
    "fillingDate": "2011-08-10",
    "acceptedDate": "2011-08-10 15:13:09",
    "calendarYear": "2011",
    "period": "Q2",
    "revenue": 1325171000,
    "costOfRevenue": 760851000,
    "grossProfit": 564320000,
    "grossProfitRatio": 0.4258469284,
    "researchAndDevelopmentExpenses": 0,
    "generalAndAdministrativeExpenses": 0,
    "sellingAndMarketingExpenses": 0,
    "sellingGeneralAndAdministrativeExpenses": 345918000,
    "otherExpenses": -9952000,
    "operatingExpenses": 335966000,
    "costAndExpenses": 1096817000,
    "interestIncome": 0,
    "interestExpense": 23351000,
    "depreciationAndAmortization": 51738000,
    "ebitda": 280092000,
    "ebitdaratio": 0.2113629109,
    "operatingIncome": 228354000,
    "operatingIncomeRatio": 0.1723204024,
    "totalOtherIncomeExpensesNet": -23351000,
    "incomeBeforeTax": 205003000,
    "incomeBeforeTaxRatio": 0.1546992803,
    "incomeTaxExpense": 74984000,
    "netIncome": 130019000,
    "netIncomeRatio": 0.0981148848,
    "eps": 0.57,
    "epsdiluted": 0.56,
    "weightedAverageShsOut": 226934000,
    "weightedAverageShsOutDil": 230301000,
    "link": "https://www.sec.gov/Archives/edgar/data/47111/000004711111000066/0000047111-11-000066-index.htm",
    "finalLink": "https://www.sec.gov/Archives/edgar/data/47111/000004711111000066/f10q_2q2011.htm"
  },
  {
    "date": "2011-04-03",
    "symbol": "HSY",
    "reportedCurrency": "USD",
    "cik": "0000047111",
    "fillingDate": "2011-05-11",
    "acceptedDate": "2011-05-11 11:20:58",
    "calendarYear": "2011",
    "period": "Q1",
    "revenue": 1564223000,
    "costOfRevenue": 908038000,
    "grossProfit": 656185000,
    "grossProfitRatio": 0.4194958136,
    "researchAndDevelopmentExpenses": 0,
    "generalAndAdministrativeExpenses": 0,
    "sellingAndMarketingExpenses": 0,
    "sellingGeneralAndAdministrativeExpenses": 377798000,
    "otherExpenses": 1838000,
    "operatingExpenses": 379636000,
    "costAndExpenses": 1287674000,
    "interestIncome": 790000,
    "interestExpense": 25267000,
    "depreciationAndAmortization": 51054000,
    "ebitda": 328393000,
    "ebitdaratio": 0.2099400149,
    "operatingIncome": 276549000,
    "operatingIncomeRatio": 0.1767964031,
    "totalOtherIncomeExpensesNet": -24477000,
    "incomeBeforeTax": 252072000,
    "incomeBeforeTaxRatio": 0.1611483785,
    "incomeTaxExpense": 91957000,
    "netIncome": 160115000,
    "netIncomeRatio": 0.1023607248,
    "eps": 0.7,
    "epsdiluted": 0.7,
    "weightedAverageShsOut": 227134000,
    "weightedAverageShsOutDil": 230194000,
    "link": "https://www.sec.gov/Archives/edgar/data/47111/000004711111000041/0000047111-11-000041-index.htm",
    "finalLink": "https://www.sec.gov/Archives/edgar/data/47111/000004711111000041/f10q_1q2011.htm"
  },
  {
    "date": "2010-12-31",
    "symbol": "HSY",
    "reportedCurrency": "USD",
    "cik": "0000047111",
    "fillingDate": "2011-02-18",
    "acceptedDate": "2011-02-18 08:41:33",
    "calendarYear": "2010",
    "period": "Q4",
    "revenue": 1482809000,
    "costOfRevenue": 863339000,
    "grossProfit": 619470000,
    "grossProfitRatio": 0.4177678986,
    "researchAndDevelopmentExpenses": 0,
    "generalAndAdministrativeExpenses": 0,
    "sellingAndMarketingExpenses": 0,
    "sellingGeneralAndAdministrativeExpenses": 391227000,
    "otherExpenses": 351000,
    "operatingExpenses": 391578000,
    "costAndExpenses": 1254917000,
    "interestIncome": 441000,
    "interestExpense": 28087000,
    "depreciationAndAmortization": 51380000,
    "ebitda": 279713000,
    "ebitdaratio": 0.1886372419,
    "operatingIncome": 227892000,
    "operatingIncomeRatio": 0.1536893828,
    "totalOtherIncomeExpensesNet": -27646000,
    "incomeBeforeTax": 200246000,
    "incomeBeforeTaxRatio": 0.1350450395,
    "incomeTaxExpense": 64733000,
    "netIncome": 135513000,
    "netIncomeRatio": 0.0913893833,
    "eps": 0.59,
    "epsdiluted": 0.59,
    "weightedAverageShsOut": 227746000,
    "weightedAverageShsOutDil": 230500000,
    "link": "https://www.sec.gov/Archives/edgar/data/47111/000119312511039789/0001193125-11-039789-index.htm",
    "finalLink": "https://www.sec.gov/Archives/edgar/data/47111/000119312511039789/d10k.htm"
  },
  {
    "date": "2010-10-03",
    "symbol": "HSY",
    "reportedCurrency": "USD",
    "cik": "0000047111",
    "fillingDate": "2010-11-10",
    "acceptedDate": "2010-11-10 12:01:51",
    "calendarYear": "2010",
    "period": "Q3",
    "revenue": 1547115000,
    "costOfRevenue": 891895000,
    "grossProfit": 655220000,
    "grossProfitRatio": 0.4235108573,
    "researchAndDevelopmentExpenses": 0,
    "generalAndAdministrativeExpenses": 0,
    "sellingAndMarketingExpenses": 0,
    "sellingGeneralAndAdministrativeExpenses": 357624000,
    "otherExpenses": -2052000,
    "operatingExpenses": 355572000,
    "costAndExpenses": 1247467000,
    "interestIncome": 22259000,
    "interestExpense": 0,
    "depreciationAndAmortization": 52438000,
    "ebitda": 329827000,
    "ebitdaratio": 0.2131884184,
    "operatingIncome": 299648000,
    "operatingIncomeRatio": 0.1936817884,
    "totalOtherIncomeExpensesNet": -22259000,
    "incomeBeforeTax": 277389000,
    "incomeBeforeTaxRatio": 0.179294364,
    "incomeTaxExpense": 97220000,
    "netIncome": 180169000,
    "netIncomeRatio": 0.1164548207,
    "eps": 0.81,
    "epsdiluted": 0.78,
    "weightedAverageShsOut": 166900000,
    "weightedAverageShsOutDil": 230491000,
    "link": "https://www.sec.gov/Archives/edgar/data/47111/000004711110000052/0000047111-10-000052-index.htm",
    "finalLink": "https://www.sec.gov/Archives/edgar/data/47111/000004711110000052/f10q_3q2010.htm"
  },
  {
    "date": "2010-07-04",
    "symbol": "HSY",
    "reportedCurrency": "USD",
    "cik": "0000047111",
    "fillingDate": "2010-08-11",
    "acceptedDate": "2010-08-11 11:04:24",
    "calendarYear": "2010",
    "period": "Q2",
    "revenue": 1233242000,
    "costOfRevenue": 686704000,
    "grossProfit": 546538000,
    "grossProfitRatio": 0.4431717376,
    "researchAndDevelopmentExpenses": 0,
    "generalAndAdministrativeExpenses": 0,
    "sellingAndMarketingExpenses": 0,
    "sellingGeneralAndAdministrativeExpenses": 336980000,
    "otherExpenses": 85134000,
    "operatingExpenses": 422114000,
    "costAndExpenses": 1108818000,
    "interestIncome": 0,
    "interestExpense": 22780000,
    "depreciationAndAmortization": 45968000,
    "ebitda": 170392000,
    "ebitdaratio": 0.1381659074,
    "operatingIncome": 124424000,
    "operatingIncomeRatio": 0.1008917958,
    "totalOtherIncomeExpensesNet": -22780000,
    "incomeBeforeTax": 101644000,
    "incomeBeforeTaxRatio": 0.0824201576,
    "incomeTaxExpense": 54921000,
    "netIncome": 46723000,
    "netIncomeRatio": 0.0378863191,
    "eps": 0.21,
    "epsdiluted": 0.2,
    "weightedAverageShsOut": 227590000,
    "weightedAverageShsOutDil": 230324000,
    "link": "https://www.sec.gov/Archives/edgar/data/47111/000004711110000031/0000047111-10-000031-index.htm",
    "finalLink": "https://www.sec.gov/Archives/edgar/data/47111/000004711110000031/f10q_2q2010.htm"
  },
  {
    "date": "2010-04-04",
    "symbol": "HSY",
    "reportedCurrency": "USD",
    "cik": "0000047111",
    "fillingDate": "2010-05-12",
    "acceptedDate": "2010-05-12 08:56:42",
    "calendarYear": "2010",
    "period": "Q1",
    "revenue": 1407843000,
    "costOfRevenue": 813863000,
    "grossProfit": 593980000,
    "grossProfitRatio": 0.4219078406,
    "researchAndDevelopmentExpenses": 0,
    "generalAndAdministrativeExpenses": 0,
    "sellingAndMarketingExpenses": 0,
    "sellingGeneralAndAdministrativeExpenses": 340646000,
    "otherExpenses": 0,
    "operatingExpenses": 340646000,
    "costAndExpenses": 1154509000,
    "interestIncome": 215000,
    "interestExpense": 23964000,
    "depreciationAndAmortization": 47330000,
    "ebitda": 300879000,
    "ebitdaratio": 0.2137163022,
    "operatingIncome": 253334000,
    "operatingIncomeRatio": 0.1799447808,
    "totalOtherIncomeExpensesNet": -23749000,
    "incomeBeforeTax": 229585000,
    "incomeBeforeTaxRatio": 0.1630757123,
    "incomeTaxExpense": 82191000,
    "netIncome": 147394000,
    "netIncomeRatio": 0.1046949127,
    "eps": 0.65,
    "epsdiluted": 0.64,
    "weightedAverageShsOut": 227966000,
    "weightedAverageShsOutDil": 229551000,
    "link": "https://www.sec.gov/Archives/edgar/data/47111/000004711110000018/0000047111-10-000018-index.htm",
    "finalLink": "https://www.sec.gov/Archives/edgar/data/47111/000004711110000018/f10q_1q2010.htm"
  },
  {
    "date": "2009-12-31",
    "symbol": "HSY",
    "reportedCurrency": "USD",
    "cik": "0000047111",
    "fillingDate": "2010-02-19",
    "acceptedDate": "2010-02-19 09:15:03",
    "calendarYear": "2009",
    "period": "Q4",
    "revenue": 1407336000,
    "costOfRevenue": 836815000,
    "grossProfit": 570521000,
    "grossProfitRatio": 0.4053907525,
    "researchAndDevelopmentExpenses": 0,
    "generalAndAdministrativeExpenses": 0,
    "sellingAndMarketingExpenses": 0,
    "sellingGeneralAndAdministrativeExpenses": 334040000,
    "otherExpenses": 24125000,
    "operatingExpenses": 358165000,
    "costAndExpenses": 1194980000,
    "interestIncome": 184000,
    "interestExpense": 21711000,
    "depreciationAndAmortization": 43537000,
    "ebitda": 256077000,
    "ebitdaratio": 0.1819586794,
    "operatingIncome": 212356000,
    "operatingIncomeRatio": 0.1508921821,
    "totalOtherIncomeExpensesNet": -21527000,
    "incomeBeforeTax": 190829000,
    "incomeBeforeTaxRatio": 0.135595906,
    "incomeTaxExpense": 64050000,
    "netIncome": 126779000,
    "netIncomeRatio": 0.0900843864,
    "eps": 0.55,
    "epsdiluted": 0.55,
    "weightedAverageShsOut": 228310000,
    "weightedAverageShsOutDil": 229600000,
    "link": "https://www.sec.gov/Archives/edgar/data/47111/000119312510034780/0001193125-10-034780-index.htm",
    "finalLink": "https://www.sec.gov/Archives/edgar/data/47111/000119312510034780/d10k.htm"
  },
  {
    "date": "2009-10-04",
    "symbol": "HSY",
    "reportedCurrency": "USD",
    "cik": "0000047111",
    "fillingDate": "2009-11-12",
    "acceptedDate": "2009-11-12 10:17:02",
    "calendarYear": "2009",
    "period": "Q3",
    "revenue": 1484118000,
    "costOfRevenue": 895020000,
    "grossProfit": 589098000,
    "grossProfitRatio": 0.3969347451,
    "researchAndDevelopmentExpenses": 0,
    "generalAndAdministrativeExpenses": 0,
    "sellingAndMarketingExpenses": 0,
    "sellingGeneralAndAdministrativeExpenses": 301466000,
    "otherExpenses": 8008000,
    "operatingExpenses": 309474000,
    "costAndExpenses": 1204494000,
    "interestIncome": 0,
    "interestExpense": 0,
    "depreciationAndAmortization": 44816000,
    "ebitda": 332448000,
    "ebitdaratio": 0.2240037517,
    "operatingIncome": 279624000,
    "operatingIncomeRatio": 0.1884108946,
    "totalOtherIncomeExpensesNet": -22302000,
    "incomeBeforeTax": 257322000,
    "incomeBeforeTaxRatio": 0.1733837875,
    "incomeTaxExpense": 95299000,
    "netIncome": 162023000,
    "netIncomeRatio": 0.1091712384,
    "eps": 0.71,
    "epsdiluted": 0.71,
    "weightedAverageShsOut": 228008000,
    "weightedAverageShsOutDil": 229553000,
    "link": "https://www.sec.gov/Archives/edgar/data/47111/000004711109000050/0000047111-09-000050-index.htm",
    "finalLink": "https://www.sec.gov/Archives/edgar/data/47111/000004711109000050/f10q_3q2009.htm"
  },
  {
    "date": "2009-07-05",
    "symbol": "HSY",
    "reportedCurrency": "USD",
    "cik": "0000047111",
    "fillingDate": "2009-08-13",
    "acceptedDate": "2009-08-13 07:11:52",
    "calendarYear": "2009",
    "period": "Q2",
    "revenue": 1171183000,
    "costOfRevenue": 717893000,
    "grossProfit": 453290000,
    "grossProfitRatio": 0.387036014,
    "researchAndDevelopmentExpenses": 0,
    "generalAndAdministrativeExpenses": 0,
    "sellingAndMarketingExpenses": 0,
    "sellingGeneralAndAdministrativeExpenses": 298710000,
    "otherExpenses": 37904000,
    "operatingExpenses": 336614000,
    "costAndExpenses": 1054507000,
    "interestIncome": 0,
    "interestExpense": 0,
    "depreciationAndAmortization": 47181000,
    "ebitda": 201761000,
    "ebitdaratio": 0.1722711139,
    "operatingIncome": 116676000,
    "operatingIncomeRatio": 0.0996223477,
    "totalOtherIncomeExpensesNet": -22734000,
    "incomeBeforeTax": 93942000,
    "incomeBeforeTaxRatio": 0.0802112053,
    "incomeTaxExpense": 22644000,
    "netIncome": 71298000,
    "netIncomeRatio": 0.0608769082,
    "eps": 0.31,
    "epsdiluted": 0.31,
    "weightedAverageShsOut": 227566000,
    "weightedAverageShsOutDil": 228489000,
    "link": "https://www.sec.gov/Archives/edgar/data/47111/000004711109000038/0000047111-09-000038-index.htm",
    "finalLink": "https://www.sec.gov/Archives/edgar/data/47111/000004711109000038/f10q_2q2009.htm"
  },
  {
    "date": "2009-04-05",
    "symbol": "HSY",
    "reportedCurrency": "USD",
    "cik": "0000047111",
    "fillingDate": "2009-05-13",
    "acceptedDate": "2009-05-13 11:14:52",
    "calendarYear": "2009",
    "period": "Q1",
    "revenue": 1236031000,
    "costOfRevenue": 795803000,
    "grossProfit": 440228000,
    "grossProfitRatio": 0.3561625882,
    "researchAndDevelopmentExpenses": 0,
    "generalAndAdministrativeExpenses": 0,
    "sellingAndMarketingExpenses": 0,
    "sellingGeneralAndAdministrativeExpenses": 274456000,
    "otherExpenses": 12838000,
    "operatingExpenses": 287294000,
    "costAndExpenses": 1083097000,
    "interestIncome": 874000,
    "interestExpense": 24173000,
    "depreciationAndAmortization": 46877000,
    "ebitda": 200088000,
    "ebitdaratio": 0.1618794351,
    "operatingIncome": 152934000,
    "operatingIncomeRatio": 0.1237299065,
    "totalOtherIncomeExpensesNet": -23896000,
    "incomeBeforeTax": 129038000,
    "incomeBeforeTaxRatio": 0.104397058,
    "incomeTaxExpense": 53144000,
    "netIncome": 75894000,
    "netIncomeRatio": 0.0614013726,
    "eps": 0.33,
    "epsdiluted": 0.33,
    "weightedAverageShsOut": 227478000,
    "weightedAverageShsOutDil": 228284000,
    "link": "https://www.sec.gov/Archives/edgar/data/47111/000004711109000021/0000047111-09-000021-index.htm",
    "finalLink": "https://www.sec.gov/Archives/edgar/data/47111/000004711109000021/f10q_lstq09.htm"
  },
  {
    "date": "2008-12-31",
    "symbol": "HSY",
    "reportedCurrency": "USD",
    "cik": "0000047111",
    "fillingDate": "2009-02-20",
    "acceptedDate": "2009-02-20 09:10:32",
    "calendarYear": "2008",
    "period": "Q4",
    "revenue": 1377380000,
    "costOfRevenue": 879854000,
    "grossProfit": 497526000,
    "grossProfitRatio": 0.361211866,
    "researchAndDevelopmentExpenses": 0,
    "generalAndAdministrativeExpenses": 0,
    "sellingAndMarketingExpenses": 0,
    "sellingGeneralAndAdministrativeExpenses": 284057000,
    "otherExpenses": 60053000,
    "operatingExpenses": 344110000,
    "costAndExpenses": 1223964000,
    "interestIncome": 0,
    "interestExpense": 0,
    "depreciationAndAmortization": 58729000,
    "ebitda": 179199000,
    "ebitdaratio": 0.1301013518,
    "operatingIncome": 153416000,
    "operatingIncomeRatio": 0.1113824798,
    "totalOtherIncomeExpensesNet": -24965000,
    "incomeBeforeTax": 128451000,
    "incomeBeforeTaxRatio": 0.0932574889,
    "incomeTaxExpense": 46296000,
    "netIncome": 82155000,
    "netIncomeRatio": 0.0596458494,
    "eps": 0.36,
    "epsdiluted": 0.36,
    "weightedAverageShsOut": 227462000,
    "weightedAverageShsOutDil": 228700000,
    "link": "https://www.sec.gov/Archives/edgar/data/47111/000119312509033670/0001193125-09-033670-index.htm",
    "finalLink": "https://www.sec.gov/Archives/edgar/data/47111/000119312509033670/d10k.htm"
  },
  {
    "date": "2008-09-28",
    "symbol": "HSY",
    "reportedCurrency": "USD",
    "cik": "0000047111",
    "fillingDate": "2008-11-05",
    "acceptedDate": "2008-11-05 10:34:41",
    "calendarYear": "2008",
    "period": "Q3",
    "revenue": 1489609000,
    "costOfRevenue": 988380000,
    "grossProfit": 501229000,
    "grossProfitRatio": 0.3364836007,
    "researchAndDevelopmentExpenses": 0,
    "generalAndAdministrativeExpenses": 0,
    "sellingAndMarketingExpenses": 0,
    "sellingGeneralAndAdministrativeExpenses": 272401000,
    "otherExpenses": 8877000,
    "operatingExpenses": 281278000,
    "costAndExpenses": 1269658000,
    "interestIncome": 0,
    "interestExpense": 0,
    "depreciationAndAmortization": 65674000,
    "ebitda": 294502000,
    "ebitdaratio": 0.1977042298,
    "operatingIncome": 219951000,
    "operatingIncomeRatio": 0.1476568683,
    "totalOtherIncomeExpensesNet": -24915000,
    "incomeBeforeTax": 195036000,
    "incomeBeforeTaxRatio": 0.1309310027,
    "incomeTaxExpense": 70498000,
    "netIncome": 124538000,
    "netIncomeRatio": 0.0836044895,
    "eps": 0.55,
    "epsdiluted": 0.54,
    "weightedAverageShsOut": 227466000,
    "weightedAverageShsOutDil": 228670000,
    "link": "https://www.sec.gov/Archives/edgar/data/47111/000004711108000115/0000047111-08-000115-index.htm",
    "finalLink": "https://www.sec.gov/Archives/edgar/data/47111/000004711108000115/f10q_3q2008.htm"
  },
  {
    "date": "2008-06-29",
    "symbol": "HSY",
    "reportedCurrency": "USD",
    "cik": "0000047111",
    "fillingDate": "2008-08-06",
    "acceptedDate": "2008-08-06 09:53:04",
    "calendarYear": "2008",
    "period": "Q2",
    "revenue": 1105437000,
    "costOfRevenue": 722926000,
    "grossProfit": 382511000,
    "grossProfitRatio": 0.3460269559,
    "researchAndDevelopmentExpenses": 0,
    "generalAndAdministrativeExpenses": 0,
    "sellingAndMarketingExpenses": 0,
    "sellingGeneralAndAdministrativeExpenses": 266612000,
    "otherExpenses": 21786000,
    "operatingExpenses": 288398000,
    "costAndExpenses": 1011324000,
    "interestIncome": 0,
    "interestExpense": 0,
    "depreciationAndAmortization": 56791000,
    "ebitda": 172690000,
    "ebitdaratio": 0.1562187624,
    "operatingIncome": 94113000,
    "operatingIncomeRatio": 0.0851364664,
    "totalOtherIncomeExpensesNet": -23610000,
    "incomeBeforeTax": 70503000,
    "incomeBeforeTaxRatio": 0.0637783971,
    "incomeTaxExpense": 29036000,
    "netIncome": 41467000,
    "netIncomeRatio": 0.0375118618,
    "eps": 0.18,
    "epsdiluted": 0.18,
    "weightedAverageShsOut": 228664000,
    "weightedAverageShsOutDil": 228664000,
    "link": "https://www.sec.gov/Archives/edgar/data/47111/000004711108000103/0000047111-08-000103-index.htm",
    "finalLink": "https://www.sec.gov/Archives/edgar/data/47111/000004711108000103/f10q_2q2008.htm"
  },
  {
    "date": "2008-03-30",
    "symbol": "HSY",
    "reportedCurrency": "USD",
    "cik": "0000047111",
    "fillingDate": "2008-05-07",
    "acceptedDate": "2008-05-07 09:01:04",
    "calendarYear": "2008",
    "period": "Q1",
    "revenue": 1160342000,
    "costOfRevenue": 783890000,
    "grossProfit": 376452000,
    "grossProfitRatio": 0.3244319347,
    "researchAndDevelopmentExpenses": 0,
    "generalAndAdministrativeExpenses": 0,
    "sellingAndMarketingExpenses": 0,
    "sellingGeneralAndAdministrativeExpenses": 249949000,
    "otherExpenses": 4085000,
    "operatingExpenses": 254034000,
    "costAndExpenses": 1037924000,
    "interestIncome": 2069000,
    "interestExpense": 26455000,
    "depreciationAndAmortization": 68297000,
    "ebitda": 192784000,
    "ebitdaratio": 0.1661441196,
    "operatingIncome": 122418000,
    "operatingIncomeRatio": 0.1055016538,
    "totalOtherIncomeExpensesNet": -24386000,
    "incomeBeforeTax": 98032000,
    "incomeBeforeTaxRatio": 0.0844854362,
    "incomeTaxExpense": 34787000,
    "netIncome": 63245000,
    "netIncomeRatio": 0.054505482,
    "eps": 0.28,
    "epsdiluted": 0.28,
    "weightedAverageShsOut": 227577000,
    "weightedAverageShsOutDil": 228926000,
    "link": "https://www.sec.gov/Archives/edgar/data/47111/000004711108000091/0000047111-08-000091-index.htm",
    "finalLink": "https://www.sec.gov/Archives/edgar/data/47111/000004711108000091/f10q_1q2008.htm"
  },
  {
    "date": "2007-12-31",
    "symbol": "HSY",
    "reportedCurrency": "USD",
    "cik": "0000047111",
    "fillingDate": "2008-02-19",
    "acceptedDate": "2008-02-19 08:56:06",
    "calendarYear": "2007",
    "period": "Q4",
    "revenue": 1342222000,
    "costOfRevenue": 924745000,
    "grossProfit": 417477000,
    "grossProfitRatio": 0.3110342402,
    "researchAndDevelopmentExpenses": 0,
    "generalAndAdministrativeExpenses": 0,
    "sellingAndMarketingExpenses": 0,
    "sellingGeneralAndAdministrativeExpenses": 232762000,
    "otherExpenses": 57552000,
    "operatingExpenses": 290314000,
    "costAndExpenses": 1215059000,
    "interestIncome": 0,
    "interestExpense": 0,
    "depreciationAndAmortization": 83149000,
    "ebitda": 267864000,
    "ebitdaratio": 0.1995675827,
    "operatingIncome": 127163000,
    "operatingIncomeRatio": 0.0947406614,
    "totalOtherIncomeExpensesNet": -28062000,
    "incomeBeforeTax": 99101000,
    "incomeBeforeTaxRatio": 0.0738335387,
    "incomeTaxExpense": 44758000,
    "netIncome": 54343000,
    "netIncomeRatio": 0.0404873411,
    "eps": 0.24,
    "epsdiluted": 0.24,
    "weightedAverageShsOut": 227314176,
    "weightedAverageShsOutDil": 228900000,
    "link": "https://www.sec.gov/Archives/edgar/data/47111/000119312508033182/0001193125-08-033182-index.htm",
    "finalLink": "https://www.sec.gov/Archives/edgar/data/47111/000119312508033182/d10k.htm"
  },
  {
    "date": "2007-09-30",
    "symbol": "HSY",
    "reportedCurrency": "USD",
    "cik": "0000047111",
    "fillingDate": "2007-11-07",
    "acceptedDate": "2007-11-07 08:38:00",
    "calendarYear": "2007",
    "period": "Q3",
    "revenue": 1399469000,
    "costOfRevenue": 928846000,
    "grossProfit": 470623000,
    "grossProfitRatio": 0.3362868345,
    "researchAndDevelopmentExpenses": 0,
    "generalAndAdministrativeExpenses": 0,
    "sellingAndMarketingExpenses": 0,
    "sellingGeneralAndAdministrativeExpenses": 229809000,
    "otherExpenses": 112043000,
    "operatingExpenses": 341852000,
    "costAndExpenses": 1270698000,
    "interestIncome": 0,
    "interestExpense": 0,
    "depreciationAndAmortization": 83773000,
    "ebitda": 324587000,
    "ebitdaratio": 0.2319358271,
    "operatingIncome": 128771000,
    "operatingIncomeRatio": 0.0920141854,
    "totalOtherIncomeExpensesNet": -33055000,
    "incomeBeforeTax": 95716000,
    "incomeBeforeTaxRatio": 0.0683945125,
    "incomeTaxExpense": 32932000,
    "netIncome": 62784000,
    "netIncomeRatio": 0.0448627301,
    "eps": 0.28,
    "epsdiluted": 0.27,
    "weightedAverageShsOut": 167165000,
    "weightedAverageShsOutDil": 230388000,
    "link": "https://www.sec.gov/Archives/edgar/data/47111/000004711107000250/0000047111-07-000250-index.htm",
    "finalLink": "https://www.sec.gov/Archives/edgar/data/47111/000004711107000250/f10q_3q2007.htm"
  },
  {
    "date": "2007-07-01",
    "symbol": "HSY",
    "reportedCurrency": "USD",
    "cik": "0000047111",
    "fillingDate": "2007-08-08",
    "acceptedDate": "2007-08-08 10:23:50",
    "calendarYear": "2007",
    "period": "Q2",
    "revenue": 1051916000,
    "costOfRevenue": 722478000,
    "grossProfit": 329438000,
    "grossProfitRatio": 0.3131789991,
    "researchAndDevelopmentExpenses": 0,
    "generalAndAdministrativeExpenses": 0,
    "sellingAndMarketingExpenses": 0,
    "sellingGeneralAndAdministrativeExpenses": 216870000,
    "otherExpenses": 79728000,
    "operatingExpenses": 296598000,
    "costAndExpenses": 1019076000,
    "interestIncome": 0,
    "interestExpense": 0,
    "depreciationAndAmortization": 83896000,
    "ebitda": 196464000,
    "ebitdaratio": 0.1867677647,
    "operatingIncome": 32840000,
    "operatingIncomeRatio": 0.0312192228,
    "totalOtherIncomeExpensesNet": -29213000,
    "incomeBeforeTax": 3627000,
    "incomeBeforeTaxRatio": 0.0034479939,
    "incomeTaxExpense": 73000,
    "netIncome": 3554000,
    "netIncomeRatio": 0.0033785968,
    "eps": 0.02,
    "epsdiluted": 0.01,
    "weightedAverageShsOut": 168309000,
    "weightedAverageShsOutDil": 231963000,
    "link": "https://www.sec.gov/Archives/edgar/data/47111/000004711107000174/0000047111-07-000174-index.htm",
    "finalLink": "https://www.sec.gov/Archives/edgar/data/47111/000004711107000174/f10q_2q2007.htm"
  },
  {
    "date": "2007-04-01",
    "symbol": "HSY",
    "reportedCurrency": "USD",
    "cik": "0000047111",
    "fillingDate": "2007-05-10",
    "acceptedDate": "2007-05-09 18:03:22",
    "calendarYear": "2007",
    "period": "Q1",
    "revenue": 1153109000,
    "costOfRevenue": 739078000,
    "grossProfit": 414031000,
    "grossProfitRatio": 0.3590562557,
    "researchAndDevelopmentExpenses": 0,
    "generalAndAdministrativeExpenses": 0,
    "sellingAndMarketingExpenses": 0,
    "sellingGeneralAndAdministrativeExpenses": 216433000,
    "otherExpenses": 27545000,
    "operatingExpenses": 243978000,
    "costAndExpenses": 983056000,
    "interestIncome": 0,
    "interestExpense": 0,
    "depreciationAndAmortization": 60107000,
    "ebitda": 257705000,
    "ebitdaratio": 0.2234871118,
    "operatingIncome": 170053000,
    "operatingIncomeRatio": 0.1474734826,
    "totalOtherIncomeExpensesNet": -28255000,
    "incomeBeforeTax": 141798000,
    "incomeBeforeTaxRatio": 0.1229701615,
    "incomeTaxExpense": 48325000,
    "netIncome": 93473000,
    "netIncomeRatio": 0.081061721,
    "eps": 0.42,
    "epsdiluted": 0.4,
    "weightedAverageShsOut": 230652000,
    "weightedAverageShsOutDil": 233708000,
    "link": "https://www.sec.gov/Archives/edgar/data/47111/000004711107000117/0000047111-07-000117-index.htm",
    "finalLink": "https://www.sec.gov/Archives/edgar/data/47111/000004711107000117/f10q_1q2007.htm"
  },
  {
    "date": "2006-12-31",
    "symbol": "HSY",
    "reportedCurrency": "USD",
    "cik": "0000047111",
    "fillingDate": "2007-02-23",
    "acceptedDate": "2007-02-23 11:22:42",
    "calendarYear": "2006",
    "period": "Q4",
    "revenue": 1346074000,
    "costOfRevenue": 860294000,
    "grossProfit": 485780000,
    "grossProfitRatio": 0.3608865486,
    "researchAndDevelopmentExpenses": 0,
    "generalAndAdministrativeExpenses": 0,
    "sellingAndMarketingExpenses": 0,
    "sellingGeneralAndAdministrativeExpenses": 200264000,
    "otherExpenses": 5437000,
    "operatingExpenses": 205701000,
    "costAndExpenses": 1065995000,
    "interestIncome": 0,
    "interestExpense": 0,
    "depreciationAndAmortization": 51185000,
    "ebitda": 336701000,
    "ebitdaratio": 0.2501355795,
    "operatingIncome": 280079000,
    "operatingIncomeRatio": 0.2080710273,
    "totalOtherIncomeExpensesNet": -31528000,
    "incomeBeforeTax": 248551000,
    "incomeBeforeTaxRatio": 0.184648838,
    "incomeTaxExpense": 92563000,
    "netIncome": 155988000,
    "netIncomeRatio": 0.1158836736,
    "eps": 0.66,
    "epsdiluted": 0.66,
    "weightedAverageShsOut": 230758373,
    "weightedAverageShsOutDil": 237700000,
    "link": "https://www.sec.gov/Archives/edgar/data/47111/000119312507037921/0001193125-07-037921-index.htm",
    "finalLink": "https://www.sec.gov/Archives/edgar/data/47111/000119312507037921/d10k.htm"
  },
  {
    "date": "2006-10-01",
    "symbol": "HSY",
    "reportedCurrency": "USD",
    "cik": "0000047111",
    "fillingDate": "2006-11-08",
    "acceptedDate": "2006-11-08 09:16:27",
    "calendarYear": "2006",
    "period": "Q3",
    "revenue": 1413361000,
    "costOfRevenue": 870733000,
    "grossProfit": 545469000,
    "grossProfitRatio": 0.3859374923,
    "researchAndDevelopmentExpenses": 0,
    "generalAndAdministrativeExpenses": 0,
    "sellingAndMarketingExpenses": 0,
    "sellingGeneralAndAdministrativeExpenses": 221842000,
    "otherExpenses": 1568000,
    "operatingExpenses": 223410000,
    "costAndExpenses": 1094143000,
    "interestIncome": 0,
    "interestExpense": 0,
    "depreciationAndAmortization": 50667000,
    "ebitda": 374294000,
    "ebitdaratio": 0.2648254763,
    "operatingIncome": 319780000,
    "operatingIncomeRatio": 0.2262550049,
    "totalOtherIncomeExpensesNet": -29556000,
    "incomeBeforeTax": 287945000,
    "incomeBeforeTaxRatio": 0.2037306817,
    "incomeTaxExpense": 104280000,
    "netIncome": 185121000,
    "netIncomeRatio": 0.1309792756,
    "eps": 0.81,
    "epsdiluted": 0.78,
    "weightedAverageShsOut": 173232000,
    "weightedAverageShsOutDil": 237681000,
    "link": "https://www.sec.gov/Archives/edgar/data/47111/000004711106000265/0000047111-06-000265-index.htm",
    "finalLink": "https://www.sec.gov/Archives/edgar/data/47111/000004711106000265/form10q_3q2006.htm"
  },
  {
    "date": "2006-07-02",
    "symbol": "HSY",
    "reportedCurrency": "USD",
    "cik": "0000047111",
    "fillingDate": "2006-08-09",
    "acceptedDate": "2006-08-09 13:34:26",
    "calendarYear": "2006",
    "period": "Q2",
    "revenue": 1052067000,
    "costOfRevenue": 644077000,
    "grossProfit": 407990000,
    "grossProfitRatio": 0.3877984957,
    "researchAndDevelopmentExpenses": 0,
    "generalAndAdministrativeExpenses": 0,
    "sellingAndMarketingExpenses": 0,
    "sellingGeneralAndAdministrativeExpenses": 221478000,
    "otherExpenses": 4240000,
    "operatingExpenses": 225718000,
    "costAndExpenses": 869795000,
    "interestIncome": 0,
    "interestExpense": 0,
    "depreciationAndAmortization": 49924000,
    "ebitda": 236436000,
    "ebitdaratio": 0.2247347365,
    "operatingIncome": 182974000,
    "operatingIncomeRatio": 0.1739185812,
    "totalOtherIncomeExpensesNet": -27645000,
    "incomeBeforeTax": 155484000,
    "incomeBeforeTaxRatio": 0.1477890667,
    "incomeTaxExpense": 57044000,
    "netIncome": 97897000,
    "netIncomeRatio": 0.0930520585,
    "eps": 0.42,
    "epsdiluted": 0.41,
    "weightedAverageShsOut": 175779000,
    "weightedAverageShsOutDil": 240124000,
    "link": "https://www.sec.gov/Archives/edgar/data/47111/000004711106000207/0000047111-06-000207-index.htm",
    "finalLink": "https://www.sec.gov/Archives/edgar/data/47111/000004711106000207/form10q_2q2006.htm"
  },
  {
    "date": "2006-04-02",
    "symbol": "HSY",
    "reportedCurrency": "USD",
    "cik": "0000047111",
    "fillingDate": "2006-05-10",
    "acceptedDate": "2006-05-10 11:52:21",
    "calendarYear": "2006",
    "period": "Q1",
    "revenue": 1132728000,
    "costOfRevenue": 707365000,
    "grossProfit": 432142000,
    "grossProfitRatio": 0.3815055335,
    "researchAndDevelopmentExpenses": 0,
    "generalAndAdministrativeExpenses": 0,
    "sellingAndMarketingExpenses": 0,
    "sellingGeneralAndAdministrativeExpenses": 216794000,
    "otherExpenses": 3331000,
    "operatingExpenses": 220125000,
    "costAndExpenses": 927490000,
    "interestIncome": 0,
    "interestExpense": 0,
    "depreciationAndAmortization": 48135000,
    "ebitda": 263483000,
    "ebitdaratio": 0.2326092407,
    "operatingIncome": 209725000,
    "operatingIncomeRatio": 0.1851503627,
    "totalOtherIncomeExpensesNet": -22911000,
    "incomeBeforeTax": 184522000,
    "incomeBeforeTaxRatio": 0.1629005375,
    "incomeTaxExpense": 63554000,
    "netIncome": 122471000,
    "netIncomeRatio": 0.1081203961,
    "eps": 0.52,
    "epsdiluted": 0.5,
    "weightedAverageShsOut": 178892000,
    "weightedAverageShsOutDil": 243147000,
    "link": "https://www.sec.gov/Archives/edgar/data/47111/000004711106000140/0000047111-06-000140-index.htm",
    "finalLink": "https://www.sec.gov/Archives/edgar/data/47111/000004711106000140/form10q_1q2006.htm"
  },
  {
    "date": "2005-12-31",
    "symbol": "HSY",
    "reportedCurrency": "USD",
    "cik": "0000047111",
    "fillingDate": "2006-02-28",
    "acceptedDate": "2006-02-28 15:28:46",
    "calendarYear": "2005",
    "period": "Q4",
    "revenue": 1352873000,
    "costOfRevenue": 826224000,
    "grossProfit": 526649000,
    "grossProfitRatio": 0.3892819208,
    "researchAndDevelopmentExpenses": 0,
    "generalAndAdministrativeExpenses": 0,
    "sellingAndMarketingExpenses": 0,
    "sellingGeneralAndAdministrativeExpenses": 246698000,
    "otherExpenses": 11694000,
    "operatingExpenses": 258392000,
    "costAndExpenses": 1084616000,
    "interestIncome": 0,
    "interestExpense": 0,
    "depreciationAndAmortization": 54866000,
    "ebitda": 334817000,
    "ebitdaratio": 0.2474859059,
    "operatingIncome": 268257000,
    "operatingIncomeRatio": 0.198286905,
    "totalOtherIncomeExpensesNet": -24255000,
    "incomeBeforeTax": 244002000,
    "incomeBeforeTaxRatio": 0.1803583928,
    "incomeTaxExpense": 85815000,
    "netIncome": 158187000,
    "netIncomeRatio": 0.1169267182,
    "eps": 0.86,
    "epsdiluted": 0.86,
    "weightedAverageShsOut": 183853000,
    "weightedAverageShsOutDil": 183853000,
    "link": "https://www.sec.gov/Archives/edgar/data/47111/000004711106000081/0000047111-06-000081-index.htm",
    "finalLink": "https://www.sec.gov/Archives/edgar/data/47111/000004711106000081/form10k_december312005.htm"
  },
  {
    "date": "2005-10-02",
    "symbol": "HSY",
    "reportedCurrency": "USD",
    "cik": "0000047111",
    "fillingDate": "2005-11-09",
    "acceptedDate": "2005-11-09 10:05:16",
    "calendarYear": "2005",
    "period": "Q3",
    "revenue": 1368240000,
    "costOfRevenue": 849939000,
    "grossProfit": 518301000,
    "grossProfitRatio": 0.3788085424,
    "researchAndDevelopmentExpenses": 0,
    "generalAndAdministrativeExpenses": 0,
    "sellingAndMarketingExpenses": 0,
    "sellingGeneralAndAdministrativeExpenses": 228168000,
    "otherExpenses": 84843000,
    "operatingExpenses": 313011000,
    "costAndExpenses": 1162950000,
    "interestIncome": 0,
    "interestExpense": 0,
    "depreciationAndAmortization": 65205000,
    "ebitda": 355338000,
    "ebitdaratio": 0.2597044378,
    "operatingIncome": 213659000,
    "operatingIncomeRatio": 0.1561560837,
    "totalOtherIncomeExpensesNet": -32070000,
    "incomeBeforeTax": 189958000,
    "incomeBeforeTaxRatio": 0.1388338303,
    "incomeTaxExpense": 70483000,
    "netIncome": 114152000,
    "netIncomeRatio": 0.0834298076,
    "eps": 0.48,
    "epsdiluted": 0.46,
    "weightedAverageShsOut": 183854000,
    "weightedAverageShsOutDil": 248368000,
    "link": "https://www.sec.gov/Archives/edgar/data/47111/000004711105000261/0000047111-05-000261-index.htm",
    "finalLink": "https://www.sec.gov/Archives/edgar/data/47111/000004711105000261/form10q3q2005.htm"
  },
  {
    "date": "2005-07-03",
    "symbol": "HSY",
    "reportedCurrency": "USD",
    "cik": "0000047111",
    "fillingDate": "2005-08-09",
    "acceptedDate": "2005-08-09 16:47:24",
    "calendarYear": "2005",
    "period": "Q2",
    "revenue": 988447000,
    "costOfRevenue": 595152000,
    "grossProfit": 393295000,
    "grossProfitRatio": 0.3978918445,
    "researchAndDevelopmentExpenses": 0,
    "generalAndAdministrativeExpenses": 0,
    "sellingAndMarketingExpenses": 0,
    "sellingGeneralAndAdministrativeExpenses": 226658000,
    "otherExpenses": 0,
    "operatingExpenses": 226658000,
    "costAndExpenses": 821810000,
    "interestIncome": 0,
    "interestExpense": 0,
    "depreciationAndAmortization": 48711000,
    "ebitda": 215348000,
    "ebitdaratio": 0.2178649943,
    "operatingIncome": 173122000,
    "operatingIncomeRatio": 0.1751454554,
    "totalOtherIncomeExpensesNet": -20625000,
    "incomeBeforeTax": 152497000,
    "incomeBeforeTaxRatio": 0.1542793898,
    "incomeTaxExpense": 55136000,
    "netIncome": 93223000,
    "netIncomeRatio": 0.0943125934,
    "eps": 0.39,
    "epsdiluted": 0.37,
    "weightedAverageShsOut": 184362000,
    "weightedAverageShsOutDil": 248993000,
    "link": "https://www.sec.gov/Archives/edgar/data/47111/000004711105000212/0000047111-05-000212-index.htm",
    "finalLink": "https://www.sec.gov/Archives/edgar/data/47111/000004711105000212/f10q2q2005.htm"
  },
  {
    "date": "2005-04-01",
    "symbol": "HSY",
    "reportedCurrency": "USD",
    "cik": "0000047111",
    "fillingDate": "2005-05-11",
    "acceptedDate": "2005-05-11 11:55:46",
    "calendarYear": "2005",
    "period": "Q1",
    "revenue": 1126414000,
    "costOfRevenue": 695584000,
    "grossProfit": 430830000,
    "grossProfitRatio": 0.3824792661,
    "researchAndDevelopmentExpenses": 0,
    "generalAndAdministrativeExpenses": 0,
    "sellingAndMarketingExpenses": 0,
    "sellingGeneralAndAdministrativeExpenses": 233158000,
    "otherExpenses": 0,
    "operatingExpenses": 233158000,
    "costAndExpenses": 928742000,
    "interestIncome": 0,
    "interestExpense": 0,
    "depreciationAndAmortization": 49250000,
    "ebitda": 246922000,
    "ebitdaratio": 0.2192106987,
    "operatingIncome": 205873000,
    "operatingIncomeRatio": 0.1827685025,
    "totalOtherIncomeExpensesNet": -19404000,
    "incomeBeforeTax": 186469000,
    "incomeBeforeTaxRatio": 0.1655421541,
    "incomeTaxExpense": 68248000,
    "netIncome": 113022000,
    "netIncomeRatio": 0.1003378864,
    "eps": 0.47,
    "epsdiluted": 0.45,
    "weightedAverageShsOut": 185715000,
    "weightedAverageShsOutDil": 250308000,
    "link": "https://www.sec.gov/Archives/edgar/data/47111/000004711105000159/0000047111-05-000159-index.htm",
    "finalLink": "https://www.sec.gov/Archives/edgar/data/47111/000004711105000159/f10q1q2005.htm"
  },
  {
    "date": "2004-12-31",
    "symbol": "HSY",
    "reportedCurrency": "USD",
    "cik": "0000047111",
    "fillingDate": "2005-03-07",
    "acceptedDate": "2005-03-07 14:56:57",
    "calendarYear": "2004",
    "period": "Q4",
    "revenue": 1267963000,
    "costOfRevenue": 764287000,
    "grossProfit": 503676000,
    "grossProfitRatio": 0.3972324114,
    "researchAndDevelopmentExpenses": 0,
    "generalAndAdministrativeExpenses": 0,
    "sellingAndMarketingExpenses": 0,
    "sellingGeneralAndAdministrativeExpenses": 217150000,
    "otherExpenses": 0,
    "operatingExpenses": 217150000,
    "costAndExpenses": 981437000,
    "interestIncome": 0,
    "interestExpense": 0,
    "depreciationAndAmortization": 48550000,
    "ebitda": 335076000,
    "ebitdaratio": 0.2642632317,
    "operatingIncome": 286526000,
    "operatingIncomeRatio": 0.2259734708,
    "totalOtherIncomeExpensesNet": -17939000,
    "incomeBeforeTax": 268587000,
    "incomeBeforeTaxRatio": 0.2118255817,
    "incomeTaxExpense": 98301000,
    "netIncome": 170286000,
    "netIncomeRatio": 0.1342988715,
    "eps": 0.9,
    "epsdiluted": 0.9,
    "weightedAverageShsOut": 188726000,
    "weightedAverageShsOutDil": 188726000,
    "link": "https://www.sec.gov/Archives/edgar/data/47111/000004711105000107/0000047111-05-000107-index.htm",
    "finalLink": "https://www.sec.gov/Archives/edgar/data/47111/000004711105000107/d16234_10-k.htm"
  },
  {
    "date": "2004-10-03",
    "symbol": "HSY",
    "reportedCurrency": "USD",
    "cik": "0000047111",
    "fillingDate": "2004-11-10",
    "acceptedDate": "2004-11-10 14:51:58",
    "calendarYear": "2004",
    "period": "Q3",
    "revenue": 1254508000,
    "costOfRevenue": 756408000,
    "grossProfit": 498100000,
    "grossProfitRatio": 0.3970480858,
    "researchAndDevelopmentExpenses": 0,
    "generalAndAdministrativeExpenses": 0,
    "sellingAndMarketingExpenses": 0,
    "sellingGeneralAndAdministrativeExpenses": 216696000,
    "otherExpenses": 0,
    "operatingExpenses": 216696000,
    "costAndExpenses": 973104000,
    "interestIncome": 0,
    "interestExpense": 0,
    "depreciationAndAmortization": 47135000,
    "ebitda": 328539000,
    "ebitdaratio": 0.2618867317,
    "operatingIncome": 281404000,
    "operatingIncomeRatio": 0.2243142331,
    "totalOtherIncomeExpensesNet": -18252000,
    "incomeBeforeTax": 263152000,
    "incomeBeforeTaxRatio": 0.2097651031,
    "incomeTaxExpense": 96923000,
    "netIncome": 166229000,
    "netIncomeRatio": 0.1325053328,
    "eps": 0.68,
    "epsdiluted": 0.66,
    "weightedAverageShsOut": 188726000,
    "weightedAverageShsOutDil": 252683000,
    "link": "https://www.sec.gov/Archives/edgar/data/47111/000004711104000299/0000047111-04-000299-index.htm",
    "finalLink": "https://www.sec.gov/Archives/edgar/data/47111/000004711104000299/f10q3q2004.htm"
  },
  {
    "date": "2004-07-04",
    "symbol": "HSY",
    "reportedCurrency": "USD",
    "cik": "0000047111",
    "fillingDate": "2004-08-11",
    "acceptedDate": "2004-08-11 08:07:50",
    "calendarYear": "2004",
    "period": "Q2",
    "revenue": 893688000,
    "costOfRevenue": 533204000,
    "grossProfit": 360484000,
    "grossProfitRatio": 0.4033667231,
    "researchAndDevelopmentExpenses": 0,
    "generalAndAdministrativeExpenses": 0,
    "sellingAndMarketingExpenses": 0,
    "sellingGeneralAndAdministrativeExpenses": 209561000,
    "otherExpenses": 0,
    "operatingExpenses": 209561000,
    "costAndExpenses": 742765000,
    "interestIncome": 0,
    "interestExpense": 0,
    "depreciationAndAmortization": 46960000,
    "ebitda": 197883000,
    "ebitdaratio": 0.2214229127,
    "operatingIncome": 150923000,
    "operatingIncomeRatio": 0.1688766102,
    "totalOtherIncomeExpensesNet": -15488000,
    "incomeBeforeTax": 135435000,
    "incomeBeforeTaxRatio": 0.1515461772,
    "incomeTaxExpense": -11782000,
    "netIncome": 147217000,
    "netIncomeRatio": 0.1647297491,
    "eps": 0.58,
    "epsdiluted": 0.56,
    "weightedAverageShsOut": 198068000,
    "weightedAverageShsOutDil": 261707000,
    "link": "https://www.sec.gov/Archives/edgar/data/47111/000004711104000241/0000047111-04-000241-index.htm",
    "finalLink": "https://www.sec.gov/Archives/edgar/data/47111/000004711104000241/f10q2q2004.htm"
  },
  {
    "date": "2004-04-30",
    "symbol": "HSY",
    "reportedCurrency": "USD",
    "cik": "0000047111",
    "fillingDate": "2004-05-12",
    "acceptedDate": "2004-05-12 10:53:05",
    "calendarYear": "2004",
    "period": "Q1",
    "revenue": 1013089000,
    "costOfRevenue": 625632000,
    "grossProfit": 387457000,
    "grossProfitRatio": 0.3824510976,
    "researchAndDevelopmentExpenses": 0,
    "generalAndAdministrativeExpenses": 0,
    "sellingAndMarketingExpenses": 0,
    "sellingGeneralAndAdministrativeExpenses": 204133000,
    "otherExpenses": 0,
    "operatingExpenses": 204133000,
    "costAndExpenses": 829765000,
    "interestIncome": 0,
    "interestExpense": 0,
    "depreciationAndAmortization": 47020000,
    "ebitda": 230344000,
    "ebitdaratio": 0.2273679805,
    "operatingIncome": 183324000,
    "operatingIncomeRatio": 0.1809554738,
    "totalOtherIncomeExpensesNet": -14854000,
    "incomeBeforeTax": 168470000,
    "incomeBeforeTaxRatio": 0.1662933859,
    "incomeTaxExpense": 61323000,
    "netIncome": 107147000,
    "netIncomeRatio": 0.1057626724,
    "eps": 0.42,
    "epsdiluted": 0.41,
    "weightedAverageShsOut": 259760000,
    "weightedAverageShsOutDil": 262054000,
    "link": "https://www.sec.gov/Archives/edgar/data/47111/000004711104000153/0000047111-04-000153-index.htm",
    "finalLink": "https://www.sec.gov/Archives/edgar/data/47111/000004711104000153/form10q_1qtr2004.htm"
  },
  {
    "date": "2003-12-31",
    "symbol": "HSY",
    "reportedCurrency": "USD",
    "cik": "0000047111",
    "fillingDate": "2004-03-12",
    "acceptedDate": "2004-03-12 11:44:04",
    "calendarYear": "2003",
    "period": "Q4",
    "revenue": 1179255000,
    "costOfRevenue": 708292000,
    "grossProfit": 470963000,
    "grossProfitRatio": 0.3993733332,
    "researchAndDevelopmentExpenses": 0,
    "generalAndAdministrativeExpenses": 0,
    "sellingAndMarketingExpenses": 0,
    "sellingGeneralAndAdministrativeExpenses": 215395000,
    "otherExpenses": 10908000,
    "operatingExpenses": 226303000,
    "costAndExpenses": 934595000,
    "interestIncome": 0,
    "interestExpense": 0,
    "depreciationAndAmortization": 46715000,
    "ebitda": 314732000,
    "ebitdaratio": 0.2668905368,
    "operatingIncome": 244660000,
    "operatingIncomeRatio": 0.2074699704,
    "totalOtherIncomeExpensesNet": -16116000,
    "incomeBeforeTax": 228544000,
    "incomeBeforeTaxRatio": 0.1938037151,
    "incomeTaxExpense": 83606000,
    "netIncome": 144938000,
    "netIncomeRatio": 0.1229064113,
    "eps": 0.55,
    "epsdiluted": 0.55,
    "weightedAverageShsOut": 261304000,
    "weightedAverageShsOutDil": 261304000,
    "link": "https://www.sec.gov/Archives/edgar/data/47111/000004711104000093/0000047111-04-000093-index.htm",
    "finalLink": "https://www.sec.gov/Archives/edgar/data/47111/000004711104000093/form10k_21204.htm"
  },
  {
    "date": "2003-09-28",
    "symbol": "HSY",
    "reportedCurrency": "USD",
    "cik": "0000047111",
    "fillingDate": "2003-11-05",
    "acceptedDate": "2003-11-05 10:59:33",
    "calendarYear": "2003",
    "period": "Q3",
    "revenue": 1191019000,
    "costOfRevenue": 724185000,
    "grossProfit": 466834000,
    "grossProfitRatio": 0.3919618411,
    "researchAndDevelopmentExpenses": 0,
    "generalAndAdministrativeExpenses": 0,
    "sellingAndMarketingExpenses": 0,
    "sellingGeneralAndAdministrativeExpenses": 212107000,
    "otherExpenses": 234000,
    "operatingExpenses": 212341000,
    "costAndExpenses": 936526000,
    "interestIncome": 0,
    "interestExpense": 0,
    "depreciationAndAmortization": 45781000,
    "ebitda": 300274000,
    "ebitdaratio": 0.2521152056,
    "operatingIncome": 254493000,
    "operatingIncomeRatio": 0.213676692,
    "totalOtherIncomeExpensesNet": -17258000,
    "incomeBeforeTax": 237235000,
    "incomeBeforeTaxRatio": 0.1991865789,
    "incomeTaxExpense": 86263000,
    "netIncome": 143604000,
    "netIncomeRatio": 0.1205723838,
    "eps": 0.55,
    "epsdiluted": 0.55,
    "weightedAverageShsOut": 261304000,
    "weightedAverageShsOutDil": 263298000,
    "link": "https://www.sec.gov/Archives/edgar/data/47111/000004711103000212/0000047111-03-000212-index.htm",
    "finalLink": "https://www.sec.gov/Archives/edgar/data/47111/000004711103000212/thirdqtr200310q.htm"
  },
  {
    "date": "2003-06-29",
    "symbol": "HSY",
    "reportedCurrency": "USD",
    "cik": "0000047111",
    "fillingDate": "2003-08-06",
    "acceptedDate": "2003-08-06 09:50:40",
    "calendarYear": "2003",
    "period": "Q2",
    "revenue": 849115000,
    "costOfRevenue": 515370000,
    "grossProfit": 333745000,
    "grossProfitRatio": 0.3930504113,
    "researchAndDevelopmentExpenses": 0,
    "generalAndAdministrativeExpenses": 0,
    "sellingAndMarketingExpenses": 0,
    "sellingGeneralAndAdministrativeExpenses": 201388000,
    "otherExpenses": 3885000,
    "operatingExpenses": 205273000,
    "costAndExpenses": 720643000,
    "interestIncome": 0,
    "interestExpense": 0,
    "depreciationAndAmortization": 44270000,
    "ebitda": 172742000,
    "ebitdaratio": 0.2034376969,
    "operatingIncome": 128472000,
    "operatingIncomeRatio": 0.1513010605,
    "totalOtherIncomeExpensesNet": -15544000,
    "incomeBeforeTax": 112928000,
    "incomeBeforeTaxRatio": 0.1329949418,
    "incomeTaxExpense": 41444000,
    "netIncome": 71484000,
    "netIncomeRatio": 0.0841864765,
    "eps": 0.28,
    "epsdiluted": 0.27,
    "weightedAverageShsOut": 262260000,
    "weightedAverageShsOutDil": 263966000,
    "link": "https://www.sec.gov/Archives/edgar/data/47111/000004711103000181/0000047111-03-000181-index.htm",
    "finalLink": "https://www.sec.gov/Archives/edgar/data/47111/000004711103000181/f10q2q2003.htm"
  },
  {
    "date": "2003-03-31",
    "symbol": "HSY",
    "reportedCurrency": "USD",
    "cik": "0000047111",
    "fillingDate": "2003-03-31",
    "acceptedDate": "2003-03-30 19:00:00",
    "calendarYear": "2003",
    "period": "Q1",
    "revenue": 953162000,
    "costOfRevenue": 596879000,
    "grossProfit": 356283000,
    "grossProfitRatio": 0.3737906043,
    "researchAndDevelopmentExpenses": 0,
    "generalAndAdministrativeExpenses": 0,
    "sellingAndMarketingExpenses": 0,
    "sellingGeneralAndAdministrativeExpenses": 187552000,
    "otherExpenses": 0,
    "operatingExpenses": 187552000,
    "costAndExpenses": 784431000,
    "interestIncome": 0,
    "interestExpense": 0,
    "depreciationAndAmortization": 43801000,
    "ebitda": 212532000,
    "ebitdaratio": 0.2229757376,
    "operatingIncome": 168731000,
    "operatingIncomeRatio": 0.177022374,
    "totalOtherIncomeExpensesNet": -14611000,
    "incomeBeforeTax": 154120000,
    "incomeBeforeTaxRatio": 0.1616933952,
    "incomeTaxExpense": 56562000,
    "netIncome": 97558000,
    "netIncomeRatio": 0.1023519612,
    "eps": 0.37,
    "epsdiluted": 0.37,
    "weightedAverageShsOut": 266732000,
    "weightedAverageShsOutDil": 268456000,
    "link": "",
    "finalLink": ""
  },
  {
    "date": "2002-12-31",
    "symbol": "HSY",
    "reportedCurrency": "USD",
    "cik": "0000047111",
    "fillingDate": "2002-12-31",
    "acceptedDate": "2002-12-30 19:00:00",
    "calendarYear": "2002",
    "period": "Q4",
    "revenue": 1156028000,
    "costOfRevenue": 709840000,
    "grossProfit": 446188000,
    "grossProfitRatio": 0.3859664299,
    "researchAndDevelopmentExpenses": 0,
    "generalAndAdministrativeExpenses": 0,
    "sellingAndMarketingExpenses": 0,
    "sellingGeneralAndAdministrativeExpenses": 216758000,
    "otherExpenses": 8278000,
    "operatingExpenses": 225036000,
    "costAndExpenses": 934876000,
    "interestIncome": 0,
    "interestExpense": 0,
    "depreciationAndAmortization": 40454000,
    "ebitda": 269884000,
    "ebitdaratio": 0.2334580131,
    "operatingIncome": 221152000,
    "operatingIncomeRatio": 0.1913033248,
    "totalOtherIncomeExpensesNet": -15274000,
    "incomeBeforeTax": 205878000,
    "incomeBeforeTaxRatio": 0.1780908421,
    "incomeTaxExpense": 75558000,
    "netIncome": 130320000,
    "netIncomeRatio": 0.1127308335,
    "eps": 0.48,
    "epsdiluted": 0.48,
    "weightedAverageShsOut": 269709919,
    "weightedAverageShsOutDil": 271967932,
    "link": "",
    "finalLink": ""
  },
  {
    "date": "2002-09-29",
    "symbol": "HSY",
    "reportedCurrency": "USD",
    "cik": "0000047111",
    "fillingDate": "2002-11-12",
    "acceptedDate": "2002-11-12 08:49:01",
    "calendarYear": "2002",
    "period": "Q3",
    "revenue": 1152321000,
    "costOfRevenue": 717197000,
    "grossProfit": 435124000,
    "grossProfitRatio": 0.3776065871,
    "researchAndDevelopmentExpenses": 0,
    "generalAndAdministrativeExpenses": 0,
    "sellingAndMarketingExpenses": 0,
    "sellingGeneralAndAdministrativeExpenses": 218052000,
    "otherExpenses": 8536000,
    "operatingExpenses": 226588000,
    "costAndExpenses": 943785000,
    "interestIncome": 0,
    "interestExpense": 0,
    "depreciationAndAmortization": 46431000,
    "ebitda": 263503000,
    "ebitdaratio": 0.2286715247,
    "operatingIncome": 208536000,
    "operatingIncomeRatio": 0.1809704067,
    "totalOtherIncomeExpensesNet": -14120000,
    "incomeBeforeTax": 194416000,
    "incomeBeforeTaxRatio": 0.1687168766,
    "incomeTaxExpense": 71351000,
    "netIncome": 123065000,
    "netIncomeRatio": 0.1067974983,
    "eps": 0.45,
    "epsdiluted": 0.45,
    "weightedAverageShsOut": 274358000,
    "weightedAverageShsOutDil": 276692000,
    "link": "https://www.sec.gov/Archives/edgar/data/47111/000004711102000135/0000047111-02-000135-index.htm",
    "finalLink": "https://www.sec.gov/Archives/edgar/data/47111/000004711102000135/f10q3q02.htm"
  },
  {
    "date": "2002-06-30",
    "symbol": "HSY",
    "reportedCurrency": "USD",
    "cik": "0000047111",
    "fillingDate": "2002-08-07",
    "acceptedDate": "2002-08-07 13:17:06",
    "calendarYear": "2002",
    "period": "Q2",
    "revenue": 823462000,
    "costOfRevenue": 509991000,
    "grossProfit": 313471000,
    "grossProfitRatio": 0.3806745181,
    "researchAndDevelopmentExpenses": 0,
    "generalAndAdministrativeExpenses": 0,
    "sellingAndMarketingExpenses": 0,
    "sellingGeneralAndAdministrativeExpenses": 195875000,
    "otherExpenses": 1976000,
    "operatingExpenses": 197851000,
    "costAndExpenses": 707842000,
    "interestIncome": 0,
    "interestExpense": 0,
    "depreciationAndAmortization": 45391000,
    "ebitda": 161011000,
    "ebitdaratio": 0.1955293626,
    "operatingIncome": 115620000,
    "operatingIncomeRatio": 0.1404072076,
    "totalOtherIncomeExpensesNet": -15863000,
    "incomeBeforeTax": 99757000,
    "incomeBeforeTaxRatio": 0.1211434165,
    "incomeTaxExpense": 36609000,
    "netIncome": 63148000,
    "netIncomeRatio": 0.0766859916,
    "eps": 0.23,
    "epsdiluted": 0.23,
    "weightedAverageShsOut": 273662000,
    "weightedAverageShsOutDil": 276004000,
    "link": "https://www.sec.gov/Archives/edgar/data/47111/000004711102000092/0000047111-02-000092-index.htm",
    "finalLink": "https://www.sec.gov/Archives/edgar/data/47111/000004711102000092/form10q2q2002.htm"
  },
  {
    "date": "2002-03-31",
    "symbol": "HSY",
    "reportedCurrency": "USD",
    "cik": "0000047111",
    "fillingDate": "2002-04-26",
    "acceptedDate": "2002-04-26 00:00:00",
    "calendarYear": "2002",
    "period": "Q1",
    "revenue": 988506000,
    "costOfRevenue": 624024000,
    "grossProfit": 364482000,
    "grossProfitRatio": 0.3687200685,
    "researchAndDevelopmentExpenses": 0,
    "generalAndAdministrativeExpenses": 0,
    "sellingAndMarketingExpenses": 0,
    "sellingGeneralAndAdministrativeExpenses": 202741000,
    "otherExpenses": 8762000,
    "operatingExpenses": 211503000,
    "costAndExpenses": 835527000,
    "interestIncome": 0,
    "interestExpense": 0,
    "depreciationAndAmortization": 45632000,
    "ebitda": 198611000,
    "ebitdaratio": 0.2009203788,
    "operatingIncome": 152979000,
    "operatingIncomeRatio": 0.154757786,
    "totalOtherIncomeExpensesNet": -15465000,
    "incomeBeforeTax": 137514000,
    "incomeBeforeTaxRatio": 0.1391129644,
    "incomeTaxExpense": 50469000,
    "netIncome": 87045000,
    "netIncomeRatio": 0.0880571286,
    "eps": 0.32,
    "epsdiluted": 0.32,
    "weightedAverageShsOut": 273414000,
    "weightedAverageShsOutDil": 276438000,
    "link": "https://www.sec.gov/Archives/edgar/data/47111/000004711102000072/0000047111-02-000072-index.htm",
    "finalLink": "https://www.sec.gov/Archives/edgar/data/47111/000004711102000072/firstqtr10q02.htm"
  },
  {
    "date": "2001-12-31",
    "symbol": "HSY",
    "reportedCurrency": "USD",
    "cik": "0000047111",
    "fillingDate": "2002-03-15",
    "acceptedDate": "2002-03-15 00:00:00",
    "calendarYear": "2001",
    "period": "Q4",
    "revenue": 1273917000,
    "costOfRevenue": 758847000,
    "grossProfit": 515070000,
    "grossProfitRatio": 0.4043199047,
    "researchAndDevelopmentExpenses": 0,
    "generalAndAdministrativeExpenses": 0,
    "sellingAndMarketingExpenses": 0,
    "sellingGeneralAndAdministrativeExpenses": 346053000,
    "otherExpenses": 19237000,
    "operatingExpenses": 365290000,
    "costAndExpenses": 1124137000,
    "interestIncome": 0,
    "interestExpense": 0,
    "depreciationAndAmortization": 48795000,
    "ebitda": 217812000,
    "ebitdaratio": 0.170978172,
    "operatingIncome": 149780000,
    "operatingIncomeRatio": 0.1175743789,
    "totalOtherIncomeExpensesNet": -225799000,
    "incomeBeforeTax": -76019000,
    "incomeBeforeTaxRatio": -0.0596734324,
    "incomeTaxExpense": -31068000,
    "netIncome": -44951000,
    "netIncomeRatio": -0.0352856583,
    "eps": -0.17,
    "epsdiluted": -0.16,
    "weightedAverageShsOut": 271902000,
    "weightedAverageShsOutDil": 273414000,
    "link": "https://www.sec.gov/Archives/edgar/data/47111/000004711102000069/0000047111-02-000069-index.htm",
    "finalLink": "https://www.sec.gov/Archives/edgar/data/47111/000004711102000069/form10k_2001.htm"
  },
  {
    "date": "2001-09-30",
    "symbol": "HSY",
    "reportedCurrency": "USD",
    "cik": "0000047111",
    "fillingDate": "2001-11-07",
    "acceptedDate": "2001-11-07 00:00:00",
    "calendarYear": "2001",
    "period": "Q3",
    "revenue": 1304184000,
    "costOfRevenue": 753403000,
    "grossProfit": 425506000,
    "grossProfitRatio": 0.3262622452,
    "researchAndDevelopmentExpenses": 0,
    "generalAndAdministrativeExpenses": 0,
    "sellingAndMarketingExpenses": 0,
    "sellingGeneralAndAdministrativeExpenses": 216519000,
    "otherExpenses": -19237000,
    "operatingExpenses": 197282000,
    "costAndExpenses": 950685000,
    "interestIncome": 0,
    "interestExpense": 0,
    "depreciationAndAmortization": 47495000,
    "ebitda": 256482000,
    "ebitdaratio": 0.1966609006,
    "operatingIncome": 228224000,
    "operatingIncomeRatio": 0.1749937125,
    "totalOtherIncomeExpensesNet": -18147000,
    "incomeBeforeTax": 210077000,
    "incomeBeforeTaxRatio": 0.1610792649,
    "incomeTaxExpense": 89315000,
    "netIncome": 120762000,
    "netIncomeRatio": 0.09259583,
    "eps": 0.45,
    "epsdiluted": 0.44,
    "weightedAverageShsOut": 271738000,
    "weightedAverageShsOutDil": 274426000,
    "link": "https://www.sec.gov/Archives/edgar/data/47111/000004711101500141/0000047111-01-500141-index.htm",
    "finalLink": "https://www.sec.gov/Archives/edgar/data/47111/000004711101500141/thirdqtr01_10q.htm"
  },
  {
    "date": "2001-07-01",
    "symbol": "HSY",
    "reportedCurrency": "USD",
    "cik": "0000047111",
    "fillingDate": "2001-08-08",
    "acceptedDate": "2001-08-08 00:00:00",
    "calendarYear": "2001",
    "period": "Q2",
    "revenue": 898859000,
    "costOfRevenue": 516638000,
    "grossProfit": 382221000,
    "grossProfitRatio": 0.425229096,
    "researchAndDevelopmentExpenses": 0,
    "generalAndAdministrativeExpenses": 0,
    "sellingAndMarketingExpenses": 0,
    "sellingGeneralAndAdministrativeExpenses": 282670000,
    "otherExpenses": 0,
    "operatingExpenses": 282670000,
    "costAndExpenses": 799308000,
    "interestIncome": 0,
    "interestExpense": 0,
    "depreciationAndAmortization": 47329000,
    "ebitda": 146880000,
    "ebitdaratio": 0.163407164,
    "operatingIncome": 99551000,
    "operatingIncomeRatio": 0.1107526319,
    "totalOtherIncomeExpensesNet": -16927000,
    "incomeBeforeTax": 82624000,
    "incomeBeforeTaxRatio": 0.0919209798,
    "incomeTaxExpense": 30185000,
    "netIncome": 52439000,
    "netIncomeRatio": 0.0583395171,
    "eps": 0.19,
    "epsdiluted": 0.19,
    "weightedAverageShsOut": 272820000,
    "weightedAverageShsOutDil": 275640000,
    "link": "https://www.sec.gov/Archives/edgar/data/47111/000004711101500125/0000047111-01-500125-index.htm",
    "finalLink": "https://www.sec.gov/Archives/edgar/data/47111/000004711101500125/secondqtr01_10q.htm"
  },
  {
    "date": "2001-04-01",
    "symbol": "HSY",
    "reportedCurrency": "USD",
    "cik": "0000047111",
    "fillingDate": "2001-05-10",
    "acceptedDate": "2001-05-10 00:00:00",
    "calendarYear": "2001",
    "period": "Q1",
    "revenue": 1080281000,
    "costOfRevenue": 637954000,
    "grossProfit": 350048000,
    "grossProfitRatio": 0.3240342096,
    "researchAndDevelopmentExpenses": 0,
    "generalAndAdministrativeExpenses": 0,
    "sellingAndMarketingExpenses": 0,
    "sellingGeneralAndAdministrativeExpenses": 205892000,
    "otherExpenses": 0,
    "operatingExpenses": 205892000,
    "costAndExpenses": 843846000,
    "interestIncome": 0,
    "interestExpense": 0,
    "depreciationAndAmortization": 46875000,
    "ebitda": 191031000,
    "ebitdaratio": 0.1768345458,
    "operatingIncome": 144156000,
    "operatingIncomeRatio": 0.1334430579,
    "totalOtherIncomeExpensesNet": -17297000,
    "incomeBeforeTax": 126859000,
    "incomeBeforeTaxRatio": 0.1174314831,
    "incomeTaxExpense": 47953000,
    "netIncome": 78906000,
    "netIncomeRatio": 0.0730421066,
    "eps": 0.29,
    "epsdiluted": 0.28,
    "weightedAverageShsOut": 273500000,
    "weightedAverageShsOutDil": 276454000,
    "link": "https://www.sec.gov/Archives/edgar/data/47111/000004711101500101/0000047111-01-500101-index.htm",
    "finalLink": "https://www.sec.gov/Archives/edgar/data/47111/000004711101500101/firstqtr2001_10-q.htm"
  },
  {
    "date": "2000-12-31",
    "symbol": "HSY",
    "reportedCurrency": "USD",
    "cik": "0000047111",
    "fillingDate": "2001-03-15",
    "acceptedDate": "2001-03-15 00:00:00",
    "calendarYear": "2000",
    "period": "Q4",
    "revenue": 1194902000,
    "costOfRevenue": 667553000,
    "grossProfit": 527349000,
    "grossProfitRatio": 0.4413324273,
    "researchAndDevelopmentExpenses": 0,
    "generalAndAdministrativeExpenses": 0,
    "sellingAndMarketingExpenses": 0,
    "sellingGeneralAndAdministrativeExpenses": 318965000,
    "otherExpenses": 0,
    "operatingExpenses": 318965000,
    "costAndExpenses": 986518000,
    "interestIncome": 0,
    "interestExpense": 0,
    "depreciationAndAmortization": 44842000,
    "ebitda": 253226000,
    "ebitdaratio": 0.2119219819,
    "operatingIncome": 208384000,
    "operatingIncomeRatio": 0.1743942181,
    "totalOtherIncomeExpensesNet": -19486000,
    "incomeBeforeTax": 188898000,
    "incomeBeforeTaxRatio": 0.1580866046,
    "incomeTaxExpense": 72936000,
    "netIncome": 115962000,
    "netIncomeRatio": 0.0970472892,
    "eps": 0.42,
    "epsdiluted": 0.42,
    "weightedAverageShsOut": 275136000,
    "weightedAverageShsOutDil": 275400000,
    "link": "https://www.sec.gov/Archives/edgar/data/47111/000004711101500079/0000047111-01-500079-index.htm",
    "finalLink": "https://www.sec.gov/Archives/edgar/data/47111/000004711101500079/ex12.txt"
  },
  {
    "date": "2000-10-01",
    "symbol": "HSY",
    "reportedCurrency": "USD",
    "cik": "0000047111",
    "fillingDate": "2000-11-09",
    "acceptedDate": "2000-11-09 00:00:00",
    "calendarYear": "2000",
    "period": "Q3",
    "revenue": 1196755000,
    "costOfRevenue": 696431000,
    "grossProfit": 500324000,
    "grossProfitRatio": 0.41806719,
    "researchAndDevelopmentExpenses": 0,
    "generalAndAdministrativeExpenses": 0,
    "sellingAndMarketingExpenses": 0,
    "sellingGeneralAndAdministrativeExpenses": 303688000,
    "otherExpenses": 0,
    "operatingExpenses": 303688000,
    "costAndExpenses": 1000119000,
    "interestIncome": 0,
    "interestExpense": 0,
    "depreciationAndAmortization": 44225000,
    "ebitda": 240861000,
    "ebitdaratio": 0.2012617453,
    "operatingIncome": 196636000,
    "operatingIncomeRatio": 0.1643076486,
    "totalOtherIncomeExpensesNet": -21152000,
    "incomeBeforeTax": 175484000,
    "incomeBeforeTaxRatio": 0.1466331872,
    "incomeTaxExpense": 68079000,
    "netIncome": 107405000,
    "netIncomeRatio": 0.0897468571,
    "eps": 0.39,
    "epsdiluted": 0.39,
    "weightedAverageShsOut": 273672000,
    "weightedAverageShsOutDil": 275380000,
    "link": "https://www.sec.gov/Archives/edgar/data/47111/000004711100500033/0000047111-00-500033-index.htm",
    "finalLink": "https://www.sec.gov/Archives/edgar/data/47111/000004711100500033/fileedgar3qver10q.htm"
  },
  {
    "date": "2000-07-02",
    "symbol": "HSY",
    "reportedCurrency": "USD",
    "cik": "0000047111",
    "fillingDate": "2000-08-09",
    "acceptedDate": "2000-08-09 00:00:00",
    "calendarYear": "2000",
    "period": "Q2",
    "revenue": 836204000,
    "costOfRevenue": 458376000,
    "grossProfit": 377828000,
    "grossProfitRatio": 0.4518371115,
    "researchAndDevelopmentExpenses": 0,
    "generalAndAdministrativeExpenses": 0,
    "sellingAndMarketingExpenses": 0,
    "sellingGeneralAndAdministrativeExpenses": 250722000,
    "otherExpenses": 43694000,
    "operatingExpenses": 294416000,
    "costAndExpenses": 752792000,
    "interestIncome": 0,
    "interestExpense": 0,
    "depreciationAndAmortization": 43694000,
    "ebitda": 127106000,
    "ebitdaratio": 0.1520035781,
    "operatingIncome": 83412000,
    "operatingIncomeRatio": 0.0997507785,
    "totalOtherIncomeExpensesNet": -17843000,
    "incomeBeforeTax": 65569000,
    "incomeBeforeTaxRatio": 0.078412684,
    "incomeTaxExpense": 25573000,
    "netIncome": 39996000,
    "netIncomeRatio": 0.0478304337,
    "eps": 0.14,
    "epsdiluted": 0.14,
    "weightedAverageShsOut": 274830000,
    "weightedAverageShsOutDil": 277064000,
    "link": "https://www.sec.gov/Archives/edgar/data/47111/000004711100500004/0000047111-00-500004-index.htm",
    "finalLink": "https://www.sec.gov/Archives/edgar/data/47111/000004711100500004/0000047111-00-500004-0001.txt"
  },
  {
    "date": "2000-04-02",
    "symbol": "HSY",
    "reportedCurrency": "USD",
    "cik": "0000047111",
    "fillingDate": "2000-05-10",
    "acceptedDate": "2000-05-10 00:00:00",
    "calendarYear": "2000",
    "period": "Q1",
    "revenue": 993115000,
    "costOfRevenue": 561894000,
    "grossProfit": 431221000,
    "grossProfitRatio": 0.4342105396,
    "researchAndDevelopmentExpenses": 0,
    "generalAndAdministrativeExpenses": 0,
    "sellingAndMarketingExpenses": 0,
    "sellingGeneralAndAdministrativeExpenses": 253800000,
    "otherExpenses": 43203000,
    "operatingExpenses": 297003000,
    "costAndExpenses": 858897000,
    "interestIncome": 0,
    "interestExpense": 0,
    "depreciationAndAmortization": 43203000,
    "ebitda": 177421000,
    "ebitdaratio": 0.1786510122,
    "operatingIncome": 134218000,
    "operatingIncomeRatio": 0.1351484974,
    "totalOtherIncomeExpensesNet": -17530000,
    "incomeBeforeTax": 116688000,
    "incomeBeforeTaxRatio": 0.1174969666,
    "incomeTaxExpense": 45508000,
    "netIncome": 71180000,
    "netIncomeRatio": 0.0716734719,
    "eps": 0.26,
    "epsdiluted": 0.26,
    "weightedAverageShsOut": 276910000,
    "weightedAverageShsOutDil": 278432000,
    "link": "https://www.sec.gov/Archives/edgar/data/47111/000004711100000072/0000047111-00-000072-index.html",
    "finalLink": "https://www.sec.gov/Archives/edgar/data/47111/000004711100000072/"
  },
  {
    "date": "1999-12-31",
    "symbol": "HSY",
    "reportedCurrency": "USD",
    "cik": "0000047111",
    "fillingDate": "2000-03-13",
    "acceptedDate": "2000-03-13 00:00:00",
    "calendarYear": "1999",
    "period": "Q4",
    "revenue": 1105800000,
    "costOfRevenue": 604000000,
    "grossProfit": 501800000,
    "grossProfitRatio": 0.453789112,
    "researchAndDevelopmentExpenses": 0,
    "generalAndAdministrativeExpenses": 0,
    "sellingAndMarketingExpenses": 0,
    "sellingGeneralAndAdministrativeExpenses": 281100000,
    "otherExpenses": 41700000,
    "operatingExpenses": 322800000,
    "costAndExpenses": 926800000,
    "interestIncome": 0,
    "interestExpense": 0,
    "depreciationAndAmortization": 41700000,
    "ebitda": 220700000,
    "ebitdaratio": 0.1995840116,
    "operatingIncome": 179000000,
    "operatingIncomeRatio": 0.1618737566,
    "totalOtherIncomeExpensesNet": -18300000,
    "incomeBeforeTax": 160700000,
    "incomeBeforeTaxRatio": 0.1453246518,
    "incomeTaxExpense": 62700000,
    "netIncome": 98000000,
    "netIncomeRatio": 0.0886236209,
    "eps": 0.35,
    "epsdiluted": 0.35,
    "weightedAverageShsOut": 276712377,
    "weightedAverageShsOutDil": 281700000,
    "link": "https://www.sec.gov/Archives/edgar/data/47111/000004711100000070/0000047111-00-000070-index.html",
    "finalLink": "https://www.sec.gov/Archives/edgar/data/47111/000004711100000070/"
  },
  {
    "date": "1999-10-03",
    "symbol": "HSY",
    "reportedCurrency": "USD",
    "cik": "0000047111",
    "fillingDate": "1999-11-12",
    "acceptedDate": "1999-11-12 00:00:00",
    "calendarYear": "1999",
    "period": "Q3",
    "revenue": 1066700000,
    "costOfRevenue": 592200000,
    "grossProfit": 474500000,
    "grossProfitRatio": 0.4448298491,
    "researchAndDevelopmentExpenses": 0,
    "generalAndAdministrativeExpenses": 0,
    "sellingAndMarketingExpenses": 0,
    "sellingGeneralAndAdministrativeExpenses": 268600000,
    "otherExpenses": 41800000,
    "operatingExpenses": 310400000,
    "costAndExpenses": 902600000,
    "interestIncome": 0,
    "interestExpense": 0,
    "depreciationAndAmortization": 41800000,
    "ebitda": 205900000,
    "ebitdaratio": 0.193025218,
    "operatingIncome": 164100000,
    "operatingIncomeRatio": 0.1538389425,
    "totalOtherIncomeExpensesNet": -20500000,
    "incomeBeforeTax": 143600000,
    "incomeBeforeTaxRatio": 0.1346207931,
    "incomeTaxExpense": 56000000,
    "netIncome": 87600000,
    "netIncomeRatio": 0.0821224337,
    "eps": 0.32,
    "epsdiluted": 0.31,
    "weightedAverageShsOut": 278095238,
    "weightedAverageShsOutDil": 282580645,
    "link": "https://www.sec.gov/Archives/edgar/data/47111/000004711199000081/0000047111-99-000081-index.html",
    "finalLink": "https://www.sec.gov/Archives/edgar/data/47111/000004711199000081/"
  },
  {
    "date": "1999-07-04",
    "symbol": "HSY",
    "reportedCurrency": "USD",
    "cik": "0000047111",
    "fillingDate": "1999-08-17",
    "acceptedDate": "1999-08-17 00:00:00",
    "calendarYear": "1999",
    "period": "Q2",
    "revenue": 853200000,
    "costOfRevenue": 473500000,
    "grossProfit": 379739000,
    "grossProfitRatio": 0.4450761838,
    "researchAndDevelopmentExpenses": 0,
    "generalAndAdministrativeExpenses": 0,
    "sellingAndMarketingExpenses": 0,
    "sellingGeneralAndAdministrativeExpenses": 241400000,
    "otherExpenses": 39300000,
    "operatingExpenses": 280700000,
    "costAndExpenses": 754200000,
    "interestIncome": 0,
    "interestExpense": 0,
    "depreciationAndAmortization": 39300000,
    "ebitda": 138339000,
    "ebitdaratio": 0.1621413502,
    "operatingIncome": 99000000,
    "operatingIncomeRatio": 0.1160337553,
    "totalOtherIncomeExpensesNet": -16939000,
    "incomeBeforeTax": 82100000,
    "incomeBeforeTaxRatio": 0.0962259728,
    "incomeTaxExpense": 32000000,
    "netIncome": 50100000,
    "netIncomeRatio": 0.0587201125,
    "eps": 0.18,
    "epsdiluted": 0.18,
    "weightedAverageShsOut": 280002000,
    "weightedAverageShsOutDil": 282676000,
    "link": "https://www.sec.gov/Archives/edgar/data/47111/000004711199000073/0000047111-99-000073-index.html",
    "finalLink": "https://www.sec.gov/Archives/edgar/data/47111/000004711199000073/"
  },
  {
    "date": "1999-04-04",
    "symbol": "HSY",
    "reportedCurrency": "USD",
    "cik": "0000047111",
    "fillingDate": "1999-05-12",
    "acceptedDate": "1999-05-12 00:00:00",
    "calendarYear": "1999",
    "period": "Q1",
    "revenue": 945200000,
    "costOfRevenue": 521700000,
    "grossProfit": 423452000,
    "grossProfitRatio": 0.4480025391,
    "researchAndDevelopmentExpenses": 0,
    "generalAndAdministrativeExpenses": 0,
    "sellingAndMarketingExpenses": 0,
    "sellingGeneralAndAdministrativeExpenses": 266800000,
    "otherExpenses": 40500000,
    "operatingExpenses": 307300000,
    "costAndExpenses": 829000000,
    "interestIncome": 0,
    "interestExpense": 0,
    "depreciationAndAmortization": 40500000,
    "ebitda": 156652000,
    "ebitdaratio": 0.1657342361,
    "operatingIncome": 116200000,
    "operatingIncomeRatio": 0.1229369446,
    "totalOtherIncomeExpensesNet": 225400000,
    "incomeBeforeTax": 341600000,
    "incomeBeforeTaxRatio": 0.3614049937,
    "incomeTaxExpense": 116900000,
    "netIncome": 224700000,
    "netIncomeRatio": 0.2377274651,
    "eps": 0.79,
    "epsdiluted": 0.79,
    "weightedAverageShsOut": 284430380,
    "weightedAverageShsOutDil": 286242038,
    "link": "https://www.sec.gov/Archives/edgar/data/47111/000004711199000070/0000047111-99-000070-index.html",
    "finalLink": "https://www.sec.gov/Archives/edgar/data/47111/"
  },
  {
    "date": "1998-12-31",
    "symbol": "HSY",
    "reportedCurrency": "USD",
    "cik": "0000047111",
    "fillingDate": "1999-03-15",
    "acceptedDate": "1999-03-15 00:00:00",
    "calendarYear": "1998",
    "period": "Q4",
    "revenue": 1239900000,
    "costOfRevenue": 701700000,
    "grossProfit": 538200000,
    "grossProfitRatio": 0.4340672635,
    "researchAndDevelopmentExpenses": 0,
    "generalAndAdministrativeExpenses": 0,
    "sellingAndMarketingExpenses": 0,
    "sellingGeneralAndAdministrativeExpenses": 298600000,
    "otherExpenses": 41700000,
    "operatingExpenses": 340300000,
    "costAndExpenses": 1042000000,
    "interestIncome": 0,
    "interestExpense": 0,
    "depreciationAndAmortization": 41700000,
    "ebitda": 239600000,
    "ebitdaratio": 0.1932413904,
    "operatingIncome": 197900000,
    "operatingIncomeRatio": 0.1596096459,
    "totalOtherIncomeExpensesNet": -19400000,
    "incomeBeforeTax": 178500000,
    "incomeBeforeTaxRatio": 0.1439632228,
    "incomeTaxExpense": 68500000,
    "netIncome": 110000000,
    "netIncomeRatio": 0.088716832,
    "eps": 0.38,
    "epsdiluted": 0.38,
    "weightedAverageShsOut": 285385459,
    "weightedAverageShsOutDil": 290900000,
    "link": "https://www.sec.gov/Archives/edgar/data/47111/000004711199000057/0000047111-99-000057-index.html",
    "finalLink": "https://www.sec.gov/Archives/edgar/data/47111/"
  },
  {
    "date": "1998-10-04",
    "symbol": "HSY",
    "reportedCurrency": "USD",
    "cik": "0000047111",
    "fillingDate": "1998-11-12",
    "acceptedDate": "1998-11-12 00:00:00",
    "calendarYear": "1998",
    "period": "Q3",
    "revenue": 1217200000,
    "costOfRevenue": 667300000,
    "grossProfit": 549900000,
    "grossProfitRatio": 0.4517745646,
    "researchAndDevelopmentExpenses": 0,
    "generalAndAdministrativeExpenses": 0,
    "sellingAndMarketingExpenses": 0,
    "sellingGeneralAndAdministrativeExpenses": 311700000,
    "otherExpenses": 39300000,
    "operatingExpenses": 351000000,
    "costAndExpenses": 1018300000,
    "interestIncome": 0,
    "interestExpense": 0,
    "depreciationAndAmortization": 39300000,
    "ebitda": 238200000,
    "ebitdaratio": 0.1956950378,
    "operatingIncome": 198900000,
    "operatingIncomeRatio": 0.1634078212,
    "totalOtherIncomeExpensesNet": -22600000,
    "incomeBeforeTax": 176300000,
    "incomeBeforeTaxRatio": 0.1448406178,
    "incomeTaxExpense": 68800000,
    "netIncome": 107500000,
    "netIncomeRatio": 0.0883174499,
    "eps": 0.38,
    "epsdiluted": 0.37,
    "weightedAverageShsOut": 286666667,
    "weightedAverageShsOutDil": 290540541,
    "link": "https://www.sec.gov/Archives/edgar/data/47111/000004711198000109/0000047111-98-000109-index.html",
    "finalLink": "https://www.sec.gov/Archives/edgar/data/47111/"
  },
  {
    "date": "1998-07-05",
    "symbol": "HSY",
    "reportedCurrency": "USD",
    "cik": "0000047111",
    "fillingDate": "1998-08-12",
    "acceptedDate": "1998-08-12 00:00:00",
    "calendarYear": "1998",
    "period": "Q2",
    "revenue": 880400000,
    "costOfRevenue": 483400000,
    "grossProfit": 396900000,
    "grossProfitRatio": 0.4508178101,
    "researchAndDevelopmentExpenses": 0,
    "generalAndAdministrativeExpenses": 0,
    "sellingAndMarketingExpenses": 0,
    "sellingGeneralAndAdministrativeExpenses": 258300000,
    "otherExpenses": 39300000,
    "operatingExpenses": 297600000,
    "costAndExpenses": 781000000,
    "interestIncome": 0,
    "interestExpense": 0,
    "depreciationAndAmortization": 39300000,
    "ebitda": 138600000,
    "ebitdaratio": 0.1574284416,
    "operatingIncome": 99400000,
    "operatingIncomeRatio": 0.1129032258,
    "totalOtherIncomeExpensesNet": -20600000,
    "incomeBeforeTax": 78700000,
    "incomeBeforeTaxRatio": 0.0893911858,
    "incomeTaxExpense": 30700000,
    "netIncome": 48000000,
    "netIncomeRatio": 0.0545206724,
    "eps": 0.17,
    "epsdiluted": 0.17,
    "weightedAverageShsOut": 290909091,
    "weightedAverageShsOutDil": 290909091,
    "link": "https://www.sec.gov/Archives/edgar/data/47111/000004711198000107/0000047111-98-000107-index.html",
    "finalLink": "https://www.sec.gov/Archives/edgar/data/47111/"
  },
  {
    "date": "1998-04-05",
    "symbol": "HSY",
    "reportedCurrency": "USD",
    "cik": "0000047111",
    "fillingDate": "1998-05-13",
    "acceptedDate": "1998-05-13 00:00:00",
    "calendarYear": "1998",
    "period": "Q1",
    "revenue": 1098100000,
    "costOfRevenue": 614400000,
    "grossProfit": 483700000,
    "grossProfitRatio": 0.4404881158,
    "researchAndDevelopmentExpenses": 0,
    "generalAndAdministrativeExpenses": 0,
    "sellingAndMarketingExpenses": 0,
    "sellingGeneralAndAdministrativeExpenses": 299400000,
    "otherExpenses": 37900000,
    "operatingExpenses": 337300000,
    "costAndExpenses": 951700000,
    "interestIncome": 0,
    "interestExpense": 0,
    "depreciationAndAmortization": 37900000,
    "ebitda": 184300000,
    "ebitdaratio": 0.167835352,
    "operatingIncome": 146400000,
    "operatingIncomeRatio": 0.1333211911,
    "totalOtherIncomeExpensesNet": -22800000,
    "incomeBeforeTax": 123600000,
    "incomeBeforeTaxRatio": 0.1125580548,
    "incomeTaxExpense": 48200000,
    "netIncome": 75400000,
    "netIncomeRatio": 0.0686640561,
    "eps": 0.27,
    "epsdiluted": 0.26,
    "weightedAverageShsOut": 284528302,
    "weightedAverageShsOutDil": 290000000,
    "link": "https://www.sec.gov/Archives/edgar/data/47111/000004711198000095/0000047111-98-000095-index.html",
    "finalLink": "https://www.sec.gov/Archives/edgar/data/47111/"
  },
  {
    "date": "1997-12-31",
    "symbol": "HSY",
    "reportedCurrency": "USD",
    "cik": "0000047111",
    "fillingDate": "1998-03-16",
    "acceptedDate": "1998-03-16 00:00:00",
    "calendarYear": "1997",
    "period": "Q4",
    "revenue": 1242400000,
    "costOfRevenue": 658100000,
    "grossProfit": 584300000,
    "grossProfitRatio": 0.4702994205,
    "researchAndDevelopmentExpenses": 0,
    "generalAndAdministrativeExpenses": 0,
    "sellingAndMarketingExpenses": 0,
    "sellingGeneralAndAdministrativeExpenses": 330200000,
    "otherExpenses": 38600000,
    "operatingExpenses": 368800000,
    "costAndExpenses": 1026900000,
    "interestIncome": 0,
    "interestExpense": 0,
    "depreciationAndAmortization": 38600000,
    "ebitda": 254100000,
    "ebitdaratio": 0.2045235029,
    "operatingIncome": 215500000,
    "operatingIncomeRatio": 0.173454604,
    "totalOtherIncomeExpensesNet": -24100000,
    "incomeBeforeTax": 191400000,
    "incomeBeforeTaxRatio": 0.1540566645,
    "incomeTaxExpense": 75200000,
    "netIncome": 116200000,
    "netIncomeRatio": 0.0935286542,
    "eps": 0.39,
    "epsdiluted": 0.39,
    "weightedAverageShsOut": 291212785,
    "weightedAverageShsOutDil": 298800000,
    "link": "https://www.sec.gov/Archives/edgar/data/47111/000004711198000080/0000047111-98-000080-index.html",
    "finalLink": "https://www.sec.gov/Archives/edgar/data/47111/"
  },
  {
    "date": "1997-09-28",
    "symbol": "HSY",
    "reportedCurrency": "USD",
    "cik": "0000047111",
    "fillingDate": "1997-11-05",
    "acceptedDate": "1997-11-05 00:00:00",
    "calendarYear": "1997",
    "period": "Q3",
    "revenue": 1151600000,
    "costOfRevenue": 634800000,
    "grossProfit": 516800000,
    "grossProfitRatio": 0.448766933,
    "researchAndDevelopmentExpenses": 0,
    "generalAndAdministrativeExpenses": 0,
    "sellingAndMarketingExpenses": 0,
    "sellingGeneralAndAdministrativeExpenses": 292600000,
    "otherExpenses": 37800000,
    "operatingExpenses": 330400000,
    "costAndExpenses": 965200000,
    "interestIncome": 0,
    "interestExpense": 0,
    "depreciationAndAmortization": 37800000,
    "ebitda": 224200000,
    "ebitdaratio": 0.1946856547,
    "operatingIncome": 186400000,
    "operatingIncomeRatio": 0.1618617576,
    "totalOtherIncomeExpensesNet": -20500000,
    "incomeBeforeTax": 165900000,
    "incomeBeforeTaxRatio": 0.1440604377,
    "incomeTaxExpense": 65200000,
    "netIncome": 100700000,
    "netIncomeRatio": 0.0874435568,
    "eps": 0.34,
    "epsdiluted": 0.34,
    "weightedAverageShsOut": 296176471,
    "weightedAverageShsOutDil": 300597015,
    "link": "https://www.sec.gov/Archives/edgar/data/47111/000004711197000035/0000047111-97-000035-index.html",
    "finalLink": "https://www.sec.gov/Archives/edgar/data/47111/"
  },
  {
    "date": "1997-06-29",
    "symbol": "HSY",
    "reportedCurrency": "USD",
    "cik": "0000047111",
    "fillingDate": "1997-08-04",
    "acceptedDate": "1997-08-04 00:00:00",
    "calendarYear": "1997",
    "period": "Q2",
    "revenue": 905700000,
    "costOfRevenue": 494000000,
    "grossProfit": 411700000,
    "grossProfitRatio": 0.4545655294,
    "researchAndDevelopmentExpenses": 0,
    "generalAndAdministrativeExpenses": 0,
    "sellingAndMarketingExpenses": 0,
    "sellingGeneralAndAdministrativeExpenses": 276300000,
    "otherExpenses": 36300000,
    "operatingExpenses": 312600000,
    "costAndExpenses": 806600000,
    "interestIncome": 0,
    "interestExpense": 0,
    "depreciationAndAmortization": 36300000,
    "ebitda": 135400000,
    "ebitdaratio": 0.1494976261,
    "operatingIncome": 99100000,
    "operatingIncomeRatio": 0.1094181296,
    "totalOtherIncomeExpensesNet": -15800000,
    "incomeBeforeTax": 83300000,
    "incomeBeforeTaxRatio": 0.0919730595,
    "incomeTaxExpense": 32700000,
    "netIncome": 50600000,
    "netIncomeRatio": 0.0558683891,
    "eps": 0.17,
    "epsdiluted": 0.17,
    "weightedAverageShsOut": 306666667,
    "weightedAverageShsOutDil": 306666667,
    "link": "https://www.sec.gov/Archives/edgar/data/47111/000004711197000022/0000047111-97-000022-index.html",
    "finalLink": "https://www.sec.gov/Archives/edgar/data/47111/"
  },
  {
    "date": "1997-03-30",
    "symbol": "HSY",
    "reportedCurrency": "USD",
    "cik": "0000047111",
    "fillingDate": "1997-05-07",
    "acceptedDate": "1997-05-07 00:00:00",
    "calendarYear": "1997",
    "period": "Q1",
    "revenue": 1002500000,
    "costOfRevenue": 549200000,
    "grossProfit": 453300000,
    "grossProfitRatio": 0.4521695761,
    "researchAndDevelopmentExpenses": 0,
    "generalAndAdministrativeExpenses": 0,
    "sellingAndMarketingExpenses": 0,
    "sellingGeneralAndAdministrativeExpenses": 284000000,
    "otherExpenses": 40100000,
    "operatingExpenses": 324100000,
    "costAndExpenses": 873300000,
    "interestIncome": 0,
    "interestExpense": 0,
    "depreciationAndAmortization": 40100000,
    "ebitda": 169300000,
    "ebitdaratio": 0.1688778055,
    "operatingIncome": 129200000,
    "operatingIncomeRatio": 0.1288778055,
    "totalOtherIncomeExpensesNet": -15700000,
    "incomeBeforeTax": 113500000,
    "incomeBeforeTaxRatio": 0.1132169576,
    "incomeTaxExpense": 44600000,
    "netIncome": 68900000,
    "netIncomeRatio": 0.0687281796,
    "eps": 0.23,
    "epsdiluted": 0.23,
    "weightedAverageShsOut": 306222222,
    "weightedAverageShsOutDil": 306222222,
    "link": "https://www.sec.gov/Archives/edgar/data/47111/000004711197000019/0000047111-97-000019-index.html",
    "finalLink": "https://www.sec.gov/Archives/edgar/data/47111/"
  },
  {
    "date": "1996-12-31",
    "symbol": "HSY",
    "reportedCurrency": "USD",
    "cik": "0000047111",
    "fillingDate": "1997-03-17",
    "acceptedDate": "1997-03-17 00:00:00",
    "calendarYear": "1996",
    "period": "Q4",
    "revenue": 1189100000,
    "costOfRevenue": 535100000,
    "grossProfit": 654000000,
    "grossProfitRatio": 0.5499957951,
    "researchAndDevelopmentExpenses": 0,
    "generalAndAdministrativeExpenses": 0,
    "sellingAndMarketingExpenses": 0,
    "sellingGeneralAndAdministrativeExpenses": 318800000,
    "otherExpenses": 133500000,
    "operatingExpenses": 452300000,
    "costAndExpenses": 987400000,
    "interestIncome": 0,
    "interestExpense": 0,
    "depreciationAndAmortization": 0,
    "ebitda": 201700000,
    "ebitdaratio": 0.1696240854,
    "operatingIncome": 201700000,
    "operatingIncomeRatio": 0.1696240854,
    "totalOtherIncomeExpensesNet": -46600000,
    "incomeBeforeTax": 155100000,
    "incomeBeforeTaxRatio": 0.1304347826,
    "incomeTaxExpense": 76400000,
    "netIncome": 78700000,
    "netIncomeRatio": 0.0661845093,
    "eps": 0.25,
    "epsdiluted": 0.25,
    "weightedAverageShsOut": 301202260,
    "weightedAverageShsOutDil": 309400000,
    "link": "https://www.sec.gov/Archives/edgar/data/47111/000004711197000008/0000047111-97-000008-index.html",
    "finalLink": "https://www.sec.gov/Archives/edgar/data/47111/"
  },
  {
    "date": "1996-09-29",
    "symbol": "HSY",
    "reportedCurrency": "USD",
    "cik": "0000047111",
    "fillingDate": "1996-11-06",
    "acceptedDate": "1996-11-06 00:00:00",
    "calendarYear": "1996",
    "period": "Q3",
    "revenue": 1072300000,
    "costOfRevenue": 614000000,
    "grossProfit": 458300000,
    "grossProfitRatio": 0.4273990488,
    "researchAndDevelopmentExpenses": 0,
    "generalAndAdministrativeExpenses": 0,
    "sellingAndMarketingExpenses": 0,
    "sellingGeneralAndAdministrativeExpenses": 287500000,
    "otherExpenses": 0,
    "operatingExpenses": 287500000,
    "costAndExpenses": 901500000,
    "interestIncome": 0,
    "interestExpense": 0,
    "depreciationAndAmortization": 0,
    "ebitda": 170800000,
    "ebitdaratio": 0.1592837825,
    "operatingIncome": 170800000,
    "operatingIncomeRatio": 0.1592837825,
    "totalOtherIncomeExpensesNet": -13400000,
    "incomeBeforeTax": 157400000,
    "incomeBeforeTaxRatio": 0.1467872797,
    "incomeTaxExpense": 63100000,
    "netIncome": 94300000,
    "netIncomeRatio": 0.0879418073,
    "eps": 0.31,
    "epsdiluted": 0.31,
    "weightedAverageShsOut": 309180328,
    "weightedAverageShsOutDil": 309180328,
    "link": "https://www.sec.gov/Archives/edgar/data/47111/000004711196000021/0000047111-96-000021-index.html",
    "finalLink": "https://www.sec.gov/Archives/edgar/data/47111/"
  },
  {
    "date": "1996-06-30",
    "symbol": "HSY",
    "reportedCurrency": "USD",
    "cik": "0000047111",
    "fillingDate": "1996-08-08",
    "acceptedDate": "1996-08-08 00:00:00",
    "calendarYear": "1996",
    "period": "Q2",
    "revenue": 796300000,
    "costOfRevenue": 469800000,
    "grossProfit": 326500000,
    "grossProfitRatio": 0.4100213487,
    "researchAndDevelopmentExpenses": 0,
    "generalAndAdministrativeExpenses": 0,
    "sellingAndMarketingExpenses": 0,
    "sellingGeneralAndAdministrativeExpenses": 247400000,
    "otherExpenses": 0,
    "operatingExpenses": 247400000,
    "costAndExpenses": 717200000,
    "interestIncome": 0,
    "interestExpense": 0,
    "depreciationAndAmortization": 0,
    "ebitda": 79100000,
    "ebitdaratio": 0.0993344217,
    "operatingIncome": 79100000,
    "operatingIncomeRatio": 0.0993344217,
    "totalOtherIncomeExpensesNet": -11000000,
    "incomeBeforeTax": 68100000,
    "incomeBeforeTaxRatio": 0.0855205325,
    "incomeTaxExpense": 27300000,
    "netIncome": 40800000,
    "netIncomeRatio": 0.051236971,
    "eps": 0.13,
    "epsdiluted": 0.13,
    "weightedAverageShsOut": 313846154,
    "weightedAverageShsOutDil": 313846154,
    "link": "https://www.sec.gov/Archives/edgar/data/47111/000004711196000016/0000047111-96-000016-index.html",
    "finalLink": "https://www.sec.gov/Archives/edgar/data/47111/"
  },
  {
    "date": "1996-03-31",
    "symbol": "HSY",
    "reportedCurrency": "USD",
    "cik": "0000047111",
    "fillingDate": "1996-05-08",
    "acceptedDate": "1996-05-08 00:00:00",
    "calendarYear": "1996",
    "period": "Q1",
    "revenue": 931500000,
    "costOfRevenue": 549700000,
    "grossProfit": 381800000,
    "grossProfitRatio": 0.4098765432,
    "researchAndDevelopmentExpenses": 0,
    "generalAndAdministrativeExpenses": 0,
    "sellingAndMarketingExpenses": 0,
    "sellingGeneralAndAdministrativeExpenses": 270400000,
    "otherExpenses": 0,
    "operatingExpenses": 270400000,
    "costAndExpenses": 820100000,
    "interestIncome": 0,
    "interestExpense": 0,
    "depreciationAndAmortization": 0,
    "ebitda": 111400000,
    "ebitdaratio": 0.1195920558,
    "operatingIncome": 111400000,
    "operatingIncomeRatio": 0.1195920558,
    "totalOtherIncomeExpensesNet": -12200000,
    "incomeBeforeTax": 99200000,
    "incomeBeforeTaxRatio": 0.1064949007,
    "incomeTaxExpense": 39800000,
    "netIncome": 59400000,
    "netIncomeRatio": 0.0637681159,
    "eps": 0.19,
    "epsdiluted": 0.19,
    "weightedAverageShsOut": 312631579,
    "weightedAverageShsOutDil": 312631579,
    "link": "https://www.sec.gov/Archives/edgar/data/47111/000004711196000013/0000047111-96-000013-index.html",
    "finalLink": "https://www.sec.gov/Archives/edgar/data/47111/"
  },
  {
    "date": "1995-12-31",
    "symbol": "HSY",
    "reportedCurrency": "USD",
    "cik": "0000047111",
    "fillingDate": "1996-03-13",
    "acceptedDate": "1996-03-13 00:00:00",
    "calendarYear": "1995",
    "period": "Q4",
    "revenue": 1119900000,
    "costOfRevenue": 492800000,
    "grossProfit": 627100000,
    "grossProfitRatio": 0.5599607108,
    "researchAndDevelopmentExpenses": 0,
    "generalAndAdministrativeExpenses": 0,
    "sellingAndMarketingExpenses": 0,
    "sellingGeneralAndAdministrativeExpenses": 302800000,
    "otherExpenses": 133900000,
    "operatingExpenses": 436700000,
    "costAndExpenses": 929500000,
    "interestIncome": 0,
    "interestExpense": 0,
    "depreciationAndAmortization": 0,
    "ebitda": 190400000,
    "ebitdaratio": 0.1700151799,
    "operatingIncome": 190400000,
    "operatingIncomeRatio": 0.1700151799,
    "totalOtherIncomeExpensesNet": -14400000,
    "incomeBeforeTax": 176000000,
    "incomeBeforeTaxRatio": 0.157156889,
    "incomeTaxExpense": 70200000,
    "netIncome": 105800000,
    "netIncomeRatio": 0.0944727208,
    "eps": 0.33,
    "epsdiluted": 0.33,
    "weightedAverageShsOut": 310626697,
    "weightedAverageShsOutDil": 322500000,
    "link": "https://www.sec.gov/Archives/edgar/data/47111/000004711196000010/0000047111-96-000010-index.html",
    "finalLink": "https://www.sec.gov/Archives/edgar/data/47111/"
  },
  {
    "date": "1995-10-01",
    "symbol": "HSY",
    "reportedCurrency": "USD",
    "cik": "0000047111",
    "fillingDate": "1995-11-09",
    "acceptedDate": "1995-11-09 00:00:00",
    "calendarYear": "1995",
    "period": "Q3",
    "revenue": 981100000,
    "costOfRevenue": 572400000,
    "grossProfit": 408700000,
    "grossProfitRatio": 0.4165732341,
    "researchAndDevelopmentExpenses": 0,
    "generalAndAdministrativeExpenses": 0,
    "sellingAndMarketingExpenses": 0,
    "sellingGeneralAndAdministrativeExpenses": 261700000,
    "otherExpenses": 0,
    "operatingExpenses": 261700000,
    "costAndExpenses": 834100000,
    "interestIncome": 0,
    "interestExpense": 0,
    "depreciationAndAmortization": 0,
    "ebitda": 147000000,
    "ebitdaratio": 0.1498318214,
    "operatingIncome": 147000000,
    "operatingIncomeRatio": 0.1498318214,
    "totalOtherIncomeExpensesNet": -13500000,
    "incomeBeforeTax": 133500000,
    "incomeBeforeTaxRatio": 0.1360717562,
    "incomeTaxExpense": 51400000,
    "netIncome": 82100000,
    "netIncomeRatio": 0.0836815819,
    "eps": 0.26,
    "epsdiluted": 0.26,
    "weightedAverageShsOut": 321960784,
    "weightedAverageShsOutDil": 321960784,
    "link": "https://www.sec.gov/Archives/edgar/data/47111/000004711195000031/0000047111-95-000031-index.html",
    "finalLink": "https://www.sec.gov/Archives/edgar/data/47111/"
  }
]