[
  {
    "date": "2025-06-30",
    "symbol": "HUBB",
    "reportedCurrency": "USD",
    "cik": "0000048898",
    "fillingDate": "2025-07-30",
    "acceptedDate": "2025-07-30 08:16:37",
    "calendarYear": "2025",
    "period": "Q2",
    "revenue": 1484300000,
    "costOfRevenue": 932200000,
    "grossProfit": 552100000,
    "grossProfitRatio": 0.3719598464,
    "researchAndDevelopmentExpenses": 0,
    "generalAndAdministrativeExpenses": 0,
    "sellingAndMarketingExpenses": 0,
    "sellingGeneralAndAdministrativeExpenses": 215800000,
    "otherExpenses": 0,
    "operatingExpenses": 215800000,
    "costAndExpenses": 1148000000,
    "interestIncome": 0,
    "interestExpense": 14500000,
    "depreciationAndAmortization": 48500000,
    "ebitda": 378200000,
    "ebitdaratio": 0.2548002425,
    "operatingIncome": 336300000,
    "operatingIncomeRatio": 0.2265714478,
    "totalOtherIncomeExpensesNet": -21100000,
    "incomeBeforeTax": 315200000,
    "incomeBeforeTaxRatio": 0.2123559927,
    "incomeTaxExpense": 69700000,
    "netIncome": 244200000,
    "netIncomeRatio": 0.1645219969,
    "eps": 4.58,
    "epsdiluted": 4.56,
    "weightedAverageShsOut": 54000000,
    "weightedAverageShsOutDil": 54000000,
    "link": "https://www.sec.gov/Archives/edgar/data/48898/000162828025036564/0001628280-25-036564-index.htm",
    "finalLink": "https://www.sec.gov/Archives/edgar/data/48898/000162828025036564/hubb-20250630.htm"
  },
  {
    "date": "2025-03-31",
    "symbol": "HUBB",
    "reportedCurrency": "USD",
    "cik": "0000048898",
    "fillingDate": "2025-05-02",
    "acceptedDate": "2025-05-02 08:07:08",
    "calendarYear": "2025",
    "period": "Q1",
    "revenue": 1365200000,
    "costOfRevenue": 914000000,
    "grossProfit": 451200000,
    "grossProfitRatio": 0.3305010255,
    "researchAndDevelopmentExpenses": 0,
    "generalAndAdministrativeExpenses": 0,
    "sellingAndMarketingExpenses": 0,
    "sellingGeneralAndAdministrativeExpenses": 212200000,
    "otherExpenses": 0,
    "operatingExpenses": 212200000,
    "costAndExpenses": 1126200000,
    "interestIncome": 0,
    "interestExpense": 13800000,
    "depreciationAndAmortization": 46700000,
    "ebitda": 280400000,
    "ebitdaratio": 0.2053911515,
    "operatingIncome": 239000000,
    "operatingIncomeRatio": 0.1750659244,
    "totalOtherIncomeExpensesNet": -19100000,
    "incomeBeforeTax": 219900000,
    "incomeBeforeTaxRatio": 0.1610753003,
    "incomeTaxExpense": 48900000,
    "netIncome": 169700000,
    "netIncomeRatio": 0.1243041313,
    "eps": 3.16,
    "epsdiluted": 3.15,
    "weightedAverageShsOut": 54000000,
    "weightedAverageShsOutDil": 54000000,
    "link": "https://www.sec.gov/Archives/edgar/data/48898/000162828025021677/0001628280-25-021677-index.htm",
    "finalLink": "https://www.sec.gov/Archives/edgar/data/48898/000162828025021677/hubb-20250331.htm"
  },
  {
    "date": "2024-12-31",
    "symbol": "HUBB",
    "reportedCurrency": "USD",
    "cik": "0000048898",
    "fillingDate": "2025-02-13",
    "acceptedDate": "2025-02-13 08:19:23",
    "calendarYear": "2024",
    "period": "Q4",
    "revenue": 1334300000,
    "costOfRevenue": 883700000,
    "grossProfit": 450600000,
    "grossProfitRatio": 0.3377051638,
    "researchAndDevelopmentExpenses": 0,
    "generalAndAdministrativeExpenses": 0,
    "sellingAndMarketingExpenses": 0,
    "sellingGeneralAndAdministrativeExpenses": 192500000,
    "otherExpenses": 0,
    "operatingExpenses": 192500000,
    "costAndExpenses": 1076200000,
    "interestIncome": 0,
    "interestExpense": 14200000,
    "depreciationAndAmortization": 53300000,
    "ebitda": 311700000,
    "ebitdaratio": 0.2336056359,
    "operatingIncome": 258100000,
    "operatingIncomeRatio": 0.1934347598,
    "totalOtherIncomeExpensesNet": -13900000,
    "incomeBeforeTax": 244200000,
    "incomeBeforeTaxRatio": 0.1830173124,
    "incomeTaxExpense": 46000000,
    "netIncome": 197000000,
    "netIncomeRatio": 0.1476429589,
    "eps": 3.66,
    "epsdiluted": 3.64,
    "weightedAverageShsOut": 54000000,
    "weightedAverageShsOutDil": 54000000,
    "link": "https://www.sec.gov/Archives/edgar/data/48898/000162828025005311/0001628280-25-005311-index.htm",
    "finalLink": "https://www.sec.gov/Archives/edgar/data/48898/000162828025005311/hubb-20241231.htm"
  },
  {
    "date": "2024-09-30",
    "symbol": "HUBB",
    "reportedCurrency": "USD",
    "cik": "0000048898",
    "fillingDate": "2024-10-30",
    "acceptedDate": "2024-10-30 08:09:22",
    "calendarYear": "2024",
    "period": "Q3",
    "revenue": 1442600000,
    "costOfRevenue": 945500000,
    "grossProfit": 497100000,
    "grossProfitRatio": 0.3445861639,
    "researchAndDevelopmentExpenses": 0,
    "generalAndAdministrativeExpenses": 0,
    "sellingAndMarketingExpenses": 0,
    "sellingGeneralAndAdministrativeExpenses": 193300000,
    "otherExpenses": 0,
    "operatingExpenses": 193300000,
    "costAndExpenses": 1138800000,
    "interestIncome": 0,
    "interestExpense": 18700000,
    "depreciationAndAmortization": 49300000,
    "ebitda": 347500000,
    "ebitdaratio": 0.2408845141,
    "operatingIncome": 303800000,
    "operatingIncomeRatio": 0.2105919867,
    "totalOtherIncomeExpensesNet": -24300000,
    "incomeBeforeTax": 279500000,
    "incomeBeforeTaxRatio": 0.1937474005,
    "incomeTaxExpense": 58500000,
    "netIncome": 219400000,
    "netIncomeRatio": 0.1520865105,
    "eps": 4.08,
    "epsdiluted": 4.06,
    "weightedAverageShsOut": 53700000,
    "weightedAverageShsOutDil": 54000000,
    "link": "https://www.sec.gov/Archives/edgar/data/48898/000162828024044201/0001628280-24-044201-index.htm",
    "finalLink": "https://www.sec.gov/Archives/edgar/data/48898/000162828024044201/hubb-20240930.htm"
  },
  {
    "date": "2024-06-30",
    "symbol": "HUBB",
    "reportedCurrency": "USD",
    "cik": "0000048898",
    "fillingDate": "2024-07-31",
    "acceptedDate": "2024-07-31 08:11:35",
    "calendarYear": "2024",
    "period": "Q2",
    "revenue": 1452500000,
    "costOfRevenue": 938700000,
    "grossProfit": 513800000,
    "grossProfitRatio": 0.3537349398,
    "researchAndDevelopmentExpenses": 0,
    "generalAndAdministrativeExpenses": 0,
    "sellingAndMarketingExpenses": 0,
    "sellingGeneralAndAdministrativeExpenses": 207500000,
    "otherExpenses": 0,
    "operatingExpenses": 207500000,
    "costAndExpenses": 1146200000,
    "interestIncome": 0,
    "interestExpense": 19800000,
    "depreciationAndAmortization": 49600000,
    "ebitda": 354700000,
    "ebitdaratio": 0.2441996558,
    "operatingIncome": 306300000,
    "operatingIncomeRatio": 0.2108777969,
    "totalOtherIncomeExpensesNet": -21000000,
    "incomeBeforeTax": 285300000,
    "incomeBeforeTaxRatio": 0.1964199656,
    "incomeTaxExpense": 66200000,
    "netIncome": 217500000,
    "netIncomeRatio": 0.1497418244,
    "eps": 4.04,
    "epsdiluted": 4.01,
    "weightedAverageShsOut": 53700000,
    "weightedAverageShsOutDil": 54100000,
    "link": "https://www.sec.gov/Archives/edgar/data/48898/000162828024033632/0001628280-24-033632-index.htm",
    "finalLink": "https://www.sec.gov/Archives/edgar/data/48898/000162828024033632/hubb-20240630.htm"
  },
  {
    "date": "2024-03-31",
    "symbol": "HUBB",
    "reportedCurrency": "USD",
    "cik": "0000048898",
    "fillingDate": "2024-05-01",
    "acceptedDate": "2024-05-01 08:12:41",
    "calendarYear": "2024",
    "period": "Q1",
    "revenue": 1399100000,
    "costOfRevenue": 951400000,
    "grossProfit": 447700000,
    "grossProfitRatio": 0.3199914231,
    "researchAndDevelopmentExpenses": 0,
    "generalAndAdministrativeExpenses": 0,
    "sellingAndMarketingExpenses": 0,
    "sellingGeneralAndAdministrativeExpenses": 219200000,
    "otherExpenses": 0,
    "operatingExpenses": 219200000,
    "costAndExpenses": 1170600000,
    "interestIncome": 0,
    "interestExpense": 21100000,
    "depreciationAndAmortization": 59900000,
    "ebitda": 282400000,
    "ebitdaratio": 0.2018440426,
    "operatingIncome": 228500000,
    "operatingIncomeRatio": 0.1633192767,
    "totalOtherIncomeExpensesNet": -27100000,
    "incomeBeforeTax": 201400000,
    "incomeBeforeTaxRatio": 0.1439496819,
    "incomeTaxExpense": 52300000,
    "netIncome": 147800000,
    "netIncomeRatio": 0.1056393396,
    "eps": 2.75,
    "epsdiluted": 2.73,
    "weightedAverageShsOut": 53700000,
    "weightedAverageShsOutDil": 54000000,
    "link": "https://www.sec.gov/Archives/edgar/data/48898/000162828024019474/0001628280-24-019474-index.htm",
    "finalLink": "https://www.sec.gov/Archives/edgar/data/48898/000162828024019474/hubb-20240331.htm"
  },
  {
    "date": "2023-12-31",
    "symbol": "HUBB",
    "reportedCurrency": "USD",
    "cik": "0000048898",
    "fillingDate": "2024-02-08",
    "acceptedDate": "2024-02-08 08:15:27",
    "calendarYear": "2023",
    "period": "Q4",
    "revenue": 1345800000,
    "costOfRevenue": 889600000,
    "grossProfit": 456200000,
    "grossProfitRatio": 0.338980532,
    "researchAndDevelopmentExpenses": 0,
    "generalAndAdministrativeExpenses": 0,
    "sellingAndMarketingExpenses": 0,
    "sellingGeneralAndAdministrativeExpenses": 230600000,
    "otherExpenses": 0,
    "operatingExpenses": 230600000,
    "costAndExpenses": 1120200000,
    "interestIncome": 0,
    "interestExpense": 10000000,
    "depreciationAndAmortization": 39600000,
    "ebitda": 259100000,
    "ebitdaratio": 0.1925248923,
    "operatingIncome": 225600000,
    "operatingIncomeRatio": 0.1676326349,
    "totalOtherIncomeExpensesNet": -16100000,
    "incomeBeforeTax": 209500000,
    "incomeBeforeTaxRatio": 0.1556694903,
    "incomeTaxExpense": 37100000,
    "netIncome": 171000000,
    "netIncomeRatio": 0.1270619706,
    "eps": 3.18,
    "epsdiluted": 3.16,
    "weightedAverageShsOut": 53600000,
    "weightedAverageShsOutDil": 54000000,
    "link": "https://www.sec.gov/Archives/edgar/data/48898/000162828024003792/0001628280-24-003792-index.htm",
    "finalLink": "https://www.sec.gov/Archives/edgar/data/48898/000162828024003792/hubb-20231231.htm"
  },
  {
    "date": "2023-09-30",
    "symbol": "HUBB",
    "reportedCurrency": "USD",
    "cik": "0000048898",
    "fillingDate": "2023-11-01",
    "acceptedDate": "2023-11-01 08:15:47",
    "calendarYear": "2023",
    "period": "Q3",
    "revenue": 1375800000,
    "costOfRevenue": 888400000,
    "grossProfit": 487400000,
    "grossProfitRatio": 0.3542666085,
    "researchAndDevelopmentExpenses": 0,
    "generalAndAdministrativeExpenses": 0,
    "sellingAndMarketingExpenses": 0,
    "sellingGeneralAndAdministrativeExpenses": 211100000,
    "otherExpenses": 0,
    "operatingExpenses": 211100000,
    "costAndExpenses": 1099500000,
    "interestIncome": 0,
    "interestExpense": 7800000,
    "depreciationAndAmortization": 37600000,
    "ebitda": 310400000,
    "ebitdaratio": 0.2256141881,
    "operatingIncome": 276300000,
    "operatingIncomeRatio": 0.2008286088,
    "totalOtherIncomeExpensesNet": -11300000,
    "incomeBeforeTax": 265000000,
    "incomeBeforeTaxRatio": 0.1926152057,
    "incomeTaxExpense": 63000000,
    "netIncome": 200100000,
    "netIncomeRatio": 0.1454426515,
    "eps": 3.72,
    "epsdiluted": 3.7,
    "weightedAverageShsOut": 53600000,
    "weightedAverageShsOutDil": 54000000,
    "link": "https://www.sec.gov/Archives/edgar/data/48898/000162828023035804/0001628280-23-035804-index.htm",
    "finalLink": "https://www.sec.gov/Archives/edgar/data/48898/000162828023035804/hubb-20230930.htm"
  },
  {
    "date": "2023-06-30",
    "symbol": "HUBB",
    "reportedCurrency": "USD",
    "cik": "0000048898",
    "fillingDate": "2023-07-26",
    "acceptedDate": "2023-07-26 08:08:26",
    "calendarYear": "2023",
    "period": "Q2",
    "revenue": 1365900000,
    "costOfRevenue": 869700000,
    "grossProfit": 496200000,
    "grossProfitRatio": 0.3632769602,
    "researchAndDevelopmentExpenses": 0,
    "generalAndAdministrativeExpenses": 0,
    "sellingAndMarketingExpenses": 0,
    "sellingGeneralAndAdministrativeExpenses": 208400000,
    "otherExpenses": 0,
    "operatingExpenses": 208400000,
    "costAndExpenses": 1078100000,
    "interestIncome": 0,
    "interestExpense": 9200000,
    "depreciationAndAmortization": 36900000,
    "ebitda": 319900000,
    "ebitdaratio": 0.2342045538,
    "operatingIncome": 287800000,
    "operatingIncomeRatio": 0.2107035654,
    "totalOtherIncomeExpensesNet": -14000000,
    "incomeBeforeTax": 273800000,
    "incomeBeforeTaxRatio": 0.2004539132,
    "incomeTaxExpense": 65600000,
    "netIncome": 206800000,
    "netIncomeRatio": 0.151402006,
    "eps": 3.85,
    "epsdiluted": 3.82,
    "weightedAverageShsOut": 53600000,
    "weightedAverageShsOutDil": 54000000,
    "link": "https://www.sec.gov/Archives/edgar/data/48898/000162828023025628/0001628280-23-025628-index.htm",
    "finalLink": "https://www.sec.gov/Archives/edgar/data/48898/000162828023025628/hubb-20230630.htm"
  },
  {
    "date": "2023-03-31",
    "symbol": "HUBB",
    "reportedCurrency": "USD",
    "cik": "0000048898",
    "fillingDate": "2023-04-28",
    "acceptedDate": "2023-04-28 16:10:49",
    "calendarYear": "2023",
    "period": "Q1",
    "revenue": 1285400000,
    "costOfRevenue": 837100000,
    "grossProfit": 448300000,
    "grossProfitRatio": 0.348763031,
    "researchAndDevelopmentExpenses": 0,
    "generalAndAdministrativeExpenses": 0,
    "sellingAndMarketingExpenses": 0,
    "sellingGeneralAndAdministrativeExpenses": 199500000,
    "otherExpenses": 0,
    "operatingExpenses": 199500000,
    "costAndExpenses": 1036600000,
    "interestIncome": 0,
    "interestExpense": 9700000,
    "depreciationAndAmortization": 35600000,
    "ebitda": 280300000,
    "ebitdaratio": 0.2180644157,
    "operatingIncome": 248800000,
    "operatingIncomeRatio": 0.1935584254,
    "totalOtherIncomeExpensesNet": -13800000,
    "incomeBeforeTax": 235000000,
    "incomeBeforeTaxRatio": 0.1828224677,
    "incomeTaxExpense": 51600000,
    "netIncome": 181900000,
    "netIncomeRatio": 0.1415123697,
    "eps": 3.39,
    "epsdiluted": 3.37,
    "weightedAverageShsOut": 53600000,
    "weightedAverageShsOutDil": 53900000,
    "link": "https://www.sec.gov/Archives/edgar/data/48898/000162828023014179/0001628280-23-014179-index.htm",
    "finalLink": "https://www.sec.gov/Archives/edgar/data/48898/000162828023014179/hubb-20230331.htm"
  },
  {
    "date": "2022-12-31",
    "symbol": "HUBB",
    "reportedCurrency": "USD",
    "cik": "0000048898",
    "fillingDate": "2023-02-09",
    "acceptedDate": "2023-02-09 08:21:14",
    "calendarYear": "2022",
    "period": "Q4",
    "revenue": 1219600000,
    "costOfRevenue": 852800000,
    "grossProfit": 366800000,
    "grossProfitRatio": 0.3007543457,
    "researchAndDevelopmentExpenses": 0,
    "generalAndAdministrativeExpenses": 0,
    "sellingAndMarketingExpenses": 0,
    "sellingGeneralAndAdministrativeExpenses": 194800000,
    "otherExpenses": 0,
    "operatingExpenses": 194800000,
    "costAndExpenses": 1047600000,
    "interestIncome": 0,
    "interestExpense": 11700000,
    "depreciationAndAmortization": 40900000,
    "ebitda": 209400000,
    "ebitdaratio": 0.1716956379,
    "operatingIncome": 172000000,
    "operatingIncomeRatio": 0.1410298459,
    "totalOtherIncomeExpensesNet": -15200000,
    "incomeBeforeTax": 156800000,
    "incomeBeforeTaxRatio": 0.1285667432,
    "incomeTaxExpense": 32900000,
    "netIncome": 104600000,
    "netIncomeRatio": 0.0857658249,
    "eps": 1.94,
    "epsdiluted": 1.93,
    "weightedAverageShsOut": 53600000,
    "weightedAverageShsOutDil": 54000000,
    "link": "https://www.sec.gov/Archives/edgar/data/48898/000162828023002875/0001628280-23-002875-index.htm",
    "finalLink": "https://www.sec.gov/Archives/edgar/data/48898/000162828023002875/hubb-20221231.htm"
  },
  {
    "date": "2022-09-30",
    "symbol": "HUBB",
    "reportedCurrency": "USD",
    "cik": "0000048898",
    "fillingDate": "2022-10-26",
    "acceptedDate": "2022-10-26 08:11:32",
    "calendarYear": "2022",
    "period": "Q3",
    "revenue": 1316200000,
    "costOfRevenue": 917700000,
    "grossProfit": 398500000,
    "grossProfitRatio": 0.3027655372,
    "researchAndDevelopmentExpenses": 0,
    "generalAndAdministrativeExpenses": 0,
    "sellingAndMarketingExpenses": 0,
    "sellingGeneralAndAdministrativeExpenses": 194900000,
    "otherExpenses": 0,
    "operatingExpenses": 194900000,
    "costAndExpenses": 1112600000,
    "interestIncome": 0,
    "interestExpense": 12100000,
    "depreciationAndAmortization": 38200000,
    "ebitda": 241100000,
    "ebitdaratio": 0.1831788482,
    "operatingIncome": 203600000,
    "operatingIncomeRatio": 0.1546877374,
    "totalOtherIncomeExpensesNet": -12800000,
    "incomeBeforeTax": 190800000,
    "incomeBeforeTaxRatio": 0.1449627716,
    "incomeTaxExpense": 38800000,
    "netIncome": 139100000,
    "netIncomeRatio": 0.1056830269,
    "eps": 2.59,
    "epsdiluted": 2.58,
    "weightedAverageShsOut": 53700000,
    "weightedAverageShsOutDil": 54000000,
    "link": "https://www.sec.gov/Archives/edgar/data/48898/000162828022027022/0001628280-22-027022-index.htm",
    "finalLink": "https://www.sec.gov/Archives/edgar/data/48898/000162828022027022/hubb-20220930.htm"
  },
  {
    "date": "2022-06-30",
    "symbol": "HUBB",
    "reportedCurrency": "USD",
    "cik": "0000048898",
    "fillingDate": "2022-07-27",
    "acceptedDate": "2022-07-27 08:04:36",
    "calendarYear": "2022",
    "period": "Q2",
    "revenue": 1256000000,
    "costOfRevenue": 872800000,
    "grossProfit": 383200000,
    "grossProfitRatio": 0.3050955414,
    "researchAndDevelopmentExpenses": 0,
    "generalAndAdministrativeExpenses": 0,
    "sellingAndMarketingExpenses": 0,
    "sellingGeneralAndAdministrativeExpenses": 192600000,
    "otherExpenses": 0,
    "operatingExpenses": 192600000,
    "costAndExpenses": 1065400000,
    "interestIncome": 0,
    "interestExpense": 12700000,
    "depreciationAndAmortization": 34700000,
    "ebitda": 223400000,
    "ebitdaratio": 0.177866242,
    "operatingIncome": 190600000,
    "operatingIncomeRatio": 0.1517515924,
    "totalOtherIncomeExpensesNet": -14600000,
    "incomeBeforeTax": 176000000,
    "incomeBeforeTaxRatio": 0.1401273885,
    "incomeTaxExpense": 38900000,
    "netIncome": 122000000,
    "netIncomeRatio": 0.097133758,
    "eps": 2.27,
    "epsdiluted": 2.26,
    "weightedAverageShsOut": 53600000,
    "weightedAverageShsOutDil": 53900000,
    "link": "https://www.sec.gov/Archives/edgar/data/48898/000162828022019492/0001628280-22-019492-index.htm",
    "finalLink": "https://www.sec.gov/Archives/edgar/data/48898/000162828022019492/hubb-20220630.htm"
  },
  {
    "date": "2022-03-31",
    "symbol": "HUBB",
    "reportedCurrency": "USD",
    "cik": "0000048898",
    "fillingDate": "2022-04-27",
    "acceptedDate": "2022-04-27 08:07:49",
    "calendarYear": "2022",
    "period": "Q1",
    "revenue": 1156100000,
    "costOfRevenue": 833000000,
    "grossProfit": 323100000,
    "grossProfitRatio": 0.2794740939,
    "researchAndDevelopmentExpenses": 0,
    "generalAndAdministrativeExpenses": 0,
    "sellingAndMarketingExpenses": 0,
    "sellingGeneralAndAdministrativeExpenses": 180200000,
    "otherExpenses": 0,
    "operatingExpenses": 180200000,
    "costAndExpenses": 1013200000,
    "interestIncome": 0,
    "interestExpense": 13100000,
    "depreciationAndAmortization": 34700000,
    "ebitda": 181200000,
    "ebitdaratio": 0.1567338466,
    "operatingIncome": 142900000,
    "operatingIncomeRatio": 0.1236052245,
    "totalOtherIncomeExpensesNet": -9500000,
    "incomeBeforeTax": 133400000,
    "incomeBeforeTaxRatio": 0.1153879422,
    "incomeTaxExpense": 29600000,
    "netIncome": 180200000,
    "netIncomeRatio": 0.1558688695,
    "eps": 1.92,
    "epsdiluted": 1.91,
    "weightedAverageShsOut": 54100000,
    "weightedAverageShsOutDil": 54400000,
    "link": "https://www.sec.gov/Archives/edgar/data/48898/000162828022010690/0001628280-22-010690-index.htm",
    "finalLink": "https://www.sec.gov/Archives/edgar/data/48898/000162828022010690/hubb-20220331.htm"
  },
  {
    "date": "2021-12-31",
    "symbol": "HUBB",
    "reportedCurrency": "USD",
    "cik": "0000048898",
    "fillingDate": "2022-02-11",
    "acceptedDate": "2022-02-11 08:13:07",
    "calendarYear": "2021",
    "period": "Q4",
    "revenue": 710300000,
    "costOfRevenue": 509700000,
    "grossProfit": 200600000,
    "grossProfitRatio": 0.2824158806,
    "researchAndDevelopmentExpenses": 0,
    "generalAndAdministrativeExpenses": 0,
    "sellingAndMarketingExpenses": 0,
    "sellingGeneralAndAdministrativeExpenses": 93900000,
    "otherExpenses": 0,
    "operatingExpenses": 93900000,
    "costAndExpenses": 603600000,
    "interestIncome": 0,
    "interestExpense": 13300000,
    "depreciationAndAmortization": 26500000,
    "ebitda": 141700000,
    "ebitdaratio": 0.1994931719,
    "operatingIncome": 106700000,
    "operatingIncomeRatio": 0.1502182177,
    "totalOtherIncomeExpensesNet": -4800000,
    "incomeBeforeTax": 101900000,
    "incomeBeforeTaxRatio": 0.1434605096,
    "incomeTaxExpense": 17100000,
    "netIncome": 83000000,
    "netIncomeRatio": 0.1168520344,
    "eps": 2.15,
    "epsdiluted": 2.14,
    "weightedAverageShsOut": 54400000,
    "weightedAverageShsOutDil": 54800000,
    "link": "https://www.sec.gov/Archives/edgar/data/48898/000162828022002255/0001628280-22-002255-index.htm",
    "finalLink": "https://www.sec.gov/Archives/edgar/data/48898/000162828022002255/hubb-20211231.htm"
  },
  {
    "date": "2021-09-30",
    "symbol": "HUBB",
    "reportedCurrency": "USD",
    "cik": "0000048898",
    "fillingDate": "2021-10-27",
    "acceptedDate": "2021-10-27 08:21:45",
    "calendarYear": "2021",
    "period": "Q3",
    "revenue": 1083400000,
    "costOfRevenue": 782300000,
    "grossProfit": 301100000,
    "grossProfitRatio": 0.2779213587,
    "researchAndDevelopmentExpenses": 0,
    "generalAndAdministrativeExpenses": 0,
    "sellingAndMarketingExpenses": 0,
    "sellingGeneralAndAdministrativeExpenses": 155200000,
    "otherExpenses": 0,
    "operatingExpenses": 155200000,
    "costAndExpenses": 937500000,
    "interestIncome": 0,
    "interestExpense": 13600000,
    "depreciationAndAmortization": 35700000,
    "ebitda": 182300000,
    "ebitdaratio": 0.1682665682,
    "operatingIncome": 145900000,
    "operatingIncomeRatio": 0.1346686358,
    "totalOtherIncomeExpensesNet": -12900000,
    "incomeBeforeTax": 133000000,
    "incomeBeforeTaxRatio": 0.1227616762,
    "incomeTaxExpense": 27500000,
    "netIncome": 108400000,
    "netIncomeRatio": 0.1000553812,
    "eps": 1.99,
    "epsdiluted": 1.98,
    "weightedAverageShsOut": 54300000,
    "weightedAverageShsOutDil": 54700000,
    "link": "https://www.sec.gov/Archives/edgar/data/48898/000162828021020576/0001628280-21-020576-index.htm",
    "finalLink": "https://www.sec.gov/Archives/edgar/data/48898/000162828021020576/hubb-20210930.htm"
  },
  {
    "date": "2021-06-30",
    "symbol": "HUBB",
    "reportedCurrency": "USD",
    "cik": "0000048898",
    "fillingDate": "2021-07-28",
    "acceptedDate": "2021-07-28 08:16:50",
    "calendarYear": "2021",
    "period": "Q2",
    "revenue": 1054300000,
    "costOfRevenue": 756000000,
    "grossProfit": 298300000,
    "grossProfitRatio": 0.2829365456,
    "researchAndDevelopmentExpenses": 0,
    "generalAndAdministrativeExpenses": 0,
    "sellingAndMarketingExpenses": 0,
    "sellingGeneralAndAdministrativeExpenses": 156100000,
    "otherExpenses": 0,
    "operatingExpenses": 156100000,
    "costAndExpenses": 912100000,
    "interestIncome": 0,
    "interestExpense": 12600000,
    "depreciationAndAmortization": 37600000,
    "ebitda": 156700000,
    "ebitdaratio": 0.1486294224,
    "operatingIncome": 142200000,
    "operatingIncomeRatio": 0.1348762212,
    "totalOtherIncomeExpensesNet": -35700000,
    "incomeBeforeTax": 106500000,
    "incomeBeforeTaxRatio": 0.1010148914,
    "incomeTaxExpense": 16900000,
    "netIncome": 95800000,
    "netIncomeRatio": 0.0908659774,
    "eps": 1.76,
    "epsdiluted": 1.74,
    "weightedAverageShsOut": 54300000,
    "weightedAverageShsOutDil": 54700000,
    "link": "https://www.sec.gov/Archives/edgar/data/48898/000162828021014632/0001628280-21-014632-index.htm",
    "finalLink": "https://www.sec.gov/Archives/edgar/data/48898/000162828021014632/hubb-20210630.htm"
  },
  {
    "date": "2021-03-31",
    "symbol": "HUBB",
    "reportedCurrency": "USD",
    "cik": "0000048898",
    "fillingDate": "2021-04-28",
    "acceptedDate": "2021-04-28 08:08:11",
    "calendarYear": "2021",
    "period": "Q1",
    "revenue": 956300000,
    "costOfRevenue": 694100000,
    "grossProfit": 262200000,
    "grossProfitRatio": 0.2741817421,
    "researchAndDevelopmentExpenses": 0,
    "generalAndAdministrativeExpenses": 0,
    "sellingAndMarketingExpenses": 0,
    "sellingGeneralAndAdministrativeExpenses": 152300000,
    "otherExpenses": 0,
    "operatingExpenses": 152300000,
    "costAndExpenses": 846400000,
    "interestIncome": 0,
    "interestExpense": 15200000,
    "depreciationAndAmortization": 39300000,
    "ebitda": 150400000,
    "ebitdaratio": 0.1572728223,
    "operatingIncome": 109900000,
    "operatingIncomeRatio": 0.1149220956,
    "totalOtherIncomeExpensesNet": -14000000,
    "incomeBeforeTax": 95900000,
    "incomeBeforeTaxRatio": 0.1002823382,
    "incomeTaxExpense": 21200000,
    "netIncome": 77700000,
    "netIncomeRatio": 0.0812506536,
    "eps": 1.43,
    "epsdiluted": 1.42,
    "weightedAverageShsOut": 54200000,
    "weightedAverageShsOutDil": 54700000,
    "link": "https://www.sec.gov/Archives/edgar/data/48898/000162828021007817/0001628280-21-007817-index.htm",
    "finalLink": "https://www.sec.gov/Archives/edgar/data/48898/000162828021007817/hubb-20210331.htm"
  },
  {
    "date": "2020-12-31",
    "symbol": "HUBB",
    "reportedCurrency": "USD",
    "cik": "0000048898",
    "fillingDate": "2021-02-11",
    "acceptedDate": "2021-02-11 08:19:50",
    "calendarYear": "2020",
    "period": "Q4",
    "revenue": 1037900000,
    "costOfRevenue": 752200000,
    "grossProfit": 285700000,
    "grossProfitRatio": 0.2752673668,
    "researchAndDevelopmentExpenses": 0,
    "generalAndAdministrativeExpenses": 165900000,
    "sellingAndMarketingExpenses": 0,
    "sellingGeneralAndAdministrativeExpenses": 165900000,
    "otherExpenses": 0,
    "operatingExpenses": 165900000,
    "costAndExpenses": 918100000,
    "interestIncome": 0,
    "interestExpense": 14500000,
    "depreciationAndAmortization": 40600000,
    "ebitda": 156700000,
    "ebitdaratio": 0.1509779362,
    "operatingIncome": 119800000,
    "operatingIncomeRatio": 0.1154253782,
    "totalOtherIncomeExpensesNet": -18200000,
    "incomeBeforeTax": 101600000,
    "incomeBeforeTaxRatio": 0.0978899701,
    "incomeTaxExpense": 19000000,
    "netIncome": 80900000,
    "netIncomeRatio": 0.0779458522,
    "eps": 1.49,
    "epsdiluted": 1.48,
    "weightedAverageShsOut": 54200000,
    "weightedAverageShsOutDil": 54600000,
    "link": "https://www.sec.gov/Archives/edgar/data/48898/000162828021001868/0001628280-21-001868-index.htm",
    "finalLink": "https://www.sec.gov/Archives/edgar/data/48898/000162828021001868/hubb-20201231.htm"
  },
  {
    "date": "2020-09-30",
    "symbol": "HUBB",
    "reportedCurrency": "USD",
    "cik": "0000048898",
    "fillingDate": "2020-10-28",
    "acceptedDate": "2020-10-28 08:27:57",
    "calendarYear": "2020",
    "period": "Q3",
    "revenue": 1108600000,
    "costOfRevenue": 779000000,
    "grossProfit": 329600000,
    "grossProfitRatio": 0.297311925,
    "researchAndDevelopmentExpenses": 0,
    "generalAndAdministrativeExpenses": 166700000,
    "sellingAndMarketingExpenses": 0,
    "sellingGeneralAndAdministrativeExpenses": 166700000,
    "otherExpenses": 0,
    "operatingExpenses": 166700000,
    "costAndExpenses": 945700000,
    "interestIncome": 0,
    "interestExpense": 15000000,
    "depreciationAndAmortization": 39400000,
    "ebitda": 193400000,
    "ebitdaratio": 0.1744542666,
    "operatingIncome": 162900000,
    "operatingIncomeRatio": 0.1469420891,
    "totalOtherIncomeExpensesNet": -23900000,
    "incomeBeforeTax": 139000000,
    "incomeBeforeTaxRatio": 0.1253833664,
    "incomeTaxExpense": 30400000,
    "netIncome": 107100000,
    "netIncomeRatio": 0.0966083348,
    "eps": 1.97,
    "epsdiluted": 1.96,
    "weightedAverageShsOut": 54200000,
    "weightedAverageShsOutDil": 54500000,
    "link": "https://www.sec.gov/Archives/edgar/data/48898/000162828020014919/0001628280-20-014919-index.htm",
    "finalLink": "https://www.sec.gov/Archives/edgar/data/48898/000162828020014919/hubb-20200930.htm"
  },
  {
    "date": "2020-06-30",
    "symbol": "HUBB",
    "reportedCurrency": "USD",
    "cik": "0000048898",
    "fillingDate": "2020-07-31",
    "acceptedDate": "2020-07-31 08:42:07",
    "calendarYear": "2020",
    "period": "Q2",
    "revenue": 949200000,
    "costOfRevenue": 668700000,
    "grossProfit": 280500000,
    "grossProfitRatio": 0.2955120101,
    "researchAndDevelopmentExpenses": 0,
    "generalAndAdministrativeExpenses": 149000000,
    "sellingAndMarketingExpenses": 0,
    "sellingGeneralAndAdministrativeExpenses": 149000000,
    "otherExpenses": 0,
    "operatingExpenses": 149000000,
    "costAndExpenses": 817700000,
    "interestIncome": 0,
    "interestExpense": 15700000,
    "depreciationAndAmortization": 38700000,
    "ebitda": 167400000,
    "ebitdaratio": 0.1763590392,
    "operatingIncome": 131500000,
    "operatingIncomeRatio": 0.138537716,
    "totalOtherIncomeExpensesNet": -18500000,
    "incomeBeforeTax": 113000000,
    "incomeBeforeTaxRatio": 0.119047619,
    "incomeTaxExpense": 23900000,
    "netIncome": 88200000,
    "netIncomeRatio": 0.092920354,
    "eps": 1.62,
    "epsdiluted": 1.62,
    "weightedAverageShsOut": 54100000,
    "weightedAverageShsOutDil": 54300000,
    "link": "https://www.sec.gov/Archives/edgar/data/48898/000162828020011076/0001628280-20-011076-index.htm",
    "finalLink": "https://www.sec.gov/Archives/edgar/data/48898/000162828020011076/hubb-20200630.htm"
  },
  {
    "date": "2020-03-31",
    "symbol": "HUBB",
    "reportedCurrency": "USD",
    "cik": "0000048898",
    "fillingDate": "2020-05-01",
    "acceptedDate": "2020-05-01 08:19:07",
    "calendarYear": "2020",
    "period": "Q1",
    "revenue": 1090300000,
    "costOfRevenue": 776800000,
    "grossProfit": 313500000,
    "grossProfitRatio": 0.2875355407,
    "researchAndDevelopmentExpenses": 0,
    "generalAndAdministrativeExpenses": 194700000,
    "sellingAndMarketingExpenses": 0,
    "sellingGeneralAndAdministrativeExpenses": 194700000,
    "otherExpenses": 0,
    "operatingExpenses": 194700000,
    "costAndExpenses": 971500000,
    "interestIncome": 0,
    "interestExpense": 15100000,
    "depreciationAndAmortization": 38900000,
    "ebitda": 153900000,
    "ebitdaratio": 0.1411538109,
    "operatingIncome": 118800000,
    "operatingIncomeRatio": 0.1089608365,
    "totalOtherIncomeExpensesNet": -18900000,
    "incomeBeforeTax": 99900000,
    "incomeBeforeTaxRatio": 0.0916261579,
    "incomeTaxExpense": 24200000,
    "netIncome": 75000000,
    "netIncomeRatio": 0.0687884069,
    "eps": 1.38,
    "epsdiluted": 1.37,
    "weightedAverageShsOut": 54300000,
    "weightedAverageShsOutDil": 54600000,
    "link": "https://www.sec.gov/Archives/edgar/data/48898/000162828020006030/0001628280-20-006030-index.htm",
    "finalLink": "https://www.sec.gov/Archives/edgar/data/48898/000162828020006030/hubb-2020033110q.htm"
  },
  {
    "date": "2019-12-31",
    "symbol": "HUBB",
    "reportedCurrency": "USD",
    "cik": "0000048898",
    "fillingDate": "2020-02-14",
    "acceptedDate": "2020-02-14 08:21:47",
    "calendarYear": "2019",
    "period": "Q4",
    "revenue": 1103300000,
    "costOfRevenue": 777300000,
    "grossProfit": 326000000,
    "grossProfitRatio": 0.2954772047,
    "researchAndDevelopmentExpenses": 0,
    "generalAndAdministrativeExpenses": 190100000,
    "sellingAndMarketingExpenses": 0,
    "sellingGeneralAndAdministrativeExpenses": 190100000,
    "otherExpenses": 0,
    "operatingExpenses": 190100000,
    "costAndExpenses": 967400000,
    "interestIncome": 0,
    "interestExpense": 17700000,
    "depreciationAndAmortization": 39900000,
    "ebitda": 188500000,
    "ebitdaratio": 0.1708510831,
    "operatingIncome": 135900000,
    "operatingIncomeRatio": 0.1231759268,
    "totalOtherIncomeExpensesNet": -5000000,
    "incomeBeforeTax": 130900000,
    "incomeBeforeTaxRatio": 0.1186440678,
    "incomeTaxExpense": 27800000,
    "netIncome": 101900000,
    "netIncomeRatio": 0.0923592858,
    "eps": 1.87,
    "epsdiluted": 1.85,
    "weightedAverageShsOut": 54300000,
    "weightedAverageShsOutDil": 54700000,
    "link": "https://www.sec.gov/Archives/edgar/data/48898/000162828020001557/0001628280-20-001557-index.htm",
    "finalLink": "https://www.sec.gov/Archives/edgar/data/48898/000162828020001557/hubb-20191231x10k.htm"
  },
  {
    "date": "2019-09-30",
    "symbol": "HUBB",
    "reportedCurrency": "USD",
    "cik": "0000048898",
    "fillingDate": "2019-10-30",
    "acceptedDate": "2019-10-30 08:11:39",
    "calendarYear": "2019",
    "period": "Q3",
    "revenue": 1204000000,
    "costOfRevenue": 842000000,
    "grossProfit": 362000000,
    "grossProfitRatio": 0.3006644518,
    "researchAndDevelopmentExpenses": 0,
    "generalAndAdministrativeExpenses": 189100000,
    "sellingAndMarketingExpenses": 0,
    "sellingGeneralAndAdministrativeExpenses": 189100000,
    "otherExpenses": 0,
    "operatingExpenses": 189100000,
    "costAndExpenses": 1031100000,
    "interestIncome": 0,
    "interestExpense": 17000000,
    "depreciationAndAmortization": 37400000,
    "ebitda": 222400000,
    "ebitdaratio": 0.184717608,
    "operatingIncome": 172900000,
    "operatingIncomeRatio": 0.1436046512,
    "totalOtherIncomeExpensesNet": -4900000,
    "incomeBeforeTax": 168000000,
    "incomeBeforeTaxRatio": 0.1395348837,
    "incomeTaxExpense": 35400000,
    "netIncome": 130700000,
    "netIncomeRatio": 0.1085548173,
    "eps": 2.4,
    "epsdiluted": 2.38,
    "weightedAverageShsOut": 54300000,
    "weightedAverageShsOutDil": 54600000,
    "link": "https://www.sec.gov/Archives/edgar/data/48898/000162828019012727/0001628280-19-012727-index.htm",
    "finalLink": "https://www.sec.gov/Archives/edgar/data/48898/000162828019012727/hubb-2019093010q.htm"
  },
  {
    "date": "2019-06-30",
    "symbol": "HUBB",
    "reportedCurrency": "USD",
    "cik": "0000048898",
    "fillingDate": "2019-07-31",
    "acceptedDate": "2019-07-31 08:38:01",
    "calendarYear": "2019",
    "period": "Q2",
    "revenue": 1196400000,
    "costOfRevenue": 839000000,
    "grossProfit": 357400000,
    "grossProfitRatio": 0.2987295219,
    "researchAndDevelopmentExpenses": 0,
    "generalAndAdministrativeExpenses": 190500000,
    "sellingAndMarketingExpenses": 0,
    "sellingGeneralAndAdministrativeExpenses": 190500000,
    "otherExpenses": 0,
    "operatingExpenses": 190500000,
    "costAndExpenses": 1029500000,
    "interestIncome": 0,
    "interestExpense": 17200000,
    "depreciationAndAmortization": 37100000,
    "ebitda": 177900000,
    "ebitdaratio": 0.1486960883,
    "operatingIncome": 166900000,
    "operatingIncomeRatio": 0.1395018388,
    "totalOtherIncomeExpensesNet": -43300000,
    "incomeBeforeTax": 123600000,
    "incomeBeforeTaxRatio": 0.1033099298,
    "incomeTaxExpense": 25700000,
    "netIncome": 96000000,
    "netIncomeRatio": 0.0802407222,
    "eps": 1.76,
    "epsdiluted": 1.75,
    "weightedAverageShsOut": 54300000,
    "weightedAverageShsOutDil": 54600000,
    "link": "https://www.sec.gov/Archives/edgar/data/48898/000162828019009335/0001628280-19-009335-index.htm",
    "finalLink": "https://www.sec.gov/Archives/edgar/data/48898/000162828019009335/hubb-2019063010q.htm"
  },
  {
    "date": "2019-03-31",
    "symbol": "HUBB",
    "reportedCurrency": "USD",
    "cik": "0000048898",
    "fillingDate": "2019-05-01",
    "acceptedDate": "2019-05-01 08:12:28",
    "calendarYear": "2019",
    "period": "Q1",
    "revenue": 1087300000,
    "costOfRevenue": 780000000,
    "grossProfit": 307300000,
    "grossProfitRatio": 0.28262669,
    "researchAndDevelopmentExpenses": 0,
    "generalAndAdministrativeExpenses": 186400000,
    "sellingAndMarketingExpenses": 0,
    "sellingGeneralAndAdministrativeExpenses": 186400000,
    "otherExpenses": 0,
    "operatingExpenses": 186400000,
    "costAndExpenses": 966400000,
    "interestIncome": 0,
    "interestExpense": 17500000,
    "depreciationAndAmortization": 36600000,
    "ebitda": 152100000,
    "ebitdaratio": 0.1398877955,
    "operatingIncome": 120900000,
    "operatingIncomeRatio": 0.1111928631,
    "totalOtherIncomeExpensesNet": -22900000,
    "incomeBeforeTax": 98000000,
    "incomeBeforeTaxRatio": 0.0901315184,
    "incomeTaxExpense": 24200000,
    "netIncome": 72300000,
    "netIncomeRatio": 0.0664949876,
    "eps": 1.32,
    "epsdiluted": 1.32,
    "weightedAverageShsOut": 54400000,
    "weightedAverageShsOutDil": 54600000,
    "link": "https://www.sec.gov/Archives/edgar/data/48898/000162828019005330/0001628280-19-005330-index.htm",
    "finalLink": "https://www.sec.gov/Archives/edgar/data/48898/000162828019005330/hubb-2019033110q.htm"
  },
  {
    "date": "2018-12-31",
    "symbol": "HUBB",
    "reportedCurrency": "USD",
    "cik": "0000048898",
    "fillingDate": "2019-02-15",
    "acceptedDate": "2019-02-15 08:17:12",
    "calendarYear": "2018",
    "period": "Q4",
    "revenue": 1144100000,
    "costOfRevenue": 823500000,
    "grossProfit": 320600000,
    "grossProfitRatio": 0.2802202605,
    "researchAndDevelopmentExpenses": 0,
    "generalAndAdministrativeExpenses": 184000000,
    "sellingAndMarketingExpenses": 0,
    "sellingGeneralAndAdministrativeExpenses": 184000000,
    "otherExpenses": 0,
    "operatingExpenses": 184000000,
    "costAndExpenses": 1007500000,
    "interestIncome": 0,
    "interestExpense": 17900000,
    "depreciationAndAmortization": 35600000,
    "ebitda": 168200000,
    "ebitdaratio": 0.1470151211,
    "operatingIncome": 136600000,
    "operatingIncomeRatio": 0.1193951578,
    "totalOtherIncomeExpensesNet": -21900000,
    "incomeBeforeTax": 114700000,
    "incomeBeforeTaxRatio": 0.1002534743,
    "incomeTaxExpense": 25500000,
    "netIncome": 88000000,
    "netIncomeRatio": 0.0769163535,
    "eps": 1.61,
    "epsdiluted": 1.6,
    "weightedAverageShsOut": 54500000,
    "weightedAverageShsOutDil": 54700000,
    "link": "https://www.sec.gov/Archives/edgar/data/48898/000162828019001446/0001628280-19-001446-index.htm",
    "finalLink": "https://www.sec.gov/Archives/edgar/data/48898/000162828019001446/hubb-20181231x10k.htm"
  },
  {
    "date": "2018-09-30",
    "symbol": "HUBB",
    "reportedCurrency": "USD",
    "cik": "0000048898",
    "fillingDate": "2018-10-24",
    "acceptedDate": "2018-10-24 08:16:23",
    "calendarYear": "2018",
    "period": "Q3",
    "revenue": 1179700000,
    "costOfRevenue": 830700000,
    "grossProfit": 349000000,
    "grossProfitRatio": 0.2958379249,
    "researchAndDevelopmentExpenses": 0,
    "generalAndAdministrativeExpenses": 185200000,
    "sellingAndMarketingExpenses": 0,
    "sellingGeneralAndAdministrativeExpenses": 185200000,
    "otherExpenses": 0,
    "operatingExpenses": 185200000,
    "costAndExpenses": 1015900000,
    "interestIncome": 0,
    "interestExpense": 18400000,
    "depreciationAndAmortization": 36500000,
    "ebitda": 197400000,
    "ebitdaratio": 0.1673306773,
    "operatingIncome": 163800000,
    "operatingIncomeRatio": 0.1388488599,
    "totalOtherIncomeExpensesNet": -21300000,
    "incomeBeforeTax": 142500000,
    "incomeBeforeTaxRatio": 0.1207934221,
    "incomeTaxExpense": 27800000,
    "netIncome": 113600000,
    "netIncomeRatio": 0.0962956684,
    "eps": 2.07,
    "epsdiluted": 2.06,
    "weightedAverageShsOut": 54600000,
    "weightedAverageShsOutDil": 54900000,
    "link": "https://www.sec.gov/Archives/edgar/data/48898/000162828018012833/0001628280-18-012833-index.htm",
    "finalLink": "https://www.sec.gov/Archives/edgar/data/48898/000162828018012833/hubb-2018093010q.htm"
  },
  {
    "date": "2018-06-30",
    "symbol": "HUBB",
    "reportedCurrency": "USD",
    "cik": "0000048898",
    "fillingDate": "2018-07-25",
    "acceptedDate": "2018-07-25 08:20:35",
    "calendarYear": "2018",
    "period": "Q2",
    "revenue": 1166700000,
    "costOfRevenue": 818800000,
    "grossProfit": 347900000,
    "grossProfitRatio": 0.2981914802,
    "researchAndDevelopmentExpenses": 0,
    "generalAndAdministrativeExpenses": 191000000,
    "sellingAndMarketingExpenses": 0,
    "sellingGeneralAndAdministrativeExpenses": 191000000,
    "otherExpenses": 0,
    "operatingExpenses": 191000000,
    "costAndExpenses": 1009800000,
    "interestIncome": 0,
    "interestExpense": 18800000,
    "depreciationAndAmortization": 37000000,
    "ebitda": 189800000,
    "ebitdaratio": 0.1626810663,
    "operatingIncome": 156900000,
    "operatingIncomeRatio": 0.1344818719,
    "totalOtherIncomeExpensesNet": -22900000,
    "incomeBeforeTax": 134000000,
    "incomeBeforeTaxRatio": 0.1148538613,
    "incomeTaxExpense": 31600000,
    "netIncome": 100300000,
    "netIncomeRatio": 0.0859689723,
    "eps": 1.83,
    "epsdiluted": 1.82,
    "weightedAverageShsOut": 54700000,
    "weightedAverageShsOutDil": 54900000,
    "link": "https://www.sec.gov/Archives/edgar/data/48898/000162828018009572/0001628280-18-009572-index.htm",
    "finalLink": "https://www.sec.gov/Archives/edgar/data/48898/000162828018009572/hubb-2018063010q.htm"
  },
  {
    "date": "2018-03-31",
    "symbol": "HUBB",
    "reportedCurrency": "USD",
    "cik": "0000048898",
    "fillingDate": "2018-04-25",
    "acceptedDate": "2018-04-25 17:12:52",
    "calendarYear": "2018",
    "period": "Q1",
    "revenue": 991200000,
    "costOfRevenue": 708300000,
    "grossProfit": 282900000,
    "grossProfitRatio": 0.2854116223,
    "researchAndDevelopmentExpenses": 0,
    "generalAndAdministrativeExpenses": 183300000,
    "sellingAndMarketingExpenses": 0,
    "sellingGeneralAndAdministrativeExpenses": 183300000,
    "otherExpenses": 0,
    "operatingExpenses": 183300000,
    "costAndExpenses": 891600000,
    "interestIncome": 0,
    "interestExpense": 17300000,
    "depreciationAndAmortization": 39300000,
    "ebitda": 132400000,
    "ebitdaratio": 0.1335754641,
    "operatingIncome": 99600000,
    "operatingIncomeRatio": 0.1004842615,
    "totalOtherIncomeExpensesNet": -23800000,
    "incomeBeforeTax": 75800000,
    "incomeBeforeTaxRatio": 0.0764729621,
    "incomeTaxExpense": 16000000,
    "netIncome": 58300000,
    "netIncomeRatio": 0.0588175948,
    "eps": 1.06,
    "epsdiluted": 1.05,
    "weightedAverageShsOut": 54700000,
    "weightedAverageShsOutDil": 55100000,
    "link": "https://www.sec.gov/Archives/edgar/data/48898/000162828018005005/0001628280-18-005005-index.htm",
    "finalLink": "https://www.sec.gov/Archives/edgar/data/48898/000162828018005005/hubb-2018033110q.htm"
  },
  {
    "date": "2017-12-31",
    "symbol": "HUBB",
    "reportedCurrency": "USD",
    "cik": "0000048898",
    "fillingDate": "2018-02-15",
    "acceptedDate": "2018-02-15 08:32:48",
    "calendarYear": "2017",
    "period": "Q4",
    "revenue": 917700000,
    "costOfRevenue": 629200000,
    "grossProfit": 288500000,
    "grossProfitRatio": 0.3143728887,
    "researchAndDevelopmentExpenses": 0,
    "generalAndAdministrativeExpenses": 165900000,
    "sellingAndMarketingExpenses": 0,
    "sellingGeneralAndAdministrativeExpenses": 165900000,
    "otherExpenses": 0,
    "operatingExpenses": 165900000,
    "costAndExpenses": 795100000,
    "interestIncome": 0,
    "interestExpense": 10600000,
    "depreciationAndAmortization": 23800000,
    "ebitda": 146300000,
    "ebitdaratio": 0.1594202899,
    "operatingIncome": 122600000,
    "operatingIncomeRatio": 0.1335948567,
    "totalOtherIncomeExpensesNet": -10700000,
    "incomeBeforeTax": 111900000,
    "incomeBeforeTaxRatio": 0.121935273,
    "incomeTaxExpense": 89500000,
    "netIncome": 20400000,
    "netIncomeRatio": 0.0222294868,
    "eps": 0.37,
    "epsdiluted": 0.37,
    "weightedAverageShsOut": 54600000,
    "weightedAverageShsOutDil": 55000000,
    "link": "https://www.sec.gov/Archives/edgar/data/48898/000162828018001740/0001628280-18-001740-index.htm",
    "finalLink": "https://www.sec.gov/Archives/edgar/data/48898/000162828018001740/hubb-20171231x10k.htm"
  },
  {
    "date": "2017-09-30",
    "symbol": "HUBB",
    "reportedCurrency": "USD",
    "cik": "0000048898",
    "fillingDate": "2017-10-25",
    "acceptedDate": "2017-10-25 08:20:39",
    "calendarYear": "2017",
    "period": "Q3",
    "revenue": 950500000,
    "costOfRevenue": 642900000,
    "grossProfit": 307600000,
    "grossProfitRatio": 0.3236191478,
    "researchAndDevelopmentExpenses": 0,
    "generalAndAdministrativeExpenses": 157500000,
    "sellingAndMarketingExpenses": 0,
    "sellingGeneralAndAdministrativeExpenses": 157500000,
    "otherExpenses": 0,
    "operatingExpenses": 157500000,
    "costAndExpenses": 800400000,
    "interestIncome": 0,
    "interestExpense": 11600000,
    "depreciationAndAmortization": 25100000,
    "ebitda": 160300000,
    "ebitdaratio": 0.16864808,
    "operatingIncome": 150100000,
    "operatingIncomeRatio": 0.1579168858,
    "totalOtherIncomeExpensesNet": -26500000,
    "incomeBeforeTax": 123600000,
    "incomeBeforeTaxRatio": 0.1300368227,
    "incomeTaxExpense": 40800000,
    "netIncome": 80800000,
    "netIncomeRatio": 0.0850078906,
    "eps": 1.47,
    "epsdiluted": 1.47,
    "weightedAverageShsOut": 54600000,
    "weightedAverageShsOutDil": 54900000,
    "link": "https://www.sec.gov/Archives/edgar/data/48898/000162828017010113/0001628280-17-010113-index.htm",
    "finalLink": "https://www.sec.gov/Archives/edgar/data/48898/000162828017010113/hubb-2017093010q.htm"
  },
  {
    "date": "2017-06-30",
    "symbol": "HUBB",
    "reportedCurrency": "USD",
    "cik": "0000048898",
    "fillingDate": "2017-07-26",
    "acceptedDate": "2017-07-26 08:12:00",
    "calendarYear": "2017",
    "period": "Q2",
    "revenue": 948300000,
    "costOfRevenue": 652800000,
    "grossProfit": 295500000,
    "grossProfitRatio": 0.3116102499,
    "researchAndDevelopmentExpenses": 0,
    "generalAndAdministrativeExpenses": 161100000,
    "sellingAndMarketingExpenses": 0,
    "sellingGeneralAndAdministrativeExpenses": 161100000,
    "otherExpenses": 0,
    "operatingExpenses": 161100000,
    "costAndExpenses": 813900000,
    "interestIncome": 0,
    "interestExpense": 11600000,
    "depreciationAndAmortization": 25400000,
    "ebitda": 153700000,
    "ebitdaratio": 0.1620795107,
    "operatingIncome": 134400000,
    "operatingIncomeRatio": 0.1417273015,
    "totalOtherIncomeExpensesNet": -17700000,
    "incomeBeforeTax": 116700000,
    "incomeBeforeTaxRatio": 0.123062322,
    "incomeTaxExpense": 35900000,
    "netIncome": 79100000,
    "netIncomeRatio": 0.0834124222,
    "eps": 1.44,
    "epsdiluted": 1.43,
    "weightedAverageShsOut": 54800000,
    "weightedAverageShsOutDil": 55100000,
    "link": "https://www.sec.gov/Archives/edgar/data/48898/000162828017007275/0001628280-17-007275-index.htm",
    "finalLink": "https://www.sec.gov/Archives/edgar/data/48898/000162828017007275/hubb-2017063010q.htm"
  },
  {
    "date": "2017-03-31",
    "symbol": "HUBB",
    "reportedCurrency": "USD",
    "cik": "0000048898",
    "fillingDate": "2017-04-26",
    "acceptedDate": "2017-04-26 08:33:01",
    "calendarYear": "2017",
    "period": "Q1",
    "revenue": 852300000,
    "costOfRevenue": 589700000,
    "grossProfit": 262600000,
    "grossProfitRatio": 0.3081074739,
    "researchAndDevelopmentExpenses": 0,
    "generalAndAdministrativeExpenses": 154800000,
    "sellingAndMarketingExpenses": 0,
    "sellingGeneralAndAdministrativeExpenses": 154800000,
    "otherExpenses": 0,
    "operatingExpenses": 154800000,
    "costAndExpenses": 744500000,
    "interestIncome": 0,
    "interestExpense": 11100000,
    "depreciationAndAmortization": 24200000,
    "ebitda": 126200000,
    "ebitdaratio": 0.1480699284,
    "operatingIncome": 107800000,
    "operatingIncomeRatio": 0.1264812859,
    "totalOtherIncomeExpensesNet": -16900000,
    "incomeBeforeTax": 90900000,
    "incomeBeforeTaxRatio": 0.1066525871,
    "incomeTaxExpense": 27000000,
    "netIncome": 62800000,
    "netIncomeRatio": 0.0736829755,
    "eps": 1.13,
    "epsdiluted": 1.13,
    "weightedAverageShsOut": 55200000,
    "weightedAverageShsOutDil": 55600000,
    "link": "https://www.sec.gov/Archives/edgar/data/48898/000162828017004299/0001628280-17-004299-index.htm",
    "finalLink": "https://www.sec.gov/Archives/edgar/data/48898/000162828017004299/hubb-2017033110q.htm"
  },
  {
    "date": "2016-12-31",
    "symbol": "HUBB",
    "reportedCurrency": "USD",
    "cik": "0000048898",
    "fillingDate": "2017-02-16",
    "acceptedDate": "2017-02-16 08:32:02",
    "calendarYear": "2016",
    "period": "Q4",
    "revenue": 854200000,
    "costOfRevenue": 595600000,
    "grossProfit": 258600000,
    "grossProfitRatio": 0.3027394053,
    "researchAndDevelopmentExpenses": 0,
    "generalAndAdministrativeExpenses": 150800000,
    "sellingAndMarketingExpenses": 0,
    "sellingGeneralAndAdministrativeExpenses": 150800000,
    "otherExpenses": 0,
    "operatingExpenses": 150800000,
    "costAndExpenses": 746400000,
    "interestIncome": 0,
    "interestExpense": 11500000,
    "depreciationAndAmortization": 23700000,
    "ebitda": 133100000,
    "ebitdaratio": 0.1558183095,
    "operatingIncome": 107800000,
    "operatingIncomeRatio": 0.1261999532,
    "totalOtherIncomeExpensesNet": -9900000,
    "incomeBeforeTax": 97900000,
    "incomeBeforeTaxRatio": 0.1146101616,
    "incomeTaxExpense": 32200000,
    "netIncome": 64400000,
    "netIncomeRatio": 0.0753921798,
    "eps": 1.16,
    "epsdiluted": 1.16,
    "weightedAverageShsOut": 55300000,
    "weightedAverageShsOutDil": 55600000,
    "link": "https://www.sec.gov/Archives/edgar/data/48898/000162828017001423/0001628280-17-001423-index.htm",
    "finalLink": "https://www.sec.gov/Archives/edgar/data/48898/000162828017001423/hubb-20161231x10k.htm"
  },
  {
    "date": "2016-09-30",
    "symbol": "HUBB",
    "reportedCurrency": "USD",
    "cik": "0000048898",
    "fillingDate": "2016-10-26",
    "acceptedDate": "2016-10-26 08:38:23",
    "calendarYear": "2016",
    "period": "Q3",
    "revenue": 907400000,
    "costOfRevenue": 618700000,
    "grossProfit": 288700000,
    "grossProfitRatio": 0.3181617809,
    "researchAndDevelopmentExpenses": 0,
    "generalAndAdministrativeExpenses": 152700000,
    "sellingAndMarketingExpenses": 0,
    "sellingGeneralAndAdministrativeExpenses": 152700000,
    "otherExpenses": 0,
    "operatingExpenses": 152700000,
    "costAndExpenses": 771400000,
    "interestIncome": 0,
    "interestExpense": 11600000,
    "depreciationAndAmortization": 22700000,
    "ebitda": 158400000,
    "ebitdaratio": 0.1745646903,
    "operatingIncome": 136000000,
    "operatingIncomeRatio": 0.1498787745,
    "totalOtherIncomeExpensesNet": -11900000,
    "incomeBeforeTax": 124100000,
    "incomeBeforeTaxRatio": 0.1367643818,
    "incomeTaxExpense": 36000000,
    "netIncome": 86700000,
    "netIncomeRatio": 0.0955477188,
    "eps": 1.56,
    "epsdiluted": 1.56,
    "weightedAverageShsOut": 55300000,
    "weightedAverageShsOutDil": 55500000,
    "link": "https://www.sec.gov/Archives/edgar/data/48898/000162828016020273/0001628280-16-020273-index.htm",
    "finalLink": "https://www.sec.gov/Archives/edgar/data/48898/000162828016020273/hubb-2016093010q.htm"
  },
  {
    "date": "2016-06-30",
    "symbol": "HUBB",
    "reportedCurrency": "USD",
    "cik": "0000048898",
    "fillingDate": "2016-07-27",
    "acceptedDate": "2016-07-27 08:29:36",
    "calendarYear": "2016",
    "period": "Q2",
    "revenue": 908800000,
    "costOfRevenue": 615300000,
    "grossProfit": 293500000,
    "grossProfitRatio": 0.3229533451,
    "researchAndDevelopmentExpenses": 0,
    "generalAndAdministrativeExpenses": 161400000,
    "sellingAndMarketingExpenses": 0,
    "sellingGeneralAndAdministrativeExpenses": 161400000,
    "otherExpenses": 0,
    "operatingExpenses": 161400000,
    "costAndExpenses": 776700000,
    "interestIncome": 0,
    "interestExpense": 11300000,
    "depreciationAndAmortization": 23200000,
    "ebitda": 151300000,
    "ebitdaratio": 0.1664832746,
    "operatingIncome": 132100000,
    "operatingIncomeRatio": 0.1453565141,
    "totalOtherIncomeExpensesNet": -15300000,
    "incomeBeforeTax": 116800000,
    "incomeBeforeTaxRatio": 0.1285211268,
    "incomeTaxExpense": 34800000,
    "netIncome": 81000000,
    "netIncomeRatio": 0.0891285211,
    "eps": 1.46,
    "epsdiluted": 1.45,
    "weightedAverageShsOut": 55300000,
    "weightedAverageShsOutDil": 55600000,
    "link": "https://www.sec.gov/Archives/edgar/data/48898/000162828016017777/0001628280-16-017777-index.htm",
    "finalLink": "https://www.sec.gov/Archives/edgar/data/48898/000162828016017777/hubb-2016063010q.htm"
  },
  {
    "date": "2016-03-31",
    "symbol": "HUBB",
    "reportedCurrency": "USD",
    "cik": "0000048898",
    "fillingDate": "2016-04-27",
    "acceptedDate": "2016-04-27 08:23:52",
    "calendarYear": "2016",
    "period": "Q1",
    "revenue": 834800000,
    "costOfRevenue": 574900000,
    "grossProfit": 259900000,
    "grossProfitRatio": 0.3113320556,
    "researchAndDevelopmentExpenses": 0,
    "generalAndAdministrativeExpenses": 158000000,
    "sellingAndMarketingExpenses": 0,
    "sellingGeneralAndAdministrativeExpenses": 158000000,
    "otherExpenses": 0,
    "operatingExpenses": 158000000,
    "costAndExpenses": 732900000,
    "interestIncome": 0,
    "interestExpense": 9000000,
    "depreciationAndAmortization": 22700000,
    "ebitda": 123300000,
    "ebitdaratio": 0.1477000479,
    "operatingIncome": 101900000,
    "operatingIncomeRatio": 0.1220651653,
    "totalOtherIncomeExpensesNet": -10300000,
    "incomeBeforeTax": 91600000,
    "incomeBeforeTaxRatio": 0.1097268807,
    "incomeTaxExpense": 29600000,
    "netIncome": 60900000,
    "netIncomeRatio": 0.0729516052,
    "eps": 1.08,
    "epsdiluted": 1.08,
    "weightedAverageShsOut": 56300000,
    "weightedAverageShsOutDil": 56500000,
    "link": "https://www.sec.gov/Archives/edgar/data/48898/000162828016014813/0001628280-16-014813-index.htm",
    "finalLink": "https://www.sec.gov/Archives/edgar/data/48898/000162828016014813/hubb-2016033110q.htm"
  },
  {
    "date": "2015-12-31",
    "symbol": "HUBB",
    "reportedCurrency": "USD",
    "cik": "0000048898",
    "fillingDate": "2016-02-18",
    "acceptedDate": "2016-02-18 08:35:09",
    "calendarYear": "2015",
    "period": "Q4",
    "revenue": 829700000,
    "costOfRevenue": 565800000,
    "grossProfit": 263900000,
    "grossProfitRatio": 0.3180667711,
    "researchAndDevelopmentExpenses": 0,
    "generalAndAdministrativeExpenses": 152000000,
    "sellingAndMarketingExpenses": 0,
    "sellingGeneralAndAdministrativeExpenses": 152000000,
    "otherExpenses": 0,
    "operatingExpenses": 152000000,
    "costAndExpenses": 717800000,
    "interestIncome": 0,
    "interestExpense": 8300000,
    "depreciationAndAmortization": 21600000,
    "ebitda": 120600000,
    "ebitdaratio": 0.1453537423,
    "operatingIncome": 111900000,
    "operatingIncomeRatio": 0.1348680246,
    "totalOtherIncomeExpensesNet": -21200000,
    "incomeBeforeTax": 90700000,
    "incomeBeforeTaxRatio": 0.1093166205,
    "incomeTaxExpense": 28000000,
    "netIncome": 61500000,
    "netIncomeRatio": 0.0741231771,
    "eps": 1.06,
    "epsdiluted": 1.06,
    "weightedAverageShsOut": 57700000,
    "weightedAverageShsOutDil": 58000000,
    "link": "https://www.sec.gov/Archives/edgar/data/48898/000162828016011342/0001628280-16-011342-index.htm",
    "finalLink": "https://www.sec.gov/Archives/edgar/data/48898/000162828016011342/hubb-20151231x10k.htm"
  },
  {
    "date": "2015-09-30",
    "symbol": "HUBB",
    "reportedCurrency": "USD",
    "cik": "0000048898",
    "fillingDate": "2015-10-23",
    "acceptedDate": "2015-10-23 08:24:27",
    "calendarYear": "2015",
    "period": "Q3",
    "revenue": 877000000,
    "costOfRevenue": 587000000,
    "grossProfit": 290000000,
    "grossProfitRatio": 0.330672748,
    "researchAndDevelopmentExpenses": 0,
    "generalAndAdministrativeExpenses": 159000000,
    "sellingAndMarketingExpenses": 0,
    "sellingGeneralAndAdministrativeExpenses": 159000000,
    "otherExpenses": 0,
    "operatingExpenses": 159000000,
    "costAndExpenses": 746000000,
    "interestIncome": 0,
    "interestExpense": 7600000,
    "depreciationAndAmortization": 20700000,
    "ebitda": 143400000,
    "ebitdaratio": 0.1635119726,
    "operatingIncome": 131000000,
    "operatingIncomeRatio": 0.149372862,
    "totalOtherIncomeExpensesNet": -15900000,
    "incomeBeforeTax": 115100000,
    "incomeBeforeTaxRatio": 0.1312428734,
    "incomeTaxExpense": 40400000,
    "netIncome": 73300000,
    "netIncomeRatio": 0.0835803877,
    "eps": 1.27,
    "epsdiluted": 1.27,
    "weightedAverageShsOut": 57700000,
    "weightedAverageShsOutDil": 57900000,
    "link": "https://www.sec.gov/Archives/edgar/data/48898/000162828015007795/0001628280-15-007795-index.htm",
    "finalLink": "https://www.sec.gov/Archives/edgar/data/48898/000162828015007795/hubb-2015093010q.htm"
  },
  {
    "date": "2015-06-30",
    "symbol": "HUBB",
    "reportedCurrency": "USD",
    "cik": "0000048898",
    "fillingDate": "2015-07-24",
    "acceptedDate": "2015-07-24 08:24:37",
    "calendarYear": "2015",
    "period": "Q2",
    "revenue": 874000000,
    "costOfRevenue": 590900000,
    "grossProfit": 283100000,
    "grossProfitRatio": 0.3239130435,
    "researchAndDevelopmentExpenses": 0,
    "generalAndAdministrativeExpenses": 156400000,
    "sellingAndMarketingExpenses": 0,
    "sellingGeneralAndAdministrativeExpenses": 156400000,
    "otherExpenses": 0,
    "operatingExpenses": 156400000,
    "costAndExpenses": 747300000,
    "interestIncome": 0,
    "interestExpense": 7400000,
    "depreciationAndAmortization": 21200000,
    "ebitda": 146600000,
    "ebitdaratio": 0.1677345538,
    "operatingIncome": 126700000,
    "operatingIncomeRatio": 0.1449656751,
    "totalOtherIncomeExpensesNet": -8700000,
    "incomeBeforeTax": 118000000,
    "incomeBeforeTaxRatio": 0.1350114416,
    "incomeTaxExpense": 36700000,
    "netIncome": 80100000,
    "netIncomeRatio": 0.0916475973,
    "eps": 1.39,
    "epsdiluted": 1.37,
    "weightedAverageShsOut": 57700000,
    "weightedAverageShsOutDil": 58000000,
    "link": "https://www.sec.gov/Archives/edgar/data/48898/000162828015005421/0001628280-15-005421-index.htm",
    "finalLink": "https://www.sec.gov/Archives/edgar/data/48898/000162828015005421/hubb-2015063010q.htm"
  },
  {
    "date": "2015-03-31",
    "symbol": "HUBB",
    "reportedCurrency": "USD",
    "cik": "0000048898",
    "fillingDate": "2015-04-24",
    "acceptedDate": "2015-04-24 08:19:53",
    "calendarYear": "2015",
    "period": "Q1",
    "revenue": 809700000,
    "costOfRevenue": 557900000,
    "grossProfit": 251800000,
    "grossProfitRatio": 0.3109793751,
    "researchAndDevelopmentExpenses": 0,
    "generalAndAdministrativeExpenses": 146800000,
    "sellingAndMarketingExpenses": 0,
    "sellingGeneralAndAdministrativeExpenses": 146800000,
    "otherExpenses": 0,
    "operatingExpenses": 146800000,
    "costAndExpenses": 704700000,
    "interestIncome": 0,
    "interestExpense": 7700000,
    "depreciationAndAmortization": 21700000,
    "ebitda": 124100000,
    "ebitdaratio": 0.153266642,
    "operatingIncome": 105000000,
    "operatingIncomeRatio": 0.1296776584,
    "totalOtherIncomeExpensesNet": -10300000,
    "incomeBeforeTax": 94700000,
    "incomeBeforeTaxRatio": 0.1169568976,
    "incomeTaxExpense": 31300000,
    "netIncome": 62400000,
    "netIncomeRatio": 0.0770655798,
    "eps": 1.07,
    "epsdiluted": 1.07,
    "weightedAverageShsOut": 58000000,
    "weightedAverageShsOutDil": 58300000,
    "link": "https://www.sec.gov/Archives/edgar/data/48898/000162828015002913/0001628280-15-002913-index.htm",
    "finalLink": "https://www.sec.gov/Archives/edgar/data/48898/000162828015002913/hubb-2015033110q.htm"
  },
  {
    "date": "2014-12-31",
    "symbol": "HUBB",
    "reportedCurrency": "USD",
    "cik": "0000048898",
    "fillingDate": "2015-02-19",
    "acceptedDate": "2015-02-19 16:45:24",
    "calendarYear": "2014",
    "period": "Q4",
    "revenue": 848800000,
    "costOfRevenue": 573500000,
    "grossProfit": 275300000,
    "grossProfitRatio": 0.3243402451,
    "researchAndDevelopmentExpenses": 0,
    "generalAndAdministrativeExpenses": 149200000,
    "sellingAndMarketingExpenses": 0,
    "sellingGeneralAndAdministrativeExpenses": 149200000,
    "otherExpenses": 0,
    "operatingExpenses": 149200000,
    "costAndExpenses": 722700000,
    "interestIncome": 0,
    "interestExpense": 9200000,
    "depreciationAndAmortization": 20200000,
    "ebitda": 147600000,
    "ebitdaratio": 0.1738925542,
    "operatingIncome": 126100000,
    "operatingIncomeRatio": 0.1485626767,
    "totalOtherIncomeExpensesNet": -7900000,
    "incomeBeforeTax": 118200000,
    "incomeBeforeTaxRatio": 0.1392554194,
    "incomeTaxExpense": 37600000,
    "netIncome": 81300000,
    "netIncomeRatio": 0.0957822809,
    "eps": 1.39,
    "epsdiluted": 1.38,
    "weightedAverageShsOut": 58400000,
    "weightedAverageShsOutDil": 58800000,
    "link": "https://www.sec.gov/Archives/edgar/data/48898/000162828015000853/0001628280-15-000853-index.htm",
    "finalLink": "https://www.sec.gov/Archives/edgar/data/48898/000162828015000853/hubb-20141231x10k.htm"
  },
  {
    "date": "2014-09-30",
    "symbol": "HUBB",
    "reportedCurrency": "USD",
    "cik": "0000048898",
    "fillingDate": "2014-10-24",
    "acceptedDate": "2014-10-24 08:31:00",
    "calendarYear": "2014",
    "period": "Q3",
    "revenue": 895300000,
    "costOfRevenue": 599100000,
    "grossProfit": 296200000,
    "grossProfitRatio": 0.330838825,
    "researchAndDevelopmentExpenses": 0,
    "generalAndAdministrativeExpenses": 153400000,
    "sellingAndMarketingExpenses": 0,
    "sellingGeneralAndAdministrativeExpenses": 153400000,
    "otherExpenses": 0,
    "operatingExpenses": 153400000,
    "costAndExpenses": 752500000,
    "interestIncome": 0,
    "interestExpense": 7500000,
    "depreciationAndAmortization": 20100000,
    "ebitda": 162400000,
    "ebitdaratio": 0.1813917123,
    "operatingIncome": 142800000,
    "operatingIncomeRatio": 0.1594996091,
    "totalOtherIncomeExpensesNet": -8000000,
    "incomeBeforeTax": 134800000,
    "incomeBeforeTaxRatio": 0.1505640567,
    "incomeTaxExpense": 44300000,
    "netIncome": 89600000,
    "netIncomeRatio": 0.1000781861,
    "eps": 1.52,
    "epsdiluted": 1.51,
    "weightedAverageShsOut": 58900000,
    "weightedAverageShsOutDil": 59400000,
    "link": "https://www.sec.gov/Archives/edgar/data/48898/000130817914000278/0001308179-14-000278-index.htm",
    "finalLink": "https://www.sec.gov/Archives/edgar/data/48898/000130817914000278/lhub2014_10q.htm"
  },
  {
    "date": "2014-06-30",
    "symbol": "HUBB",
    "reportedCurrency": "USD",
    "cik": "0000048898",
    "fillingDate": "2014-07-22",
    "acceptedDate": "2014-07-22 17:20:09",
    "calendarYear": "2014",
    "period": "Q2",
    "revenue": 855800000,
    "costOfRevenue": 563300000,
    "grossProfit": 292500000,
    "grossProfitRatio": 0.3417854639,
    "researchAndDevelopmentExpenses": 0,
    "generalAndAdministrativeExpenses": 148800000,
    "sellingAndMarketingExpenses": 0,
    "sellingGeneralAndAdministrativeExpenses": 148800000,
    "otherExpenses": 0,
    "operatingExpenses": 148800000,
    "costAndExpenses": 712100000,
    "interestIncome": 0,
    "interestExpense": 7000000,
    "depreciationAndAmortization": 20000000,
    "ebitda": 163400000,
    "ebitdaratio": 0.1909324609,
    "operatingIncome": 143700000,
    "operatingIncomeRatio": 0.1679130638,
    "totalOtherIncomeExpensesNet": -7300000,
    "incomeBeforeTax": 136400000,
    "incomeBeforeTaxRatio": 0.1593830334,
    "incomeTaxExpense": 45600000,
    "netIncome": 90200000,
    "netIncomeRatio": 0.1053984576,
    "eps": 1.53,
    "epsdiluted": 1.51,
    "weightedAverageShsOut": 59000000,
    "weightedAverageShsOutDil": 59400000,
    "link": "https://www.sec.gov/Archives/edgar/data/48898/000130817914000230/0001308179-14-000230-index.htm",
    "finalLink": "https://www.sec.gov/Archives/edgar/data/48898/000130817914000230/lhub2014_10q.htm"
  },
  {
    "date": "2014-03-31",
    "symbol": "HUBB",
    "reportedCurrency": "USD",
    "cik": "0000048898",
    "fillingDate": "2014-04-22",
    "acceptedDate": "2014-04-22 16:46:07",
    "calendarYear": "2014",
    "period": "Q1",
    "revenue": 759500000,
    "costOfRevenue": 514500000,
    "grossProfit": 245000000,
    "grossProfitRatio": 0.3225806452,
    "researchAndDevelopmentExpenses": 0,
    "generalAndAdministrativeExpenses": 140200000,
    "sellingAndMarketingExpenses": 0,
    "sellingGeneralAndAdministrativeExpenses": 140200000,
    "otherExpenses": 0,
    "operatingExpenses": 140200000,
    "costAndExpenses": 654700000,
    "interestIncome": 0,
    "interestExpense": 7500000,
    "depreciationAndAmortization": 18900000,
    "ebitda": 122500000,
    "ebitdaratio": 0.1612903226,
    "operatingIncome": 104800000,
    "operatingIncomeRatio": 0.1379855168,
    "totalOtherIncomeExpensesNet": -8700000,
    "incomeBeforeTax": 96100000,
    "incomeBeforeTaxRatio": 0.1265306122,
    "incomeTaxExpense": 30800000,
    "netIncome": 64200000,
    "netIncomeRatio": 0.0845292956,
    "eps": 1.08,
    "epsdiluted": 1.08,
    "weightedAverageShsOut": 59000000,
    "weightedAverageShsOutDil": 59500000,
    "link": "https://www.sec.gov/Archives/edgar/data/48898/000130817914000188/0001308179-14-000188-index.htm",
    "finalLink": "https://www.sec.gov/Archives/edgar/data/48898/000130817914000188/lhub2014_10q.htm"
  },
  {
    "date": "2013-12-31",
    "symbol": "HUBB",
    "reportedCurrency": "USD",
    "cik": "0000048898",
    "fillingDate": "2014-02-18",
    "acceptedDate": "2014-02-18 08:28:49",
    "calendarYear": "2013",
    "period": "Q4",
    "revenue": 806600000,
    "costOfRevenue": 535700000,
    "grossProfit": 270900000,
    "grossProfitRatio": 0.3358542028,
    "researchAndDevelopmentExpenses": 0,
    "generalAndAdministrativeExpenses": 144700000,
    "sellingAndMarketingExpenses": 0,
    "sellingGeneralAndAdministrativeExpenses": 144700000,
    "otherExpenses": 0,
    "operatingExpenses": 144700000,
    "costAndExpenses": 680400000,
    "interestIncome": 0,
    "interestExpense": 8800000,
    "depreciationAndAmortization": 18100000,
    "ebitda": 143400000,
    "ebitdaratio": 0.1777832879,
    "operatingIncome": 126200000,
    "operatingIncomeRatio": 0.1564592115,
    "totalOtherIncomeExpensesNet": -9700000,
    "incomeBeforeTax": 116500000,
    "incomeBeforeTaxRatio": 0.1444334242,
    "incomeTaxExpense": 33700000,
    "netIncome": 82000000,
    "netIncomeRatio": 0.1016612943,
    "eps": 1.39,
    "epsdiluted": 1.38,
    "weightedAverageShsOut": 59000000,
    "weightedAverageShsOutDil": 59500000,
    "link": "https://www.sec.gov/Archives/edgar/data/48898/000130817914000038/0001308179-14-000038-index.htm",
    "finalLink": "https://www.sec.gov/Archives/edgar/data/48898/000130817914000038/lhub2014_10k.htm"
  },
  {
    "date": "2013-09-30",
    "symbol": "HUBB",
    "reportedCurrency": "USD",
    "cik": "0000048898",
    "fillingDate": "2013-10-18",
    "acceptedDate": "2013-10-18 08:26:16",
    "calendarYear": "2013",
    "period": "Q3",
    "revenue": 835900000,
    "costOfRevenue": 544600000,
    "grossProfit": 291300000,
    "grossProfitRatio": 0.3484866611,
    "researchAndDevelopmentExpenses": 0,
    "generalAndAdministrativeExpenses": 139700000,
    "sellingAndMarketingExpenses": 0,
    "sellingGeneralAndAdministrativeExpenses": 139700000,
    "otherExpenses": 0,
    "operatingExpenses": 139700000,
    "costAndExpenses": 684300000,
    "interestIncome": 0,
    "interestExpense": 7400000,
    "depreciationAndAmortization": 18100000,
    "ebitda": 168800000,
    "ebitdaratio": 0.2019380309,
    "operatingIncome": 151600000,
    "operatingIncomeRatio": 0.1813614069,
    "totalOtherIncomeExpensesNet": -8300000,
    "incomeBeforeTax": 143300000,
    "incomeBeforeTaxRatio": 0.1714319895,
    "incomeTaxExpense": 46100000,
    "netIncome": 96500000,
    "netIncomeRatio": 0.1154444312,
    "eps": 1.63,
    "epsdiluted": 1.62,
    "weightedAverageShsOut": 59100000,
    "weightedAverageShsOutDil": 59500000,
    "link": "https://www.sec.gov/Archives/edgar/data/48898/000130817913000320/0001308179-13-000320-index.htm",
    "finalLink": "https://www.sec.gov/Archives/edgar/data/48898/000130817913000320/lhubbell_10q3.htm"
  },
  {
    "date": "2013-06-30",
    "symbol": "HUBB",
    "reportedCurrency": "USD",
    "cik": "0000048898",
    "fillingDate": "2013-07-19",
    "acceptedDate": "2013-07-19 08:55:08",
    "calendarYear": "2013",
    "period": "Q2",
    "revenue": 801300000,
    "costOfRevenue": 529300000,
    "grossProfit": 272000000,
    "grossProfitRatio": 0.3394483964,
    "researchAndDevelopmentExpenses": 0,
    "generalAndAdministrativeExpenses": 139900000,
    "sellingAndMarketingExpenses": 0,
    "sellingGeneralAndAdministrativeExpenses": 139900000,
    "otherExpenses": 0,
    "operatingExpenses": 139900000,
    "costAndExpenses": 669200000,
    "interestIncome": 0,
    "interestExpense": 7300000,
    "depreciationAndAmortization": 17200000,
    "ebitda": 147300000,
    "ebitdaratio": 0.1838262823,
    "operatingIncome": 132100000,
    "operatingIncomeRatio": 0.1648571072,
    "totalOtherIncomeExpensesNet": -9300000,
    "incomeBeforeTax": 122800000,
    "incomeBeforeTaxRatio": 0.1532509672,
    "incomeTaxExpense": 39800000,
    "netIncome": 82100000,
    "netIncomeRatio": 0.1024585049,
    "eps": 1.38,
    "epsdiluted": 1.37,
    "weightedAverageShsOut": 59100000,
    "weightedAverageShsOutDil": 59600000,
    "link": "https://www.sec.gov/Archives/edgar/data/48898/000130817913000279/0001308179-13-000279-index.htm",
    "finalLink": "https://www.sec.gov/Archives/edgar/data/48898/000130817913000279/lhubbell2013_10q.htm"
  },
  {
    "date": "2013-03-31",
    "symbol": "HUBB",
    "reportedCurrency": "USD",
    "cik": "0000048898",
    "fillingDate": "2013-04-19",
    "acceptedDate": "2013-04-19 09:08:09",
    "calendarYear": "2013",
    "period": "Q1",
    "revenue": 740100000,
    "costOfRevenue": 503800000,
    "grossProfit": 236300000,
    "grossProfitRatio": 0.3192811782,
    "researchAndDevelopmentExpenses": 0,
    "generalAndAdministrativeExpenses": 138600000,
    "sellingAndMarketingExpenses": 0,
    "sellingGeneralAndAdministrativeExpenses": 138600000,
    "otherExpenses": 0,
    "operatingExpenses": 138600000,
    "costAndExpenses": 642400000,
    "interestIncome": 0,
    "interestExpense": 7300000,
    "depreciationAndAmortization": 17200000,
    "ebitda": 115700000,
    "ebitdaratio": 0.1563302256,
    "operatingIncome": 97700000,
    "operatingIncomeRatio": 0.1320091879,
    "totalOtherIncomeExpensesNet": -6500000,
    "incomeBeforeTax": 91200000,
    "incomeBeforeTaxRatio": 0.123226591,
    "incomeTaxExpense": 24400000,
    "netIncome": 65900000,
    "netIncomeRatio": 0.0890420213,
    "eps": 1.11,
    "epsdiluted": 1.1,
    "weightedAverageShsOut": 59100000,
    "weightedAverageShsOutDil": 59600000,
    "link": "https://www.sec.gov/Archives/edgar/data/48898/000130817913000230/0001308179-13-000230-index.htm",
    "finalLink": "https://www.sec.gov/Archives/edgar/data/48898/000130817913000230/lhubbell2013_10q.htm"
  },
  {
    "date": "2012-12-31",
    "symbol": "HUBB",
    "reportedCurrency": "USD",
    "cik": "0000048898",
    "fillingDate": "2013-02-13",
    "acceptedDate": "2013-02-13 16:59:52",
    "calendarYear": "2012",
    "period": "Q4",
    "revenue": 752500000,
    "costOfRevenue": 502700000,
    "grossProfit": 249800000,
    "grossProfitRatio": 0.3319601329,
    "researchAndDevelopmentExpenses": 0,
    "generalAndAdministrativeExpenses": 0,
    "sellingAndMarketingExpenses": 0,
    "sellingGeneralAndAdministrativeExpenses": 139300000,
    "otherExpenses": 0,
    "operatingExpenses": 139300000,
    "costAndExpenses": 642000000,
    "interestIncome": 7500000,
    "interestExpense": 0,
    "depreciationAndAmortization": 17600000,
    "ebitda": 128900000,
    "ebitdaratio": 0.1712956811,
    "operatingIncome": 110500000,
    "operatingIncomeRatio": 0.1468438538,
    "totalOtherIncomeExpensesNet": -8400000,
    "incomeBeforeTax": 102100000,
    "incomeBeforeTaxRatio": 0.1356810631,
    "incomeTaxExpense": 29200000,
    "netIncome": 71900000,
    "netIncomeRatio": 0.0955481728,
    "eps": 1.21,
    "epsdiluted": 1.2,
    "weightedAverageShsOut": 59100000,
    "weightedAverageShsOutDil": 59600000,
    "link": "https://www.sec.gov/Archives/edgar/data/48898/000130817913000027/0001308179-13-000027-index.htm",
    "finalLink": "https://www.sec.gov/Archives/edgar/data/48898/000130817913000027/lhubbell2012_10k.htm"
  },
  {
    "date": "2012-09-30",
    "symbol": "HUBB",
    "reportedCurrency": "USD",
    "cik": "0000048898",
    "fillingDate": "2012-10-19",
    "acceptedDate": "2012-10-19 09:07:18",
    "calendarYear": "2012",
    "period": "Q3",
    "revenue": 789700000,
    "costOfRevenue": 521200000,
    "grossProfit": 268500000,
    "grossProfitRatio": 0.3400025326,
    "researchAndDevelopmentExpenses": 0,
    "generalAndAdministrativeExpenses": 133400000,
    "sellingAndMarketingExpenses": 0,
    "sellingGeneralAndAdministrativeExpenses": 133400000,
    "otherExpenses": 0,
    "operatingExpenses": 133400000,
    "costAndExpenses": 654600000,
    "interestIncome": 0,
    "interestExpense": 7200000,
    "depreciationAndAmortization": 16200000,
    "ebitda": 152400000,
    "ebitdaratio": 0.1929846777,
    "operatingIncome": 135100000,
    "operatingIncomeRatio": 0.1710776244,
    "totalOtherIncomeExpensesNet": -6100000,
    "incomeBeforeTax": 129000000,
    "incomeBeforeTaxRatio": 0.1633531721,
    "incomeTaxExpense": 41400000,
    "netIncome": 87100000,
    "netIncomeRatio": 0.1102950488,
    "eps": 1.47,
    "epsdiluted": 1.45,
    "weightedAverageShsOut": 59100000,
    "weightedAverageShsOutDil": 59700000,
    "link": "https://www.sec.gov/Archives/edgar/data/48898/000130817912000185/0001308179-12-000185-index.htm",
    "finalLink": "https://www.sec.gov/Archives/edgar/data/48898/000130817912000185/lhubbell_10q.htm"
  },
  {
    "date": "2012-06-30",
    "symbol": "HUBB",
    "reportedCurrency": "USD",
    "cik": "0000048898",
    "fillingDate": "2012-07-20",
    "acceptedDate": "2012-07-20 08:52:30",
    "calendarYear": "2012",
    "period": "Q2",
    "revenue": 778400000,
    "costOfRevenue": 518600000,
    "grossProfit": 259800000,
    "grossProfitRatio": 0.3337615622,
    "researchAndDevelopmentExpenses": 0,
    "generalAndAdministrativeExpenses": 135300000,
    "sellingAndMarketingExpenses": 0,
    "sellingGeneralAndAdministrativeExpenses": 135300000,
    "otherExpenses": 0,
    "operatingExpenses": 135300000,
    "costAndExpenses": 653900000,
    "interestIncome": 0,
    "interestExpense": 7100000,
    "depreciationAndAmortization": 16800000,
    "ebitda": 140000000,
    "ebitdaratio": 0.1798561151,
    "operatingIncome": 124500000,
    "operatingIncomeRatio": 0.1599434738,
    "totalOtherIncomeExpensesNet": -8400000,
    "incomeBeforeTax": 116100000,
    "incomeBeforeTaxRatio": 0.1491521069,
    "incomeTaxExpense": 38100000,
    "netIncome": 77500000,
    "netIncomeRatio": 0.0995632066,
    "eps": 1.31,
    "epsdiluted": 1.29,
    "weightedAverageShsOut": 59100000,
    "weightedAverageShsOutDil": 59700000,
    "link": "https://www.sec.gov/Archives/edgar/data/48898/000130817912000145/0001308179-12-000145-index.htm",
    "finalLink": "https://www.sec.gov/Archives/edgar/data/48898/000130817912000145/lhubbell_10q.htm"
  },
  {
    "date": "2012-03-31",
    "symbol": "HUBB",
    "reportedCurrency": "USD",
    "cik": "0000048898",
    "fillingDate": "2012-04-20",
    "acceptedDate": "2012-04-20 09:04:56",
    "calendarYear": "2012",
    "period": "Q1",
    "revenue": 723800000,
    "costOfRevenue": 489700000,
    "grossProfit": 234100000,
    "grossProfitRatio": 0.3234318873,
    "researchAndDevelopmentExpenses": 0,
    "generalAndAdministrativeExpenses": 132400000,
    "sellingAndMarketingExpenses": 0,
    "sellingGeneralAndAdministrativeExpenses": 132400000,
    "otherExpenses": 0,
    "operatingExpenses": 132400000,
    "costAndExpenses": 622100000,
    "interestIncome": 0,
    "interestExpense": 7200000,
    "depreciationAndAmortization": 16200000,
    "ebitda": 118000000,
    "ebitdaratio": 0.1630284609,
    "operatingIncome": 101700000,
    "operatingIncomeRatio": 0.1405084277,
    "totalOtherIncomeExpensesNet": -7100000,
    "incomeBeforeTax": 94600000,
    "incomeBeforeTaxRatio": 0.1306990881,
    "incomeTaxExpense": 31000000,
    "netIncome": 63200000,
    "netIncomeRatio": 0.0873169384,
    "eps": 1.06,
    "epsdiluted": 1.05,
    "weightedAverageShsOut": 59200000,
    "weightedAverageShsOutDil": 59900000,
    "link": "https://www.sec.gov/Archives/edgar/data/48898/000130817912000099/0001308179-12-000099-index.htm",
    "finalLink": "https://www.sec.gov/Archives/edgar/data/48898/000130817912000099/lhub_10Q.htm"
  },
  {
    "date": "2011-12-31",
    "symbol": "HUBB",
    "reportedCurrency": "USD",
    "cik": "0000048898",
    "fillingDate": "2012-02-15",
    "acceptedDate": "2012-02-15 17:08:01",
    "calendarYear": "2011",
    "period": "Q4",
    "revenue": 740000000,
    "costOfRevenue": 503700000,
    "grossProfit": 236300000,
    "grossProfitRatio": 0.3193243243,
    "researchAndDevelopmentExpenses": 0,
    "generalAndAdministrativeExpenses": 0,
    "sellingAndMarketingExpenses": 0,
    "sellingGeneralAndAdministrativeExpenses": 126500000,
    "otherExpenses": 0,
    "operatingExpenses": 126500000,
    "costAndExpenses": 630200000,
    "interestIncome": 0,
    "interestExpense": 0,
    "depreciationAndAmortization": 16500000,
    "ebitda": 123200000,
    "ebitdaratio": 0.1664864865,
    "operatingIncome": 109800000,
    "operatingIncomeRatio": 0.1483783784,
    "totalOtherIncomeExpensesNet": -7900000,
    "incomeBeforeTax": 101900000,
    "incomeBeforeTaxRatio": 0.1377027027,
    "incomeTaxExpense": 31400000,
    "netIncome": 70000000,
    "netIncomeRatio": 0.0945945946,
    "eps": 1.18,
    "epsdiluted": 1.17,
    "weightedAverageShsOut": 58900000,
    "weightedAverageShsOutDil": 59500000,
    "link": "https://www.sec.gov/Archives/edgar/data/48898/000130817912000024/0001308179-12-000024-index.htm",
    "finalLink": "https://www.sec.gov/Archives/edgar/data/48898/000130817912000024/lhubbell_10K.htm"
  },
  {
    "date": "2011-09-30",
    "symbol": "HUBB",
    "reportedCurrency": "USD",
    "cik": "0000048898",
    "fillingDate": "2011-10-21",
    "acceptedDate": "2011-10-21 16:22:20",
    "calendarYear": "2011",
    "period": "Q3",
    "revenue": 764300000,
    "costOfRevenue": 512000000,
    "grossProfit": 252300000,
    "grossProfitRatio": 0.3301059793,
    "researchAndDevelopmentExpenses": 0,
    "generalAndAdministrativeExpenses": 0,
    "sellingAndMarketingExpenses": 0,
    "sellingGeneralAndAdministrativeExpenses": 127000000,
    "otherExpenses": 0,
    "operatingExpenses": 127000000,
    "costAndExpenses": 639000000,
    "interestIncome": 0,
    "interestExpense": 0,
    "depreciationAndAmortization": 16900000,
    "ebitda": 142200000,
    "ebitdaratio": 0.1860525971,
    "operatingIncome": 125300000,
    "operatingIncomeRatio": 0.1639408609,
    "totalOtherIncomeExpensesNet": -7300000,
    "incomeBeforeTax": 118000000,
    "incomeBeforeTaxRatio": 0.1543896376,
    "incomeTaxExpense": 34700000,
    "netIncome": 82400000,
    "netIncomeRatio": 0.107811069,
    "eps": 1.38,
    "epsdiluted": 1.37,
    "weightedAverageShsOut": 59300000,
    "weightedAverageShsOutDil": 59900000,
    "link": "https://www.sec.gov/Archives/edgar/data/48898/000095012311091227/0000950123-11-091227-index.htm",
    "finalLink": "https://www.sec.gov/Archives/edgar/data/48898/000095012311091227/c23379e10vq.htm"
  },
  {
    "date": "2011-06-30",
    "symbol": "HUBB",
    "reportedCurrency": "USD",
    "cik": "0000048898",
    "fillingDate": "2011-07-22",
    "acceptedDate": "2011-07-22 16:17:02",
    "calendarYear": "2011",
    "period": "Q2",
    "revenue": 709200000,
    "costOfRevenue": 479300000,
    "grossProfit": 229900000,
    "grossProfitRatio": 0.3241680767,
    "researchAndDevelopmentExpenses": 0,
    "generalAndAdministrativeExpenses": 0,
    "sellingAndMarketingExpenses": 0,
    "sellingGeneralAndAdministrativeExpenses": 124800000,
    "otherExpenses": 0,
    "operatingExpenses": 124800000,
    "costAndExpenses": 604100000,
    "interestIncome": 0,
    "interestExpense": 0,
    "depreciationAndAmortization": 17200000,
    "ebitda": 122300000,
    "ebitdaratio": 0.1724478285,
    "operatingIncome": 105100000,
    "operatingIncomeRatio": 0.1481951495,
    "totalOtherIncomeExpensesNet": -9200000,
    "incomeBeforeTax": 95900000,
    "incomeBeforeTaxRatio": 0.1352227862,
    "incomeTaxExpense": 30200000,
    "netIncome": 65200000,
    "netIncomeRatio": 0.0919345742,
    "eps": 1.08,
    "epsdiluted": 1.07,
    "weightedAverageShsOut": 60000000,
    "weightedAverageShsOutDil": 60800000,
    "link": "https://www.sec.gov/Archives/edgar/data/48898/000095012311067480/0000950123-11-067480-index.htm",
    "finalLink": "https://www.sec.gov/Archives/edgar/data/48898/000095012311067480/c20036e10vq.htm"
  },
  {
    "date": "2011-03-31",
    "symbol": "HUBB",
    "reportedCurrency": "USD",
    "cik": "0000048898",
    "fillingDate": "2011-04-22",
    "acceptedDate": "2011-04-22 12:22:55",
    "calendarYear": "2011",
    "period": "Q1",
    "revenue": 658100000,
    "costOfRevenue": 452900000,
    "grossProfit": 205200000,
    "grossProfitRatio": 0.3118067163,
    "researchAndDevelopmentExpenses": 0,
    "generalAndAdministrativeExpenses": 0,
    "sellingAndMarketingExpenses": 0,
    "sellingGeneralAndAdministrativeExpenses": 121600000,
    "otherExpenses": 0,
    "operatingExpenses": 121600000,
    "costAndExpenses": 574500000,
    "interestIncome": 0,
    "interestExpense": 0,
    "depreciationAndAmortization": 17600000,
    "ebitda": 101200000,
    "ebitdaratio": 0.1537760219,
    "operatingIncome": 83600000,
    "operatingIncomeRatio": 0.1270323659,
    "totalOtherIncomeExpensesNet": -9600000,
    "incomeBeforeTax": 74000000,
    "incomeBeforeTaxRatio": 0.1124449172,
    "incomeTaxExpense": 23300000,
    "netIncome": 50300000,
    "netIncomeRatio": 0.0764321532,
    "eps": 0.83,
    "epsdiluted": 0.82,
    "weightedAverageShsOut": 60400000,
    "weightedAverageShsOutDil": 61200000,
    "link": "https://www.sec.gov/Archives/edgar/data/48898/000095012311038128/0000950123-11-038128-index.htm",
    "finalLink": "https://www.sec.gov/Archives/edgar/data/48898/000095012311038128/c15262e10vq.htm"
  },
  {
    "date": "2010-12-31",
    "symbol": "HUBB",
    "reportedCurrency": "USD",
    "cik": "0000048898",
    "fillingDate": "2011-02-16",
    "acceptedDate": "2011-02-16 16:41:24",
    "calendarYear": "2010",
    "period": "Q4",
    "revenue": 639300000,
    "costOfRevenue": 432500000,
    "grossProfit": 206800000,
    "grossProfitRatio": 0.3234788049,
    "researchAndDevelopmentExpenses": 0,
    "generalAndAdministrativeExpenses": 0,
    "sellingAndMarketingExpenses": 0,
    "sellingGeneralAndAdministrativeExpenses": 115800000,
    "otherExpenses": 0,
    "operatingExpenses": 115800000,
    "costAndExpenses": 548300000,
    "interestIncome": 0,
    "interestExpense": 0,
    "depreciationAndAmortization": 17700000,
    "ebitda": 92400000,
    "ebitdaratio": 0.1445330831,
    "operatingIncome": 91000000,
    "operatingIncomeRatio": 0.1423431879,
    "totalOtherIncomeExpensesNet": -22900000,
    "incomeBeforeTax": 68100000,
    "incomeBeforeTaxRatio": 0.1065227593,
    "incomeTaxExpense": 17900000,
    "netIncome": 49700000,
    "netIncomeRatio": 0.0777412795,
    "eps": 0.82,
    "epsdiluted": 0.82,
    "weightedAverageShsOut": 60200000,
    "weightedAverageShsOutDil": 60400000,
    "link": "https://www.sec.gov/Archives/edgar/data/48898/000095012311014739/0000950123-11-014739-index.htm",
    "finalLink": "https://www.sec.gov/Archives/edgar/data/48898/000095012311014739/y88495ae10vk.htm"
  },
  {
    "date": "2010-09-30",
    "symbol": "HUBB",
    "reportedCurrency": "USD",
    "cik": "0000048898",
    "fillingDate": "2010-10-22",
    "acceptedDate": "2010-10-22 16:18:25",
    "calendarYear": "2010",
    "period": "Q3",
    "revenue": 685000000,
    "costOfRevenue": 449800000,
    "grossProfit": 235200000,
    "grossProfitRatio": 0.3433576642,
    "researchAndDevelopmentExpenses": 0,
    "generalAndAdministrativeExpenses": 0,
    "sellingAndMarketingExpenses": 0,
    "sellingGeneralAndAdministrativeExpenses": 117600000,
    "otherExpenses": 0,
    "operatingExpenses": 117600000,
    "costAndExpenses": 567400000,
    "interestIncome": 0,
    "interestExpense": 0,
    "depreciationAndAmortization": 18000000,
    "ebitda": 135600000,
    "ebitdaratio": 0.1979562044,
    "operatingIncome": 117600000,
    "operatingIncomeRatio": 0.1716788321,
    "totalOtherIncomeExpensesNet": -8400000,
    "incomeBeforeTax": 109200000,
    "incomeBeforeTaxRatio": 0.1594160584,
    "incomeTaxExpense": 37500000,
    "netIncome": 71300000,
    "netIncomeRatio": 0.1040875912,
    "eps": 1.19,
    "epsdiluted": 1.18,
    "weightedAverageShsOut": 59800000,
    "weightedAverageShsOutDil": 60200000,
    "link": "https://www.sec.gov/Archives/edgar/data/48898/000095012310095292/0000950123-10-095292-index.htm",
    "finalLink": "https://www.sec.gov/Archives/edgar/data/48898/000095012310095292/c06995e10vq.htm"
  },
  {
    "date": "2010-06-30",
    "symbol": "HUBB",
    "reportedCurrency": "USD",
    "cik": "0000048898",
    "fillingDate": "2010-07-23",
    "acceptedDate": "2010-07-23 16:21:05",
    "calendarYear": "2010",
    "period": "Q2",
    "revenue": 646400000,
    "costOfRevenue": 435400000,
    "grossProfit": 211000000,
    "grossProfitRatio": 0.3264232673,
    "researchAndDevelopmentExpenses": 0,
    "generalAndAdministrativeExpenses": 0,
    "sellingAndMarketingExpenses": 0,
    "sellingGeneralAndAdministrativeExpenses": 117500000,
    "otherExpenses": 0,
    "operatingExpenses": 117500000,
    "costAndExpenses": 552900000,
    "interestIncome": 0,
    "interestExpense": 0,
    "depreciationAndAmortization": 18500000,
    "ebitda": 112000000,
    "ebitdaratio": 0.1732673267,
    "operatingIncome": 93500000,
    "operatingIncomeRatio": 0.1446472772,
    "totalOtherIncomeExpensesNet": -8000000,
    "incomeBeforeTax": 85500000,
    "incomeBeforeTaxRatio": 0.1322710396,
    "incomeTaxExpense": 27600000,
    "netIncome": 57600000,
    "netIncomeRatio": 0.0891089109,
    "eps": 0.96,
    "epsdiluted": 0.95,
    "weightedAverageShsOut": 59800000,
    "weightedAverageShsOutDil": 60200000,
    "link": "https://www.sec.gov/Archives/edgar/data/48898/000095012310067722/0000950123-10-067722-index.htm",
    "finalLink": "https://www.sec.gov/Archives/edgar/data/48898/000095012310067722/c03579e10vq.htm"
  },
  {
    "date": "2010-03-31",
    "symbol": "HUBB",
    "reportedCurrency": "USD",
    "cik": "0000048898",
    "fillingDate": "2010-04-23",
    "acceptedDate": "2010-04-23 16:26:00",
    "calendarYear": "2010",
    "period": "Q1",
    "revenue": 570500000,
    "costOfRevenue": 394800000,
    "grossProfit": 175700000,
    "grossProfitRatio": 0.3079754601,
    "researchAndDevelopmentExpenses": 0,
    "generalAndAdministrativeExpenses": 0,
    "sellingAndMarketingExpenses": 0,
    "sellingGeneralAndAdministrativeExpenses": 110000000,
    "otherExpenses": 0,
    "operatingExpenses": 110000000,
    "costAndExpenses": 504800000,
    "interestIncome": 0,
    "interestExpense": 0,
    "depreciationAndAmortization": 18300000,
    "ebitda": 84000000,
    "ebitdaratio": 0.1472392638,
    "operatingIncome": 65700000,
    "operatingIncomeRatio": 0.1151621385,
    "totalOtherIncomeExpensesNet": -8100000,
    "incomeBeforeTax": 57600000,
    "incomeBeforeTaxRatio": 0.1009640666,
    "incomeTaxExpense": 18600000,
    "netIncome": 38600000,
    "netIncomeRatio": 0.0676599474,
    "eps": 0.64,
    "epsdiluted": 0.64,
    "weightedAverageShsOut": 60312500,
    "weightedAverageShsOutDil": 60312500,
    "link": "https://www.sec.gov/Archives/edgar/data/48898/000095012310037660/0000950123-10-037660-index.htm",
    "finalLink": "https://www.sec.gov/Archives/edgar/data/48898/000095012310037660/y83990e10vq.htm"
  },
  {
    "date": "2009-12-31",
    "symbol": "HUBB",
    "reportedCurrency": "USD",
    "cik": "0000048898",
    "fillingDate": "2010-02-19",
    "acceptedDate": "2010-02-19 16:13:41",
    "calendarYear": "2009",
    "period": "Q4",
    "revenue": 591900000,
    "costOfRevenue": 400100000,
    "grossProfit": 191800000,
    "grossProfitRatio": 0.3240412232,
    "researchAndDevelopmentExpenses": 0,
    "generalAndAdministrativeExpenses": 0,
    "sellingAndMarketingExpenses": 0,
    "sellingGeneralAndAdministrativeExpenses": 112300000,
    "otherExpenses": 0,
    "operatingExpenses": 112300000,
    "costAndExpenses": 512400000,
    "interestIncome": 0,
    "interestExpense": 0,
    "depreciationAndAmortization": 19500000,
    "ebitda": 96800000,
    "ebitdaratio": 0.1635411387,
    "operatingIncome": 79500000,
    "operatingIncomeRatio": 0.1343132286,
    "totalOtherIncomeExpensesNet": -9400000,
    "incomeBeforeTax": 70100000,
    "incomeBeforeTaxRatio": 0.1184321676,
    "incomeTaxExpense": 20000000,
    "netIncome": 49600000,
    "netIncomeRatio": 0.0837979388,
    "eps": 0.82,
    "epsdiluted": 0.82,
    "weightedAverageShsOut": 58600000,
    "weightedAverageShsOutDil": 60312500,
    "link": "https://www.sec.gov/Archives/edgar/data/48898/000095012310014554/0000950123-10-014554-index.htm",
    "finalLink": "https://www.sec.gov/Archives/edgar/data/48898/000095012310014554/y81632e10vk.htm"
  },
  {
    "date": "2009-09-30",
    "symbol": "HUBB",
    "reportedCurrency": "USD",
    "cik": "0000048898",
    "fillingDate": "2009-10-23",
    "acceptedDate": "2009-10-23 16:11:36",
    "calendarYear": "2009",
    "period": "Q3",
    "revenue": 593900000,
    "costOfRevenue": 401000000,
    "grossProfit": 192900000,
    "grossProfitRatio": 0.3248021552,
    "researchAndDevelopmentExpenses": 0,
    "generalAndAdministrativeExpenses": 0,
    "sellingAndMarketingExpenses": 0,
    "sellingGeneralAndAdministrativeExpenses": 101600000,
    "otherExpenses": 0,
    "operatingExpenses": 101600000,
    "costAndExpenses": 502600000,
    "interestIncome": 0,
    "interestExpense": 0,
    "depreciationAndAmortization": 16700000,
    "ebitda": 108000000,
    "ebitdaratio": 0.1818487961,
    "operatingIncome": 91300000,
    "operatingIncomeRatio": 0.1537295841,
    "totalOtherIncomeExpensesNet": -7400000,
    "incomeBeforeTax": 83900000,
    "incomeBeforeTaxRatio": 0.141269574,
    "incomeTaxExpense": 26400000,
    "netIncome": 57300000,
    "netIncomeRatio": 0.096480889,
    "eps": 1.01,
    "epsdiluted": 1.01,
    "weightedAverageShsOut": 56400000,
    "weightedAverageShsOutDil": 56700000,
    "link": "https://www.sec.gov/Archives/edgar/data/48898/000095012309052741/0000950123-09-052741-index.htm",
    "finalLink": "https://www.sec.gov/Archives/edgar/data/48898/000095012309052741/y79935e10vq.htm"
  },
  {
    "date": "2009-06-30",
    "symbol": "HUBB",
    "reportedCurrency": "USD",
    "cik": "0000048898",
    "fillingDate": "2009-07-24",
    "acceptedDate": "2009-07-24 16:25:19",
    "calendarYear": "2009",
    "period": "Q2",
    "revenue": 584200000,
    "costOfRevenue": 410000000,
    "grossProfit": 174200000,
    "grossProfitRatio": 0.2981855529,
    "researchAndDevelopmentExpenses": 0,
    "generalAndAdministrativeExpenses": 0,
    "sellingAndMarketingExpenses": 0,
    "sellingGeneralAndAdministrativeExpenses": 107600000,
    "otherExpenses": 0,
    "operatingExpenses": 107600000,
    "costAndExpenses": 517600000,
    "interestIncome": 0,
    "interestExpense": 0,
    "depreciationAndAmortization": 17300000,
    "ebitda": 83900000,
    "ebitdaratio": 0.1436152003,
    "operatingIncome": 66600000,
    "operatingIncomeRatio": 0.1140020541,
    "totalOtherIncomeExpensesNet": -8800000,
    "incomeBeforeTax": 57800000,
    "incomeBeforeTaxRatio": 0.0989387196,
    "incomeTaxExpense": 18200000,
    "netIncome": 39400000,
    "netIncomeRatio": 0.0674426566,
    "eps": 0.7,
    "epsdiluted": 0.7,
    "weightedAverageShsOut": 56400000,
    "weightedAverageShsOutDil": 56600000,
    "link": "https://www.sec.gov/Archives/edgar/data/48898/000095012309025337/0000950123-09-025337-index.htm",
    "finalLink": "https://www.sec.gov/Archives/edgar/data/48898/000095012309025337/y78372e10vq.htm"
  },
  {
    "date": "2009-03-31",
    "symbol": "HUBB",
    "reportedCurrency": "USD",
    "cik": "0000048898",
    "fillingDate": "2009-04-24",
    "acceptedDate": "2009-04-24 16:08:03",
    "calendarYear": "2009",
    "period": "Q1",
    "revenue": 585600000,
    "costOfRevenue": 418600000,
    "grossProfit": 167000000,
    "grossProfitRatio": 0.2851775956,
    "researchAndDevelopmentExpenses": 0,
    "generalAndAdministrativeExpenses": 0,
    "sellingAndMarketingExpenses": 0,
    "sellingGeneralAndAdministrativeExpenses": 109700000,
    "otherExpenses": 0,
    "operatingExpenses": 109700000,
    "costAndExpenses": 528300000,
    "interestIncome": 0,
    "interestExpense": 0,
    "depreciationAndAmortization": 17100000,
    "ebitda": 74400000,
    "ebitdaratio": 0.1270491803,
    "operatingIncome": 57300000,
    "operatingIncomeRatio": 0.0978483607,
    "totalOtherIncomeExpensesNet": -7500000,
    "incomeBeforeTax": 49800000,
    "incomeBeforeTaxRatio": 0.0850409836,
    "incomeTaxExpense": 15700000,
    "netIncome": 33800000,
    "netIncomeRatio": 0.0577185792,
    "eps": 0.6,
    "epsdiluted": 0.6,
    "weightedAverageShsOut": 56200000,
    "weightedAverageShsOutDil": 56300000,
    "link": "https://www.sec.gov/Archives/edgar/data/48898/000095012309007185/0000950123-09-007185-index.htm",
    "finalLink": "https://www.sec.gov/Archives/edgar/data/48898/000095012309007185/y76581e10vq.htm"
  },
  {
    "date": "2008-12-31",
    "symbol": "HUBB",
    "reportedCurrency": "USD",
    "cik": "0000048898",
    "fillingDate": "2009-02-20",
    "acceptedDate": "2009-02-20 16:11:30",
    "calendarYear": "2008",
    "period": "Q4",
    "revenue": 652100000,
    "costOfRevenue": 466200000,
    "grossProfit": 185900000,
    "grossProfitRatio": 0.2850789756,
    "researchAndDevelopmentExpenses": 0,
    "generalAndAdministrativeExpenses": 0,
    "sellingAndMarketingExpenses": 0,
    "sellingGeneralAndAdministrativeExpenses": 113500000,
    "otherExpenses": 0,
    "operatingExpenses": 113500000,
    "costAndExpenses": 579700000,
    "interestIncome": 0,
    "interestExpense": 0,
    "depreciationAndAmortization": 16700000,
    "ebitda": 88400000,
    "ebitdaratio": 0.1355620304,
    "operatingIncome": 72400000,
    "operatingIncomeRatio": 0.1110259163,
    "totalOtherIncomeExpensesNet": -8300000,
    "incomeBeforeTax": 64100000,
    "incomeBeforeTaxRatio": 0.0982978071,
    "incomeTaxExpense": 17800000,
    "netIncome": 46300000,
    "netIncomeRatio": 0.0710013802,
    "eps": 0.82,
    "epsdiluted": 0.82,
    "weightedAverageShsOut": 55900000,
    "weightedAverageShsOutDil": 56400000,
    "link": "https://www.sec.gov/Archives/edgar/data/48898/000095012309003185/0000950123-09-003185-index.htm",
    "finalLink": "https://www.sec.gov/Archives/edgar/data/48898/000095012309003185/y74678e10vk.htm"
  },
  {
    "date": "2008-09-30",
    "symbol": "HUBB",
    "reportedCurrency": "USD",
    "cik": "0000048898",
    "fillingDate": "2008-10-24",
    "acceptedDate": "2008-10-24 16:34:27",
    "calendarYear": "2008",
    "period": "Q3",
    "revenue": 734800000,
    "costOfRevenue": 514600000,
    "grossProfit": 220200000,
    "grossProfitRatio": 0.2996733805,
    "researchAndDevelopmentExpenses": 0,
    "generalAndAdministrativeExpenses": 0,
    "sellingAndMarketingExpenses": 0,
    "sellingGeneralAndAdministrativeExpenses": 116900000,
    "otherExpenses": 0,
    "operatingExpenses": 116900000,
    "costAndExpenses": 631500000,
    "interestIncome": 0,
    "interestExpense": 0,
    "depreciationAndAmortization": 16000000,
    "ebitda": 119300000,
    "ebitdaratio": 0.162357104,
    "operatingIncome": 103300000,
    "operatingIncomeRatio": 0.1405824714,
    "totalOtherIncomeExpensesNet": -7600000,
    "incomeBeforeTax": 95700000,
    "incomeBeforeTaxRatio": 0.130239521,
    "incomeTaxExpense": 29200000,
    "netIncome": 66500000,
    "netIncomeRatio": 0.0905008165,
    "eps": 1.18,
    "epsdiluted": 1.18,
    "weightedAverageShsOut": 56100000,
    "weightedAverageShsOutDil": 56500000,
    "link": "https://www.sec.gov/Archives/edgar/data/48898/000095012308013442/0000950123-08-013442-index.htm",
    "finalLink": "https://www.sec.gov/Archives/edgar/data/48898/000095012308013442/y72004e10vq.htm"
  },
  {
    "date": "2008-06-30",
    "symbol": "HUBB",
    "reportedCurrency": "USD",
    "cik": "0000048898",
    "fillingDate": "2008-07-28",
    "acceptedDate": "2008-07-28 16:30:36",
    "calendarYear": "2008",
    "period": "Q2",
    "revenue": 689600000,
    "costOfRevenue": 479700000,
    "grossProfit": 209900000,
    "grossProfitRatio": 0.3043793503,
    "researchAndDevelopmentExpenses": 0,
    "generalAndAdministrativeExpenses": 0,
    "sellingAndMarketingExpenses": 0,
    "sellingGeneralAndAdministrativeExpenses": 114900000,
    "otherExpenses": 0,
    "operatingExpenses": 114900000,
    "costAndExpenses": 594600000,
    "interestIncome": 0,
    "interestExpense": 0,
    "depreciationAndAmortization": 15300000,
    "ebitda": 110300000,
    "ebitdaratio": 0.1599477958,
    "operatingIncome": 95000000,
    "operatingIncomeRatio": 0.1377610209,
    "totalOtherIncomeExpensesNet": -6500000,
    "incomeBeforeTax": 88500000,
    "incomeBeforeTaxRatio": 0.1283352668,
    "incomeTaxExpense": 27000000,
    "netIncome": 61500000,
    "netIncomeRatio": 0.0891821346,
    "eps": 1.1,
    "epsdiluted": 1.09,
    "weightedAverageShsOut": 56000000,
    "weightedAverageShsOutDil": 56500000,
    "link": "https://www.sec.gov/Archives/edgar/data/48898/000095012308008382/0000950123-08-008382-index.htm",
    "finalLink": "https://www.sec.gov/Archives/edgar/data/48898/000095012308008382/y63605e10vq.htm"
  },
  {
    "date": "2008-03-31",
    "symbol": "HUBB",
    "reportedCurrency": "USD",
    "cik": "0000048898",
    "fillingDate": "2008-04-25",
    "acceptedDate": "2008-04-25 12:10:24",
    "calendarYear": "2008",
    "period": "Q1",
    "revenue": 627900000,
    "costOfRevenue": 440500000,
    "grossProfit": 187400000,
    "grossProfitRatio": 0.298455168,
    "researchAndDevelopmentExpenses": 0,
    "generalAndAdministrativeExpenses": 0,
    "sellingAndMarketingExpenses": 0,
    "sellingGeneralAndAdministrativeExpenses": 112100000,
    "otherExpenses": 0,
    "operatingExpenses": 112100000,
    "costAndExpenses": 552600000,
    "interestIncome": 0,
    "interestExpense": 0,
    "depreciationAndAmortization": 15100000,
    "ebitda": 90400000,
    "ebitdaratio": 0.1439719701,
    "operatingIncome": 75300000,
    "operatingIncomeRatio": 0.1199235547,
    "totalOtherIncomeExpensesNet": -5700000,
    "incomeBeforeTax": 69600000,
    "incomeBeforeTaxRatio": 0.1108456761,
    "incomeTaxExpense": 21200000,
    "netIncome": 48400000,
    "netIncomeRatio": 0.077082338,
    "eps": 0.85,
    "epsdiluted": 0.85,
    "weightedAverageShsOut": 56700000,
    "weightedAverageShsOutDil": 57200000,
    "link": "https://www.sec.gov/Archives/edgar/data/48898/000095012308004608/0000950123-08-004608-index.htm",
    "finalLink": "https://www.sec.gov/Archives/edgar/data/48898/000095012308004608/y55075e10vq.htm"
  },
  {
    "date": "2007-12-31",
    "symbol": "HUBB",
    "reportedCurrency": "USD",
    "cik": "0000048898",
    "fillingDate": "2008-02-25",
    "acceptedDate": "2008-02-25 16:42:09",
    "calendarYear": "2007",
    "period": "Q4",
    "revenue": 614700000,
    "costOfRevenue": 433800000,
    "grossProfit": 180900000,
    "grossProfitRatio": 0.2942898975,
    "researchAndDevelopmentExpenses": 0,
    "generalAndAdministrativeExpenses": 0,
    "sellingAndMarketingExpenses": 0,
    "sellingGeneralAndAdministrativeExpenses": 112300000,
    "otherExpenses": 0,
    "operatingExpenses": 112300000,
    "costAndExpenses": 546100000,
    "interestIncome": 0,
    "interestExpense": 0,
    "depreciationAndAmortization": 15400000,
    "ebitda": 84000000,
    "ebitdaratio": 0.1366520254,
    "operatingIncome": 68600000,
    "operatingIncomeRatio": 0.1115991541,
    "totalOtherIncomeExpensesNet": -4400000,
    "incomeBeforeTax": 64200000,
    "incomeBeforeTaxRatio": 0.1044411908,
    "incomeTaxExpense": 16200000,
    "netIncome": 48000000,
    "netIncomeRatio": 0.0780868716,
    "eps": 0.85,
    "epsdiluted": 0.85,
    "weightedAverageShsOut": 56400000,
    "weightedAverageShsOutDil": 56400000,
    "link": "https://www.sec.gov/Archives/edgar/data/48898/000095012308002047/0000950123-08-002047-index.htm",
    "finalLink": "https://www.sec.gov/Archives/edgar/data/48898/000095012308002047/y49936e10vk.htm"
  },
  {
    "date": "2007-09-30",
    "symbol": "HUBB",
    "reportedCurrency": "USD",
    "cik": "0000048898",
    "fillingDate": "2007-10-26",
    "acceptedDate": "2007-10-26 16:20:50",
    "calendarYear": "2007",
    "period": "Q3",
    "revenue": 652700000,
    "costOfRevenue": 458100000,
    "grossProfit": 194600000,
    "grossProfitRatio": 0.2981461621,
    "researchAndDevelopmentExpenses": 0,
    "generalAndAdministrativeExpenses": 0,
    "sellingAndMarketingExpenses": 0,
    "sellingGeneralAndAdministrativeExpenses": 105700000,
    "otherExpenses": 0,
    "operatingExpenses": 105700000,
    "costAndExpenses": 563800000,
    "interestIncome": 0,
    "interestExpense": 0,
    "depreciationAndAmortization": 14900000,
    "ebitda": 103800000,
    "ebitdaratio": 0.1590317144,
    "operatingIncome": 88900000,
    "operatingIncomeRatio": 0.1362034625,
    "totalOtherIncomeExpensesNet": -3200000,
    "incomeBeforeTax": 85700000,
    "incomeBeforeTaxRatio": 0.1313007507,
    "incomeTaxExpense": 20400000,
    "netIncome": 65300000,
    "netIncomeRatio": 0.1000459629,
    "eps": 1.12,
    "epsdiluted": 1.1,
    "weightedAverageShsOut": 58300000,
    "weightedAverageShsOutDil": 59200000,
    "link": "https://www.sec.gov/Archives/edgar/data/48898/000095012307014336/0000950123-07-014336-index.htm",
    "finalLink": "https://www.sec.gov/Archives/edgar/data/48898/000095012307014336/y41197e10vq.htm"
  },
  {
    "date": "2007-06-30",
    "symbol": "HUBB",
    "reportedCurrency": "USD",
    "cik": "0000048898",
    "fillingDate": "2007-07-27",
    "acceptedDate": "2007-07-27 14:08:32",
    "calendarYear": "2007",
    "period": "Q2",
    "revenue": 640800000,
    "costOfRevenue": 453500000,
    "grossProfit": 187300000,
    "grossProfitRatio": 0.2922908864,
    "researchAndDevelopmentExpenses": 0,
    "generalAndAdministrativeExpenses": 0,
    "sellingAndMarketingExpenses": 0,
    "sellingGeneralAndAdministrativeExpenses": 109300000,
    "otherExpenses": 0,
    "operatingExpenses": 109300000,
    "costAndExpenses": 562800000,
    "interestIncome": 0,
    "interestExpense": 0,
    "depreciationAndAmortization": 15000000,
    "ebitda": 93000000,
    "ebitdaratio": 0.1451310861,
    "operatingIncome": 78000000,
    "operatingIncomeRatio": 0.1217228464,
    "totalOtherIncomeExpensesNet": -3000000,
    "incomeBeforeTax": 75000000,
    "incomeBeforeTaxRatio": 0.1170411985,
    "incomeTaxExpense": 21700000,
    "netIncome": 53300000,
    "netIncomeRatio": 0.0831772784,
    "eps": 0.9,
    "epsdiluted": 0.89,
    "weightedAverageShsOut": 59400000,
    "weightedAverageShsOutDil": 60200000,
    "link": "https://www.sec.gov/Archives/edgar/data/48898/000095012307010396/0000950123-07-010396-index.htm",
    "finalLink": "https://www.sec.gov/Archives/edgar/data/48898/000095012307010396/y37384e10vq.htm"
  },
  {
    "date": "2007-03-31",
    "symbol": "HUBB",
    "reportedCurrency": "USD",
    "cik": "0000048898",
    "fillingDate": "2007-04-30",
    "acceptedDate": "2007-04-30 17:08:33",
    "calendarYear": "2007",
    "period": "Q1",
    "revenue": 625700000,
    "costOfRevenue": 452700000,
    "grossProfit": 173000000,
    "grossProfitRatio": 0.2764903308,
    "researchAndDevelopmentExpenses": 0,
    "generalAndAdministrativeExpenses": 0,
    "sellingAndMarketingExpenses": 0,
    "sellingGeneralAndAdministrativeExpenses": 109100000,
    "otherExpenses": 0,
    "operatingExpenses": 109100000,
    "costAndExpenses": 561800000,
    "interestIncome": 0,
    "interestExpense": 0,
    "depreciationAndAmortization": 14900000,
    "ebitda": 78800000,
    "ebitdaratio": 0.1259389484,
    "operatingIncome": 63900000,
    "operatingIncomeRatio": 0.1021256193,
    "totalOtherIncomeExpensesNet": -4600000,
    "incomeBeforeTax": 59300000,
    "incomeBeforeTaxRatio": 0.0947738533,
    "incomeTaxExpense": 17600000,
    "netIncome": 41700000,
    "netIncomeRatio": 0.0666453572,
    "eps": 0.7,
    "epsdiluted": 0.69,
    "weightedAverageShsOut": 59700000,
    "weightedAverageShsOutDil": 60400000,
    "link": "https://www.sec.gov/Archives/edgar/data/48898/000095012307006332/0000950123-07-006332-index.htm",
    "finalLink": "https://www.sec.gov/Archives/edgar/data/48898/000095012307006332/y34008e10vq.htm"
  },
  {
    "date": "2006-12-31",
    "symbol": "HUBB",
    "reportedCurrency": "USD",
    "cik": "0000048898",
    "fillingDate": "2007-02-27",
    "acceptedDate": "2007-02-27 17:19:37",
    "calendarYear": "2006",
    "period": "Q4",
    "revenue": 589000000,
    "costOfRevenue": 437400000,
    "grossProfit": 151600000,
    "grossProfitRatio": 0.257385399,
    "researchAndDevelopmentExpenses": 0,
    "generalAndAdministrativeExpenses": 0,
    "sellingAndMarketingExpenses": 0,
    "sellingGeneralAndAdministrativeExpenses": 106200000,
    "otherExpenses": 3700000,
    "operatingExpenses": 109900000,
    "costAndExpenses": 547300000,
    "interestIncome": 0,
    "interestExpense": 0,
    "depreciationAndAmortization": 14200000,
    "ebitda": 55900000,
    "ebitdaratio": 0.0949066214,
    "operatingIncome": 41700000,
    "operatingIncomeRatio": 0.0707979626,
    "totalOtherIncomeExpensesNet": -4400000,
    "incomeBeforeTax": 37300000,
    "incomeBeforeTaxRatio": 0.063327674,
    "incomeTaxExpense": 8100000,
    "netIncome": 29200000,
    "netIncomeRatio": 0.0495755518,
    "eps": 0.49,
    "epsdiluted": 0.49,
    "weightedAverageShsOut": 59700000,
    "weightedAverageShsOutDil": 59700000,
    "link": "https://www.sec.gov/Archives/edgar/data/48898/000095012307002818/0000950123-07-002818-index.htm",
    "finalLink": "https://www.sec.gov/Archives/edgar/data/48898/000095012307002818/y30584e10vk.htm"
  },
  {
    "date": "2006-09-30",
    "symbol": "HUBB",
    "reportedCurrency": "USD",
    "cik": "0000048898",
    "fillingDate": "2006-11-07",
    "acceptedDate": "2006-11-07 15:01:08",
    "calendarYear": "2006",
    "period": "Q3",
    "revenue": 649000000,
    "costOfRevenue": 468100000,
    "grossProfit": 180900000,
    "grossProfitRatio": 0.2787365177,
    "researchAndDevelopmentExpenses": 0,
    "generalAndAdministrativeExpenses": 0,
    "sellingAndMarketingExpenses": 0,
    "sellingGeneralAndAdministrativeExpenses": 107300000,
    "otherExpenses": 700000,
    "operatingExpenses": 108000000,
    "costAndExpenses": 576100000,
    "interestIncome": 0,
    "interestExpense": 0,
    "depreciationAndAmortization": 14300000,
    "ebitda": 87200000,
    "ebitdaratio": 0.1343605547,
    "operatingIncome": 72900000,
    "operatingIncomeRatio": 0.1123266564,
    "totalOtherIncomeExpensesNet": -4700000,
    "incomeBeforeTax": 68200000,
    "incomeBeforeTaxRatio": 0.1050847458,
    "incomeTaxExpense": 20600000,
    "netIncome": 47600000,
    "netIncomeRatio": 0.0733436055,
    "eps": 0.79,
    "epsdiluted": 0.78,
    "weightedAverageShsOut": 60300000,
    "weightedAverageShsOutDil": 61100000,
    "link": "https://www.sec.gov/Archives/edgar/data/48898/000095012306013623/0000950123-06-013623-index.htm",
    "finalLink": "https://www.sec.gov/Archives/edgar/data/48898/000095012306013623/y26356e10vq.htm"
  },
  {
    "date": "2006-06-30",
    "symbol": "HUBB",
    "reportedCurrency": "USD",
    "cik": "0000048898",
    "fillingDate": "2006-08-04",
    "acceptedDate": "2006-08-04 12:27:14",
    "calendarYear": "2006",
    "period": "Q2",
    "revenue": 603200000,
    "costOfRevenue": 437500000,
    "grossProfit": 165700000,
    "grossProfitRatio": 0.2747015915,
    "researchAndDevelopmentExpenses": 0,
    "generalAndAdministrativeExpenses": 0,
    "sellingAndMarketingExpenses": 0,
    "sellingGeneralAndAdministrativeExpenses": 102900000,
    "otherExpenses": 1400000,
    "operatingExpenses": 104300000,
    "costAndExpenses": 541800000,
    "interestIncome": 0,
    "interestExpense": 0,
    "depreciationAndAmortization": 14000000,
    "ebitda": 75400000,
    "ebitdaratio": 0.125,
    "operatingIncome": 61400000,
    "operatingIncomeRatio": 0.1017904509,
    "totalOtherIncomeExpensesNet": -1700000,
    "incomeBeforeTax": 59700000,
    "incomeBeforeTaxRatio": 0.0989721485,
    "incomeTaxExpense": 18100000,
    "netIncome": 41600000,
    "netIncomeRatio": 0.0689655172,
    "eps": 0.68,
    "epsdiluted": 0.67,
    "weightedAverageShsOut": 60700000,
    "weightedAverageShsOutDil": 61600000,
    "link": "https://www.sec.gov/Archives/edgar/data/48898/000095012306009901/0000950123-06-009901-index.htm",
    "finalLink": "https://www.sec.gov/Archives/edgar/data/48898/000095012306009901/y23623e10vq.htm"
  },
  {
    "date": "2006-03-31",
    "symbol": "HUBB",
    "reportedCurrency": "USD",
    "cik": "0000048898",
    "fillingDate": "2006-05-05",
    "acceptedDate": "2006-05-05 14:04:29",
    "calendarYear": "2006",
    "period": "Q1",
    "revenue": 573000000,
    "costOfRevenue": 414500000,
    "grossProfit": 158500000,
    "grossProfitRatio": 0.2766143106,
    "researchAndDevelopmentExpenses": 0,
    "generalAndAdministrativeExpenses": 0,
    "sellingAndMarketingExpenses": 0,
    "sellingGeneralAndAdministrativeExpenses": 99100000,
    "otherExpenses": 1500000,
    "operatingExpenses": 100600000,
    "costAndExpenses": 515100000,
    "interestIncome": 0,
    "interestExpense": 0,
    "depreciationAndAmortization": 12900000,
    "ebitda": 70800000,
    "ebitdaratio": 0.1235602094,
    "operatingIncome": 57900000,
    "operatingIncomeRatio": 0.1010471204,
    "totalOtherIncomeExpensesNet": -1600000,
    "incomeBeforeTax": 56300000,
    "incomeBeforeTaxRatio": 0.0982547993,
    "incomeTaxExpense": 16600000,
    "netIncome": 39700000,
    "netIncomeRatio": 0.0692844677,
    "eps": 0.66,
    "epsdiluted": 0.65,
    "weightedAverageShsOut": 60500000,
    "weightedAverageShsOutDil": 61200000,
    "link": "https://www.sec.gov/Archives/edgar/data/48898/000095012306005819/0000950123-06-005819-index.htm",
    "finalLink": "https://www.sec.gov/Archives/edgar/data/48898/000095012306005819/y20510e10vq.htm"
  },
  {
    "date": "2005-12-31",
    "symbol": "HUBB",
    "reportedCurrency": "USD",
    "cik": "0000048898",
    "fillingDate": "2006-03-08",
    "acceptedDate": "2006-03-08 17:11:32",
    "calendarYear": "2005",
    "period": "Q4",
    "revenue": 535700000,
    "costOfRevenue": 384700000,
    "grossProfit": 151000000,
    "grossProfitRatio": 0.2818741833,
    "researchAndDevelopmentExpenses": 0,
    "generalAndAdministrativeExpenses": 0,
    "sellingAndMarketingExpenses": 0,
    "sellingGeneralAndAdministrativeExpenses": 87700000,
    "otherExpenses": 5100000,
    "operatingExpenses": 92800000,
    "costAndExpenses": 477500000,
    "interestIncome": 0,
    "interestExpense": 0,
    "depreciationAndAmortization": 13700000,
    "ebitda": 71900000,
    "ebitdaratio": 0.1342169125,
    "operatingIncome": 58200000,
    "operatingIncomeRatio": 0.1086428971,
    "totalOtherIncomeExpensesNet": -2600000,
    "incomeBeforeTax": 55600000,
    "incomeBeforeTaxRatio": 0.1037894344,
    "incomeTaxExpense": 3500000,
    "netIncome": 52100000,
    "netIncomeRatio": 0.0972559268,
    "eps": 0.86,
    "epsdiluted": 0.86,
    "weightedAverageShsOut": 60500000,
    "weightedAverageShsOutDil": 60500000,
    "link": "https://www.sec.gov/Archives/edgar/data/48898/000095012306002794/0000950123-06-002794-index.htm",
    "finalLink": "https://www.sec.gov/Archives/edgar/data/48898/000095012306002794/y17902e10vk.htm"
  },
  {
    "date": "2005-09-30",
    "symbol": "HUBB",
    "reportedCurrency": "USD",
    "cik": "0000048898",
    "fillingDate": "2005-11-04",
    "acceptedDate": "2005-11-04 15:18:36",
    "calendarYear": "2005",
    "period": "Q3",
    "revenue": 561100000,
    "costOfRevenue": 396900000,
    "grossProfit": 164200000,
    "grossProfitRatio": 0.2926394582,
    "researchAndDevelopmentExpenses": 0,
    "generalAndAdministrativeExpenses": 0,
    "sellingAndMarketingExpenses": 0,
    "sellingGeneralAndAdministrativeExpenses": 89900000,
    "otherExpenses": 1000000,
    "operatingExpenses": 90900000,
    "costAndExpenses": 487800000,
    "interestIncome": 0,
    "interestExpense": 0,
    "depreciationAndAmortization": 12300000,
    "ebitda": 85600000,
    "ebitdaratio": 0.1525574764,
    "operatingIncome": 73300000,
    "operatingIncomeRatio": 0.1306362502,
    "totalOtherIncomeExpensesNet": -3000000,
    "incomeBeforeTax": 70300000,
    "incomeBeforeTaxRatio": 0.1252896097,
    "incomeTaxExpense": 21800000,
    "netIncome": 48500000,
    "netIncomeRatio": 0.0864373552,
    "eps": 0.8,
    "epsdiluted": 0.79,
    "weightedAverageShsOut": 60700000,
    "weightedAverageShsOutDil": 61500000,
    "link": "https://www.sec.gov/Archives/edgar/data/48898/000095012305013095/0000950123-05-013095-index.htm",
    "finalLink": "https://www.sec.gov/Archives/edgar/data/48898/000095012305013095/y14143e10vq.htm"
  },
  {
    "date": "2005-06-30",
    "symbol": "HUBB",
    "reportedCurrency": "USD",
    "cik": "0000048898",
    "fillingDate": "2005-08-04",
    "acceptedDate": "2005-08-04 13:58:28",
    "calendarYear": "2005",
    "period": "Q2",
    "revenue": 520500000,
    "costOfRevenue": 377400000,
    "grossProfit": 143100000,
    "grossProfitRatio": 0.2749279539,
    "researchAndDevelopmentExpenses": 0,
    "generalAndAdministrativeExpenses": 0,
    "sellingAndMarketingExpenses": 0,
    "sellingGeneralAndAdministrativeExpenses": 88000000,
    "otherExpenses": 2200000,
    "operatingExpenses": 90200000,
    "costAndExpenses": 467600000,
    "interestIncome": 0,
    "interestExpense": 0,
    "depreciationAndAmortization": 12400000,
    "ebitda": 65300000,
    "ebitdaratio": 0.125456292,
    "operatingIncome": 52900000,
    "operatingIncomeRatio": 0.1016330451,
    "totalOtherIncomeExpensesNet": -2800000,
    "incomeBeforeTax": 50100000,
    "incomeBeforeTaxRatio": 0.0962536023,
    "incomeTaxExpense": 14400000,
    "netIncome": 35700000,
    "netIncomeRatio": 0.0685878963,
    "eps": 0.58,
    "epsdiluted": 0.58,
    "weightedAverageShsOut": 61000000,
    "weightedAverageShsOutDil": 61900000,
    "link": "https://www.sec.gov/Archives/edgar/data/48898/000095012305009409/0000950123-05-009409-index.htm",
    "finalLink": "https://www.sec.gov/Archives/edgar/data/48898/000095012305009409/y11399e10vq.htm"
  },
  {
    "date": "2005-03-31",
    "symbol": "HUBB",
    "reportedCurrency": "USD",
    "cik": "0000048898",
    "fillingDate": "2005-05-06",
    "acceptedDate": "2005-05-06 17:28:16",
    "calendarYear": "2005",
    "period": "Q1",
    "revenue": 487600000,
    "costOfRevenue": 350900000,
    "grossProfit": 136700000,
    "grossProfitRatio": 0.2803527482,
    "researchAndDevelopmentExpenses": 0,
    "generalAndAdministrativeExpenses": 0,
    "sellingAndMarketingExpenses": 0,
    "sellingGeneralAndAdministrativeExpenses": 92400000,
    "otherExpenses": 1900000,
    "operatingExpenses": 94300000,
    "costAndExpenses": 445200000,
    "interestIncome": 0,
    "interestExpense": 0,
    "depreciationAndAmortization": 12000000,
    "ebitda": 54400000,
    "ebitdaratio": 0.1115668581,
    "operatingIncome": 42400000,
    "operatingIncomeRatio": 0.0869565217,
    "totalOtherIncomeExpensesNet": -2700000,
    "incomeBeforeTax": 39700000,
    "incomeBeforeTaxRatio": 0.0814191961,
    "incomeTaxExpense": 10900000,
    "netIncome": 28800000,
    "netIncomeRatio": 0.0590648072,
    "eps": 0.47,
    "epsdiluted": 0.46,
    "weightedAverageShsOut": 61500000,
    "weightedAverageShsOutDil": 62700000,
    "link": "https://www.sec.gov/Archives/edgar/data/48898/000095012305005813/0000950123-05-005813-index.htm",
    "finalLink": "https://www.sec.gov/Archives/edgar/data/48898/000095012305005813/y08616e10vq.htm"
  },
  {
    "date": "2004-12-31",
    "symbol": "HUBB",
    "reportedCurrency": "USD",
    "cik": "0000048898",
    "fillingDate": "2005-03-09",
    "acceptedDate": "2005-03-09 16:20:02",
    "calendarYear": "2004",
    "period": "Q4",
    "revenue": 499800000,
    "costOfRevenue": 358200000,
    "grossProfit": 141600000,
    "grossProfitRatio": 0.2833133253,
    "researchAndDevelopmentExpenses": 0,
    "generalAndAdministrativeExpenses": 0,
    "sellingAndMarketingExpenses": 0,
    "sellingGeneralAndAdministrativeExpenses": 86700000,
    "otherExpenses": 2800000,
    "operatingExpenses": 89500000,
    "costAndExpenses": 447700000,
    "interestIncome": 0,
    "interestExpense": 0,
    "depreciationAndAmortization": 11400000,
    "ebitda": 63500000,
    "ebitdaratio": 0.1270508203,
    "operatingIncome": 52100000,
    "operatingIncomeRatio": 0.1042416967,
    "totalOtherIncomeExpensesNet": -3700000,
    "incomeBeforeTax": 48400000,
    "incomeBeforeTaxRatio": 0.0968387355,
    "incomeTaxExpense": 600000,
    "netIncome": 47800000,
    "netIncomeRatio": 0.0956382553,
    "eps": 0.78,
    "epsdiluted": 0.78,
    "weightedAverageShsOut": 61000000,
    "weightedAverageShsOutDil": 61276596,
    "link": "https://www.sec.gov/Archives/edgar/data/48898/000095012305002855/0000950123-05-002855-index.htm",
    "finalLink": "https://www.sec.gov/Archives/edgar/data/48898/000095012305002855/y06125ae10vk.htm"
  },
  {
    "date": "2004-09-30",
    "symbol": "HUBB",
    "reportedCurrency": "USD",
    "cik": "0000048898",
    "fillingDate": "2004-11-08",
    "acceptedDate": "2004-11-08 16:04:02",
    "calendarYear": "2004",
    "period": "Q3",
    "revenue": 525100000,
    "costOfRevenue": 377700000,
    "grossProfit": 147400000,
    "grossProfitRatio": 0.2807084365,
    "researchAndDevelopmentExpenses": 0,
    "generalAndAdministrativeExpenses": 0,
    "sellingAndMarketingExpenses": 0,
    "sellingGeneralAndAdministrativeExpenses": 83600000,
    "otherExpenses": 1900000,
    "operatingExpenses": 85500000,
    "costAndExpenses": 463200000,
    "interestIncome": 0,
    "interestExpense": 0,
    "depreciationAndAmortization": 11800000,
    "ebitda": 73700000,
    "ebitdaratio": 0.1403542182,
    "operatingIncome": 61900000,
    "operatingIncomeRatio": 0.1178823081,
    "totalOtherIncomeExpensesNet": -3100000,
    "incomeBeforeTax": 58800000,
    "incomeBeforeTaxRatio": 0.1119786707,
    "incomeTaxExpense": 17300000,
    "netIncome": 41500000,
    "netIncomeRatio": 0.0790325652,
    "eps": 0.68,
    "epsdiluted": 0.67,
    "weightedAverageShsOut": 60900000,
    "weightedAverageShsOutDil": 61900000,
    "link": "https://www.sec.gov/Archives/edgar/data/48898/000095012304013174/0000950123-04-013174-index.htm",
    "finalLink": "https://www.sec.gov/Archives/edgar/data/48898/000095012304013174/y68306e10vq.htm"
  },
  {
    "date": "2004-06-30",
    "symbol": "HUBB",
    "reportedCurrency": "USD",
    "cik": "0000048898",
    "fillingDate": "2004-08-05",
    "acceptedDate": "2004-08-05 12:04:33",
    "calendarYear": "2004",
    "period": "Q2",
    "revenue": 502900000,
    "costOfRevenue": 362700000,
    "grossProfit": 140200000,
    "grossProfitRatio": 0.2787830583,
    "researchAndDevelopmentExpenses": 0,
    "generalAndAdministrativeExpenses": 0,
    "sellingAndMarketingExpenses": 0,
    "sellingGeneralAndAdministrativeExpenses": 83200000,
    "otherExpenses": 9500000,
    "operatingExpenses": 92700000,
    "costAndExpenses": 455400000,
    "interestIncome": 0,
    "interestExpense": 0,
    "depreciationAndAmortization": 12600000,
    "ebitda": 60100000,
    "ebitdaratio": 0.1195068602,
    "operatingIncome": 47500000,
    "operatingIncomeRatio": 0.0944521774,
    "totalOtherIncomeExpensesNet": -4600000,
    "incomeBeforeTax": 42900000,
    "incomeBeforeTaxRatio": 0.0853052297,
    "incomeTaxExpense": 11500000,
    "netIncome": 31400000,
    "netIncomeRatio": 0.0624378604,
    "eps": 0.52,
    "epsdiluted": 0.51,
    "weightedAverageShsOut": 60600000,
    "weightedAverageShsOutDil": 61600000,
    "link": "https://www.sec.gov/Archives/edgar/data/48898/000095012304009292/0000950123-04-009292-index.htm",
    "finalLink": "https://www.sec.gov/Archives/edgar/data/48898/000095012304009292/y99578e10vq.htm"
  },
  {
    "date": "2004-03-31",
    "symbol": "HUBB",
    "reportedCurrency": "USD",
    "cik": "0000048898",
    "fillingDate": "2004-05-07",
    "acceptedDate": "2004-05-07 13:15:38",
    "calendarYear": "2004",
    "period": "Q1",
    "revenue": 465200000,
    "costOfRevenue": 332500000,
    "grossProfit": 132700000,
    "grossProfitRatio": 0.2852536543,
    "researchAndDevelopmentExpenses": 0,
    "generalAndAdministrativeExpenses": 0,
    "sellingAndMarketingExpenses": 0,
    "sellingGeneralAndAdministrativeExpenses": 80400000,
    "otherExpenses": 1200000,
    "operatingExpenses": 81600000,
    "costAndExpenses": 414100000,
    "interestIncome": 0,
    "interestExpense": 0,
    "depreciationAndAmortization": 13100000,
    "ebitda": 64200000,
    "ebitdaratio": 0.1380051591,
    "operatingIncome": 51100000,
    "operatingIncomeRatio": 0.1098452279,
    "totalOtherIncomeExpensesNet": -3900000,
    "incomeBeforeTax": 47200000,
    "incomeBeforeTaxRatio": 0.1014617369,
    "incomeTaxExpense": 13200000,
    "netIncome": 34000000,
    "netIncomeRatio": 0.0730868444,
    "eps": 0.56,
    "epsdiluted": 0.56,
    "weightedAverageShsOut": 60714286,
    "weightedAverageShsOutDil": 61200000,
    "link": "https://www.sec.gov/Archives/edgar/data/48898/000095012304005939/0000950123-04-005939-index.htm",
    "finalLink": "https://www.sec.gov/Archives/edgar/data/48898/000095012304005939/y96994e10vq.htm"
  },
  {
    "date": "2003-12-31",
    "symbol": "HUBB",
    "reportedCurrency": "USD",
    "cik": "0000048898",
    "fillingDate": "2004-03-05",
    "acceptedDate": "2004-03-05 17:28:34",
    "calendarYear": "2003",
    "period": "Q4",
    "revenue": 444600000,
    "costOfRevenue": 316800000,
    "grossProfit": 127800000,
    "grossProfitRatio": 0.2874493927,
    "researchAndDevelopmentExpenses": 0,
    "generalAndAdministrativeExpenses": 0,
    "sellingAndMarketingExpenses": 0,
    "sellingGeneralAndAdministrativeExpenses": 76600000,
    "otherExpenses": -100000,
    "operatingExpenses": 76500000,
    "costAndExpenses": 393300000,
    "interestIncome": 0,
    "interestExpense": 0,
    "depreciationAndAmortization": 13000000,
    "ebitda": 64300000,
    "ebitdaratio": 0.1446243815,
    "operatingIncome": 51300000,
    "operatingIncomeRatio": 0.1153846154,
    "totalOtherIncomeExpensesNet": -4400000,
    "incomeBeforeTax": 46900000,
    "incomeBeforeTaxRatio": 0.1054880792,
    "incomeTaxExpense": 12200000,
    "netIncome": 34700000,
    "netIncomeRatio": 0.0780476833,
    "eps": 0.57,
    "epsdiluted": 0.57,
    "weightedAverageShsOut": 59555556,
    "weightedAverageShsOutDil": 60714286,
    "link": "https://www.sec.gov/Archives/edgar/data/48898/000095012304002915/0000950123-04-002915-index.htm",
    "finalLink": "https://www.sec.gov/Archives/edgar/data/48898/000095012304002915/y93650e10vk.htm"
  },
  {
    "date": "2003-09-30",
    "symbol": "HUBB",
    "reportedCurrency": "USD",
    "cik": "0000048898",
    "fillingDate": "2003-11-10",
    "acceptedDate": "2003-11-10 16:26:30",
    "calendarYear": "2003",
    "period": "Q3",
    "revenue": 457300000,
    "costOfRevenue": 329100000,
    "grossProfit": 128200000,
    "grossProfitRatio": 0.2803411327,
    "researchAndDevelopmentExpenses": 0,
    "generalAndAdministrativeExpenses": 0,
    "sellingAndMarketingExpenses": 0,
    "sellingGeneralAndAdministrativeExpenses": 77500000,
    "otherExpenses": -200000,
    "operatingExpenses": 77300000,
    "costAndExpenses": 406400000,
    "interestIncome": 0,
    "interestExpense": 0,
    "depreciationAndAmortization": 13200000,
    "ebitda": 64100000,
    "ebitdaratio": 0.1401705664,
    "operatingIncome": 50900000,
    "operatingIncomeRatio": 0.1113054887,
    "totalOtherIncomeExpensesNet": -4400000,
    "incomeBeforeTax": 46500000,
    "incomeBeforeTaxRatio": 0.1016837962,
    "incomeTaxExpense": 12100000,
    "netIncome": 34400000,
    "netIncomeRatio": 0.0752241417,
    "eps": 0.57,
    "epsdiluted": 0.57,
    "weightedAverageShsOut": 60350877,
    "weightedAverageShsOutDil": 60700000,
    "link": "https://www.sec.gov/Archives/edgar/data/48898/000095012303012391/0000950123-03-012391-index.htm",
    "finalLink": "https://www.sec.gov/Archives/edgar/data/48898/000095012303012391/y91417e10vq.htm"
  },
  {
    "date": "2003-06-30",
    "symbol": "HUBB",
    "reportedCurrency": "USD",
    "cik": "0000048898",
    "fillingDate": "2003-08-12",
    "acceptedDate": "2003-08-12 10:30:40",
    "calendarYear": "2003",
    "period": "Q2",
    "revenue": 449300000,
    "costOfRevenue": 333600000,
    "grossProfit": 115700000,
    "grossProfitRatio": 0.2575116848,
    "researchAndDevelopmentExpenses": 0,
    "generalAndAdministrativeExpenses": 0,
    "sellingAndMarketingExpenses": 0,
    "sellingGeneralAndAdministrativeExpenses": 75000000,
    "otherExpenses": 4800000,
    "operatingExpenses": 79800000,
    "costAndExpenses": 413400000,
    "interestIncome": 0,
    "interestExpense": 0,
    "depreciationAndAmortization": 13400000,
    "ebitda": 49300000,
    "ebitdaratio": 0.1097262408,
    "operatingIncome": 35900000,
    "operatingIncomeRatio": 0.0799020699,
    "totalOtherIncomeExpensesNet": -3200000,
    "incomeBeforeTax": 32700000,
    "incomeBeforeTaxRatio": 0.0727798798,
    "incomeTaxExpense": 8500000,
    "netIncome": 24200000,
    "netIncomeRatio": 0.0538615624,
    "eps": 0.41,
    "epsdiluted": 0.4,
    "weightedAverageShsOut": 59024390,
    "weightedAverageShsOutDil": 59900000,
    "link": "https://www.sec.gov/Archives/edgar/data/48898/000095012303009262/0000950123-03-009262-index.htm",
    "finalLink": "https://www.sec.gov/Archives/edgar/data/48898/000095012303009262/y89019e10vq.htm"
  },
  {
    "date": "2003-03-31",
    "symbol": "HUBB",
    "reportedCurrency": "USD",
    "cik": "0000048898",
    "fillingDate": "2003-05-13",
    "acceptedDate": "2003-05-13 16:03:22",
    "calendarYear": "2003",
    "period": "Q1",
    "revenue": 419400000,
    "costOfRevenue": 309700000,
    "grossProfit": 109700000,
    "grossProfitRatio": 0.2615641392,
    "researchAndDevelopmentExpenses": 0,
    "generalAndAdministrativeExpenses": 0,
    "sellingAndMarketingExpenses": 0,
    "sellingGeneralAndAdministrativeExpenses": 74800000,
    "otherExpenses": 1100000,
    "operatingExpenses": 75900000,
    "costAndExpenses": 385600000,
    "interestIncome": 0,
    "interestExpense": 0,
    "depreciationAndAmortization": 13000000,
    "ebitda": 46800000,
    "ebitdaratio": 0.1115879828,
    "operatingIncome": 33800000,
    "operatingIncomeRatio": 0.0805913209,
    "totalOtherIncomeExpensesNet": -4500000,
    "incomeBeforeTax": 29300000,
    "incomeBeforeTaxRatio": 0.0698617072,
    "incomeTaxExpense": 7600000,
    "netIncome": 21700000,
    "netIncomeRatio": 0.0517405818,
    "eps": 0.37,
    "epsdiluted": 0.36,
    "weightedAverageShsOut": 58648649,
    "weightedAverageShsOutDil": 59800000,
    "link": "https://www.sec.gov/Archives/edgar/data/48898/000095012303005802/0000950123-03-005802-index.htm",
    "finalLink": "https://www.sec.gov/Archives/edgar/data/48898/000095012303005802/y86357e10vq.htm"
  },
  {
    "date": "2002-12-31",
    "symbol": "HUBB",
    "reportedCurrency": "USD",
    "cik": "0000048898",
    "fillingDate": "2003-03-24",
    "acceptedDate": "2003-03-24 09:19:37",
    "calendarYear": "2002",
    "period": "Q4",
    "revenue": 426200000,
    "costOfRevenue": 315000000,
    "grossProfit": 111200000,
    "grossProfitRatio": 0.2609103707,
    "researchAndDevelopmentExpenses": 0,
    "generalAndAdministrativeExpenses": 0,
    "sellingAndMarketingExpenses": 0,
    "sellingGeneralAndAdministrativeExpenses": 72100000,
    "otherExpenses": 7000000,
    "operatingExpenses": 79100000,
    "costAndExpenses": 394100000,
    "interestIncome": 0,
    "interestExpense": 0,
    "depreciationAndAmortization": 9800000,
    "ebitda": 41900000,
    "ebitdaratio": 0.0983106523,
    "operatingIncome": 32100000,
    "operatingIncomeRatio": 0.0753167527,
    "totalOtherIncomeExpensesNet": -4300000,
    "incomeBeforeTax": 27800000,
    "incomeBeforeTaxRatio": 0.0652275927,
    "incomeTaxExpense": 600000,
    "netIncome": 27200000,
    "netIncomeRatio": 0.0638198029,
    "eps": 0.46,
    "epsdiluted": 0.46,
    "weightedAverageShsOut": 58648649,
    "weightedAverageShsOutDil": 58648649,
    "link": "https://www.sec.gov/Archives/edgar/data/48898/000095012303003143/0000950123-03-003143-index.htm",
    "finalLink": "https://www.sec.gov/Archives/edgar/data/48898/000095012303003143/y82446e10vk.htm"
  },
  {
    "date": "2002-09-30",
    "symbol": "HUBB",
    "reportedCurrency": "USD",
    "cik": "0000048898",
    "fillingDate": "2002-11-13",
    "acceptedDate": "2002-11-13 17:24:35",
    "calendarYear": "2002",
    "period": "Q3",
    "revenue": 445800000,
    "costOfRevenue": 330400000,
    "grossProfit": 115400000,
    "grossProfitRatio": 0.2588604755,
    "researchAndDevelopmentExpenses": 0,
    "generalAndAdministrativeExpenses": 0,
    "sellingAndMarketingExpenses": 0,
    "sellingGeneralAndAdministrativeExpenses": 73100000,
    "otherExpenses": -2000000,
    "operatingExpenses": 71100000,
    "costAndExpenses": 401500000,
    "interestIncome": 0,
    "interestExpense": 0,
    "depreciationAndAmortization": 14100000,
    "ebitda": 58400000,
    "ebitdaratio": 0.1310004486,
    "operatingIncome": 44300000,
    "operatingIncomeRatio": 0.0993719157,
    "totalOtherIncomeExpensesNet": -3900000,
    "incomeBeforeTax": 40400000,
    "incomeBeforeTaxRatio": 0.090623598,
    "incomeTaxExpense": 9300000,
    "netIncome": 31100000,
    "netIncomeRatio": 0.0697622252,
    "eps": 0.53,
    "epsdiluted": 0.52,
    "weightedAverageShsOut": 58679245,
    "weightedAverageShsOutDil": 59600000,
    "link": "https://www.sec.gov/Archives/edgar/data/48898/000095012302010773/0000950123-02-010773-index.htm",
    "finalLink": "https://www.sec.gov/Archives/edgar/data/48898/000095012302010773/y65531e10vq.htm"
  },
  {
    "date": "2002-06-30",
    "symbol": "HUBB",
    "reportedCurrency": "USD",
    "cik": "0000048898",
    "fillingDate": "2002-08-12",
    "acceptedDate": "2002-08-12 11:43:46",
    "calendarYear": "2002",
    "period": "Q2",
    "revenue": 414100000,
    "costOfRevenue": 308000000,
    "grossProfit": 106100000,
    "grossProfitRatio": 0.2562183048,
    "researchAndDevelopmentExpenses": 0,
    "generalAndAdministrativeExpenses": 0,
    "sellingAndMarketingExpenses": 0,
    "sellingGeneralAndAdministrativeExpenses": 69300000,
    "otherExpenses": 1000000,
    "operatingExpenses": 70300000,
    "costAndExpenses": 378300000,
    "interestIncome": 0,
    "interestExpense": 0,
    "depreciationAndAmortization": 14600000,
    "ebitda": 50400000,
    "ebitdaratio": 0.1217097319,
    "operatingIncome": 35800000,
    "operatingIncomeRatio": 0.0864525477,
    "totalOtherIncomeExpensesNet": -2300000,
    "incomeBeforeTax": 33500000,
    "incomeBeforeTaxRatio": 0.0808983337,
    "incomeTaxExpense": 2700000,
    "netIncome": 30800000,
    "netIncomeRatio": 0.0743781695,
    "eps": 0.52,
    "epsdiluted": 0.51,
    "weightedAverageShsOut": 59230769,
    "weightedAverageShsOutDil": 59900000,
    "link": "https://www.sec.gov/Archives/edgar/data/48898/000095012302007696/0000950123-02-007696-index.htm",
    "finalLink": "https://www.sec.gov/Archives/edgar/data/48898/000095012302007696/y62580e10vq.htm"
  },
  {
    "date": "2002-03-31",
    "symbol": "HUBB",
    "reportedCurrency": "USD",
    "cik": "0000048898",
    "fillingDate": "2002-05-13",
    "acceptedDate": "2002-05-13 14:29:25",
    "calendarYear": "2002",
    "period": "Q1",
    "revenue": 301700000,
    "costOfRevenue": 225300000,
    "grossProfit": 76400000,
    "grossProfitRatio": 0.2532316871,
    "researchAndDevelopmentExpenses": 0,
    "generalAndAdministrativeExpenses": 0,
    "sellingAndMarketingExpenses": 0,
    "sellingGeneralAndAdministrativeExpenses": 50800000,
    "otherExpenses": -700000,
    "operatingExpenses": 50100000,
    "costAndExpenses": 275400000,
    "interestIncome": 0,
    "interestExpense": 0,
    "depreciationAndAmortization": 11300000,
    "ebitda": 37600000,
    "ebitdaratio": 0.124627113,
    "operatingIncome": 26300000,
    "operatingIncomeRatio": 0.0871726881,
    "totalOtherIncomeExpensesNet": -1000000,
    "incomeBeforeTax": 25300000,
    "incomeBeforeTaxRatio": 0.0838581372,
    "incomeTaxExpense": 5800000,
    "netIncome": 19500000,
    "netIncomeRatio": 0.0646337421,
    "eps": 0.33,
    "epsdiluted": 0.33,
    "weightedAverageShsOut": 59090909,
    "weightedAverageShsOutDil": 59500000,
    "link": "https://www.sec.gov/Archives/edgar/data/48898/000095012302004999/0000950123-02-004999-index.htm",
    "finalLink": "https://www.sec.gov/Archives/edgar/data/48898/000095012302004999/y60384e10-q.htm"
  },
  {
    "date": "2001-12-31",
    "symbol": "HUBB",
    "reportedCurrency": "USD",
    "cik": "0000048898",
    "fillingDate": "2002-03-20",
    "acceptedDate": "2002-03-20 00:00:00",
    "calendarYear": "2001",
    "period": "Q4",
    "revenue": 12111000000,
    "costOfRevenue": 238600000,
    "grossProfit": 11872400000,
    "grossProfitRatio": 0.9802989018,
    "researchAndDevelopmentExpenses": 0,
    "generalAndAdministrativeExpenses": 0,
    "sellingAndMarketingExpenses": 0,
    "sellingGeneralAndAdministrativeExpenses": 54900000,
    "otherExpenses": 11845100000,
    "operatingExpenses": 11900000000,
    "costAndExpenses": 12138600000,
    "interestIncome": 0,
    "interestExpense": 0,
    "depreciationAndAmortization": 10100000,
    "ebitda": 11792300000,
    "ebitdaratio": 0.9736850797,
    "operatingIncome": -27600000,
    "operatingIncomeRatio": -0.00227892,
    "totalOtherIncomeExpensesNet": 2300000,
    "incomeBeforeTax": -25300000,
    "incomeBeforeTaxRatio": -0.00208901,
    "incomeTaxExpense": -11200000,
    "netIncome": -14100000,
    "netIncomeRatio": -0.0011642309,
    "eps": -0.25,
    "epsdiluted": -0.24,
    "weightedAverageShsOut": 56167311,
    "weightedAverageShsOutDil": 59090909,
    "link": "https://www.sec.gov/Archives/edgar/data/48898/000095012302002711/0000950123-02-002711-index.htm",
    "finalLink": "https://www.sec.gov/Archives/edgar/data/48898/000095012302002711/y57922e10-k.htm"
  },
  {
    "date": "2001-09-30",
    "symbol": "HUBB",
    "reportedCurrency": "USD",
    "cik": "0000048898",
    "fillingDate": "2001-11-09",
    "acceptedDate": "2001-11-09 00:00:00",
    "calendarYear": "2001",
    "period": "Q3",
    "revenue": 325700000,
    "costOfRevenue": 245700000,
    "grossProfit": 80000000,
    "grossProfitRatio": 0.2456248081,
    "researchAndDevelopmentExpenses": 0,
    "generalAndAdministrativeExpenses": 0,
    "sellingAndMarketingExpenses": 0,
    "sellingGeneralAndAdministrativeExpenses": 54300000,
    "otherExpenses": 0,
    "operatingExpenses": 54300000,
    "costAndExpenses": 300000000,
    "interestIncome": 0,
    "interestExpense": 0,
    "depreciationAndAmortization": 14000000,
    "ebitda": 39700000,
    "ebitdaratio": 0.121891311,
    "operatingIncome": 25700000,
    "operatingIncomeRatio": 0.0789069696,
    "totalOtherIncomeExpensesNet": -400000,
    "incomeBeforeTax": 25300000,
    "incomeBeforeTaxRatio": 0.0776788456,
    "incomeTaxExpense": 5800000,
    "netIncome": 19500000,
    "netIncomeRatio": 0.059871047,
    "eps": 0.33,
    "epsdiluted": 0.33,
    "weightedAverageShsOut": 59090909,
    "weightedAverageShsOutDil": 59090909,
    "link": "https://www.sec.gov/Archives/edgar/data/48898/000095012301508125/0000950123-01-508125-index.htm",
    "finalLink": "https://www.sec.gov/Archives/edgar/data/48898/000095012301508125/y54534e10-q.htm"
  },
  {
    "date": "2001-06-30",
    "symbol": "HUBB",
    "reportedCurrency": "USD",
    "cik": "0000048898",
    "fillingDate": "2001-08-09",
    "acceptedDate": "2001-08-09 00:00:00",
    "calendarYear": "2001",
    "period": "Q2",
    "revenue": 341200000,
    "costOfRevenue": 256300000,
    "grossProfit": 84900000,
    "grossProfitRatio": 0.2488276671,
    "researchAndDevelopmentExpenses": 0,
    "generalAndAdministrativeExpenses": 0,
    "sellingAndMarketingExpenses": 0,
    "sellingGeneralAndAdministrativeExpenses": 56400000,
    "otherExpenses": 0,
    "operatingExpenses": 56400000,
    "costAndExpenses": 312700000,
    "interestIncome": 0,
    "interestExpense": 0,
    "depreciationAndAmortization": 14400000,
    "ebitda": 42900000,
    "ebitdaratio": 0.1257327081,
    "operatingIncome": 28500000,
    "operatingIncomeRatio": 0.0835287222,
    "totalOtherIncomeExpensesNet": -1000000,
    "incomeBeforeTax": 27500000,
    "incomeBeforeTaxRatio": 0.0805978898,
    "incomeTaxExpense": 5700000,
    "netIncome": 21800000,
    "netIncomeRatio": 0.0638921454,
    "eps": 0.37,
    "epsdiluted": 0.37,
    "weightedAverageShsOut": 58918919,
    "weightedAverageShsOutDil": 58918919,
    "link": "https://www.sec.gov/Archives/edgar/data/48898/000095012301505213/0000950123-01-505213-index.htm",
    "finalLink": "https://www.sec.gov/Archives/edgar/data/48898/000095012301505213/y51959e10-q.txt"
  },
  {
    "date": "2001-03-31",
    "symbol": "HUBB",
    "reportedCurrency": "USD",
    "cik": "0000048898",
    "fillingDate": "2001-05-11",
    "acceptedDate": "2001-05-11 00:00:00",
    "calendarYear": "2001",
    "period": "Q1",
    "revenue": 344100000,
    "costOfRevenue": 243100000,
    "grossProfit": 101000000,
    "grossProfitRatio": 0.2935193258,
    "researchAndDevelopmentExpenses": 0,
    "generalAndAdministrativeExpenses": 0,
    "sellingAndMarketingExpenses": 0,
    "sellingGeneralAndAdministrativeExpenses": 56600000,
    "otherExpenses": 14500000,
    "operatingExpenses": 71100000,
    "costAndExpenses": 314200000,
    "interestIncome": 0,
    "interestExpense": 0,
    "depreciationAndAmortization": 14500000,
    "ebitda": 58900000,
    "ebitdaratio": 0.1711711712,
    "operatingIncome": 29900000,
    "operatingIncomeRatio": 0.086893345,
    "totalOtherIncomeExpensesNet": -1700000,
    "incomeBeforeTax": 28200000,
    "incomeBeforeTaxRatio": 0.0819529207,
    "incomeTaxExpense": 7100000,
    "netIncome": 21100000,
    "netIncomeRatio": 0.0613193839,
    "eps": 0.36,
    "epsdiluted": 0.36,
    "weightedAverageShsOut": 58611111,
    "weightedAverageShsOutDil": 58611111,
    "link": "https://www.sec.gov/Archives/edgar/data/48898/000095012301502254/0000950123-01-502254-index.htm",
    "finalLink": "https://www.sec.gov/Archives/edgar/data/48898/000095012301502254/y48581e10-q.txt"
  },
  {
    "date": "2000-12-31",
    "symbol": "HUBB",
    "reportedCurrency": "USD",
    "cik": "0000048898",
    "fillingDate": "2001-03-27",
    "acceptedDate": "2001-03-27 00:00:00",
    "calendarYear": "2000",
    "period": "Q4",
    "revenue": 346100000,
    "costOfRevenue": 241300000,
    "grossProfit": 104800000,
    "grossProfitRatio": 0.3028026582,
    "researchAndDevelopmentExpenses": 0,
    "generalAndAdministrativeExpenses": 0,
    "sellingAndMarketingExpenses": 0,
    "sellingGeneralAndAdministrativeExpenses": 53500000,
    "otherExpenses": 13600000,
    "operatingExpenses": 67100000,
    "costAndExpenses": 308400000,
    "interestIncome": 0,
    "interestExpense": 0,
    "depreciationAndAmortization": 13600000,
    "ebitda": 51300000,
    "ebitdaratio": 0.1482230569,
    "operatingIncome": 37700000,
    "operatingIncomeRatio": 0.1089280555,
    "totalOtherIncomeExpensesNet": -1900000,
    "incomeBeforeTax": 35800000,
    "incomeBeforeTaxRatio": 0.1034383126,
    "incomeTaxExpense": 7500000,
    "netIncome": 28300000,
    "netIncomeRatio": 0.0817682751,
    "eps": 0.48,
    "epsdiluted": 0.48,
    "weightedAverageShsOut": 58611111,
    "weightedAverageShsOutDil": 58611111,
    "link": "https://www.sec.gov/Archives/edgar/data/48898/000095012301002684/0000950123-01-002684-index.htm",
    "finalLink": "https://www.sec.gov/Archives/edgar/data/48898/000095012301002684/y46601e10-k405.txt"
  },
  {
    "date": "2000-09-30",
    "symbol": "HUBB",
    "reportedCurrency": "USD",
    "cik": "0000048898",
    "fillingDate": "2000-11-09",
    "acceptedDate": "2000-11-09 00:00:00",
    "calendarYear": "2000",
    "period": "Q3",
    "revenue": 360800000,
    "costOfRevenue": 246900000,
    "grossProfit": 113900000,
    "grossProfitRatio": 0.3156873614,
    "researchAndDevelopmentExpenses": 0,
    "generalAndAdministrativeExpenses": 0,
    "sellingAndMarketingExpenses": 0,
    "sellingGeneralAndAdministrativeExpenses": 54300000,
    "otherExpenses": 13500000,
    "operatingExpenses": 67800000,
    "costAndExpenses": 314700000,
    "interestIncome": 0,
    "interestExpense": 0,
    "depreciationAndAmortization": 13500000,
    "ebitda": 59600000,
    "ebitdaratio": 0.1651884701,
    "operatingIncome": 46100000,
    "operatingIncomeRatio": 0.1277716186,
    "totalOtherIncomeExpensesNet": -1500000,
    "incomeBeforeTax": 44600000,
    "incomeBeforeTaxRatio": 0.1236141907,
    "incomeTaxExpense": 11600000,
    "netIncome": 33000000,
    "netIncomeRatio": 0.0914634146,
    "eps": 0.55,
    "epsdiluted": 0.55,
    "weightedAverageShsOut": 60000000,
    "weightedAverageShsOutDil": 60000000,
    "link": "https://www.sec.gov/Archives/edgar/data/48898/000095012300010195/0000950123-00-010195-index.htm",
    "finalLink": "https://www.sec.gov/Archives/edgar/data/48898/000095012300010195/y42114e10-q.txt"
  },
  {
    "date": "2000-06-30",
    "symbol": "HUBB",
    "reportedCurrency": "USD",
    "cik": "0000048898",
    "fillingDate": "2000-08-10",
    "acceptedDate": "2000-08-10 00:00:00",
    "calendarYear": "2000",
    "period": "Q2",
    "revenue": 356600000,
    "costOfRevenue": 268900000,
    "grossProfit": 87700000,
    "grossProfitRatio": 0.2459338194,
    "researchAndDevelopmentExpenses": 0,
    "generalAndAdministrativeExpenses": 0,
    "sellingAndMarketingExpenses": 0,
    "sellingGeneralAndAdministrativeExpenses": 54700000,
    "otherExpenses": 13300000,
    "operatingExpenses": 68000000,
    "costAndExpenses": 336900000,
    "interestIncome": 0,
    "interestExpense": 0,
    "depreciationAndAmortization": 13300000,
    "ebitda": 33000000,
    "ebitdaratio": 0.0925406618,
    "operatingIncome": 19700000,
    "operatingIncomeRatio": 0.0552439708,
    "totalOtherIncomeExpensesNet": 36700000,
    "incomeBeforeTax": 56400000,
    "incomeBeforeTaxRatio": 0.1581604038,
    "incomeTaxExpense": 14700000,
    "netIncome": 41700000,
    "netIncomeRatio": 0.1169377454,
    "eps": 0.67,
    "epsdiluted": 0.67,
    "weightedAverageShsOut": 62238806,
    "weightedAverageShsOutDil": 62238806,
    "link": "https://www.sec.gov/Archives/edgar/data/48898/000095012300007379/0000950123-00-007379-index.htm",
    "finalLink": "https://www.sec.gov/Archives/edgar/data/48898/000095012300007379/e10-q.txt"
  },
  {
    "date": "2000-03-31",
    "symbol": "HUBB",
    "reportedCurrency": "USD",
    "cik": "0000048898",
    "fillingDate": "2000-05-12",
    "acceptedDate": "2000-05-12 00:00:00",
    "calendarYear": "2000",
    "period": "Q1",
    "revenue": 360700000,
    "costOfRevenue": 243000000,
    "grossProfit": 117700000,
    "grossProfitRatio": 0.3263099529,
    "researchAndDevelopmentExpenses": 0,
    "generalAndAdministrativeExpenses": 0,
    "sellingAndMarketingExpenses": 0,
    "sellingGeneralAndAdministrativeExpenses": 58600000,
    "otherExpenses": 14500000,
    "operatingExpenses": 73100000,
    "costAndExpenses": 316100000,
    "interestIncome": 0,
    "interestExpense": 0,
    "depreciationAndAmortization": 14500000,
    "ebitda": 59100000,
    "ebitdaratio": 0.1638480732,
    "operatingIncome": 44600000,
    "operatingIncomeRatio": 0.1236484613,
    "totalOtherIncomeExpensesNet": 2800000,
    "incomeBeforeTax": 47400000,
    "incomeBeforeTaxRatio": 0.131411145,
    "incomeTaxExpense": 12300000,
    "netIncome": 35100000,
    "netIncomeRatio": 0.0973107846,
    "eps": 0.55,
    "epsdiluted": 0.55,
    "weightedAverageShsOut": 63818182,
    "weightedAverageShsOutDil": 63818182,
    "link": "https://www.sec.gov/Archives/edgar/data/48898/000095012300004934/0000950123-00-004934-index.html",
    "finalLink": "https://www.sec.gov/Archives/edgar/data/48898/000095012300004934/"
  },
  {
    "date": "1999-12-31",
    "symbol": "HUBB",
    "reportedCurrency": "USD",
    "cik": "0000048898",
    "fillingDate": "2000-03-27",
    "acceptedDate": "2000-03-27 00:00:00",
    "calendarYear": "1999",
    "period": "Q4",
    "revenue": 343300000,
    "costOfRevenue": 239700000,
    "grossProfit": 103600000,
    "grossProfitRatio": 0.3017768715,
    "researchAndDevelopmentExpenses": 0,
    "generalAndAdministrativeExpenses": 0,
    "sellingAndMarketingExpenses": 0,
    "sellingGeneralAndAdministrativeExpenses": 56300000,
    "otherExpenses": 9600000,
    "operatingExpenses": 65900000,
    "costAndExpenses": 305600000,
    "interestIncome": 0,
    "interestExpense": 0,
    "depreciationAndAmortization": 9600000,
    "ebitda": 47300000,
    "ebitdaratio": 0.137780367,
    "operatingIncome": 37700000,
    "operatingIncomeRatio": 0.109816487,
    "totalOtherIncomeExpensesNet": -1000000,
    "incomeBeforeTax": 36700000,
    "incomeBeforeTaxRatio": 0.1069035829,
    "incomeTaxExpense": 9500000,
    "netIncome": 27200000,
    "netIncomeRatio": 0.0792309933,
    "eps": 0.43,
    "epsdiluted": 0.43,
    "weightedAverageShsOut": 63818182,
    "weightedAverageShsOutDil": 63818182,
    "link": "https://www.sec.gov/Archives/edgar/data/48898/000095012300002720/0000950123-00-002720-index.html",
    "finalLink": "https://www.sec.gov/Archives/edgar/data/48898/000095012300002720/"
  },
  {
    "date": "1999-09-30",
    "symbol": "HUBB",
    "reportedCurrency": "USD",
    "cik": "0000048898",
    "fillingDate": "1999-11-12",
    "acceptedDate": "1999-11-12 00:00:00",
    "calendarYear": "1999",
    "period": "Q3",
    "revenue": 372400000,
    "costOfRevenue": 260600000,
    "grossProfit": 111800000,
    "grossProfitRatio": 0.3002148228,
    "researchAndDevelopmentExpenses": 0,
    "generalAndAdministrativeExpenses": 0,
    "sellingAndMarketingExpenses": 0,
    "sellingGeneralAndAdministrativeExpenses": 57200000,
    "otherExpenses": 14400000,
    "operatingExpenses": 71600000,
    "costAndExpenses": 332200000,
    "interestIncome": 0,
    "interestExpense": 0,
    "depreciationAndAmortization": 14400000,
    "ebitda": 54600000,
    "ebitdaratio": 0.1466165414,
    "operatingIncome": 40200000,
    "operatingIncomeRatio": 0.1079484425,
    "totalOtherIncomeExpensesNet": 8200000,
    "incomeBeforeTax": 48400000,
    "incomeBeforeTaxRatio": 0.1299677766,
    "incomeTaxExpense": 12600000,
    "netIncome": 35800000,
    "netIncomeRatio": 0.0961331901,
    "eps": 0.55,
    "epsdiluted": 0.54,
    "weightedAverageShsOut": 65090909,
    "weightedAverageShsOutDil": 66296296,
    "link": "https://www.sec.gov/Archives/edgar/data/48898/000095012399010103/0000950123-99-010103-index.html",
    "finalLink": "https://www.sec.gov/Archives/edgar/data/48898/000095012399010103/"
  },
  {
    "date": "1999-06-30",
    "symbol": "HUBB",
    "reportedCurrency": "USD",
    "cik": "0000048898",
    "fillingDate": "1999-08-11",
    "acceptedDate": "1999-08-11 00:00:00",
    "calendarYear": "1999",
    "period": "Q2",
    "revenue": 368600000,
    "costOfRevenue": 243500000,
    "grossProfit": 125100000,
    "grossProfitRatio": 0.3393922952,
    "researchAndDevelopmentExpenses": 0,
    "generalAndAdministrativeExpenses": 0,
    "sellingAndMarketingExpenses": 0,
    "sellingGeneralAndAdministrativeExpenses": 54600000,
    "otherExpenses": 14600000,
    "operatingExpenses": 69200000,
    "costAndExpenses": 312700000,
    "interestIncome": 0,
    "interestExpense": 0,
    "depreciationAndAmortization": 14600000,
    "ebitda": 70500000,
    "ebitdaratio": 0.1912642431,
    "operatingIncome": 55900000,
    "operatingIncomeRatio": 0.1516549105,
    "totalOtherIncomeExpensesNet": 2400000,
    "incomeBeforeTax": 58300000,
    "incomeBeforeTaxRatio": 0.1581660336,
    "incomeTaxExpense": 15200000,
    "netIncome": 43100000,
    "netIncomeRatio": 0.1169289202,
    "eps": 0.66,
    "epsdiluted": 0.65,
    "weightedAverageShsOut": 65303030,
    "weightedAverageShsOutDil": 66307692,
    "link": "https://www.sec.gov/Archives/edgar/data/48898/000095012399007445/0000950123-99-007445-index.html",
    "finalLink": "https://www.sec.gov/Archives/edgar/data/48898/000095012399007445/"
  },
  {
    "date": "1999-03-31",
    "symbol": "HUBB",
    "reportedCurrency": "USD",
    "cik": "0000048898",
    "fillingDate": "1999-05-14",
    "acceptedDate": "1999-05-14 00:00:00",
    "calendarYear": "1999",
    "period": "Q1",
    "revenue": 367500000,
    "costOfRevenue": 246300000,
    "grossProfit": 121200000,
    "grossProfitRatio": 0.3297959184,
    "researchAndDevelopmentExpenses": 0,
    "generalAndAdministrativeExpenses": 0,
    "sellingAndMarketingExpenses": 0,
    "sellingGeneralAndAdministrativeExpenses": 55200000,
    "otherExpenses": 14200000,
    "operatingExpenses": 69400000,
    "costAndExpenses": 315700000,
    "interestIncome": 0,
    "interestExpense": 0,
    "depreciationAndAmortization": 14200000,
    "ebitda": 66000000,
    "ebitdaratio": 0.1795918367,
    "operatingIncome": 51800000,
    "operatingIncomeRatio": 0.140952381,
    "totalOtherIncomeExpensesNet": 1800000,
    "incomeBeforeTax": 53600000,
    "incomeBeforeTaxRatio": 0.1458503401,
    "incomeTaxExpense": 13900000,
    "netIncome": 39700000,
    "netIncomeRatio": 0.1080272109,
    "eps": 0.61,
    "epsdiluted": 0.6,
    "weightedAverageShsOut": 65081967,
    "weightedAverageShsOutDil": 66166667,
    "link": "https://www.sec.gov/Archives/edgar/data/48898/000095012399004696/0000950123-99-004696-index.html",
    "finalLink": "https://www.sec.gov/Archives/edgar/data/48898/"
  },
  {
    "date": "1998-12-31",
    "symbol": "HUBB",
    "reportedCurrency": "USD",
    "cik": "0000048898",
    "fillingDate": "1999-03-24",
    "acceptedDate": "1999-03-24 00:00:00",
    "calendarYear": "1998",
    "period": "Q4",
    "revenue": 350800000,
    "costOfRevenue": 234300000,
    "grossProfit": 116500000,
    "grossProfitRatio": 0.3320980616,
    "researchAndDevelopmentExpenses": 0,
    "generalAndAdministrativeExpenses": 0,
    "sellingAndMarketingExpenses": 0,
    "sellingGeneralAndAdministrativeExpenses": 51300000,
    "otherExpenses": 10000000,
    "operatingExpenses": 61300000,
    "costAndExpenses": 295600000,
    "interestIncome": 0,
    "interestExpense": 0,
    "depreciationAndAmortization": 10000000,
    "ebitda": 65200000,
    "ebitdaratio": 0.1858608894,
    "operatingIncome": 55200000,
    "operatingIncomeRatio": 0.157354618,
    "totalOtherIncomeExpensesNet": 1100000,
    "incomeBeforeTax": 56300000,
    "incomeBeforeTaxRatio": 0.1604903079,
    "incomeTaxExpense": 14100000,
    "netIncome": 42200000,
    "netIncomeRatio": 0.1202964652,
    "eps": 0.65,
    "epsdiluted": 0.65,
    "weightedAverageShsOut": 65081967,
    "weightedAverageShsOutDil": 65081967,
    "link": "https://www.sec.gov/Archives/edgar/data/48898/000095012399002453/0000950123-99-002453-index.html",
    "finalLink": "https://www.sec.gov/Archives/edgar/data/48898/"
  },
  {
    "date": "1998-09-30",
    "symbol": "HUBB",
    "reportedCurrency": "USD",
    "cik": "0000048898",
    "fillingDate": "1998-11-16",
    "acceptedDate": "1998-11-16 00:00:00",
    "calendarYear": "1998",
    "period": "Q3",
    "revenue": 361600000,
    "costOfRevenue": 238500000,
    "grossProfit": 123100000,
    "grossProfitRatio": 0.3404314159,
    "researchAndDevelopmentExpenses": 0,
    "generalAndAdministrativeExpenses": 0,
    "sellingAndMarketingExpenses": 0,
    "sellingGeneralAndAdministrativeExpenses": 53300000,
    "otherExpenses": 12200000,
    "operatingExpenses": 65500000,
    "costAndExpenses": 304000000,
    "interestIncome": 0,
    "interestExpense": 0,
    "depreciationAndAmortization": 12200000,
    "ebitda": 69800000,
    "ebitdaratio": 0.1930309735,
    "operatingIncome": 57600000,
    "operatingIncomeRatio": 0.1592920354,
    "totalOtherIncomeExpensesNet": 800000,
    "incomeBeforeTax": 58400000,
    "incomeBeforeTaxRatio": 0.1615044248,
    "incomeTaxExpense": 15200000,
    "netIncome": 43200000,
    "netIncomeRatio": 0.1194690265,
    "eps": 0.66,
    "epsdiluted": 0.64,
    "weightedAverageShsOut": 65454545,
    "weightedAverageShsOutDil": 67500000,
    "link": "https://www.sec.gov/Archives/edgar/data/48898/000095012398009961/0000950123-98-009961-index.html",
    "finalLink": "https://www.sec.gov/Archives/edgar/data/48898/"
  },
  {
    "date": "1998-06-30",
    "symbol": "HUBB",
    "reportedCurrency": "USD",
    "cik": "0000048898",
    "fillingDate": "1998-08-07",
    "acceptedDate": "1998-08-07 00:00:00",
    "calendarYear": "1998",
    "period": "Q2",
    "revenue": 372500000,
    "costOfRevenue": 242900000,
    "grossProfit": 129600000,
    "grossProfitRatio": 0.3479194631,
    "researchAndDevelopmentExpenses": 0,
    "generalAndAdministrativeExpenses": 0,
    "sellingAndMarketingExpenses": 0,
    "sellingGeneralAndAdministrativeExpenses": 56200000,
    "otherExpenses": 13200000,
    "operatingExpenses": 69400000,
    "costAndExpenses": 312300000,
    "interestIncome": 0,
    "interestExpense": 0,
    "depreciationAndAmortization": 13200000,
    "ebitda": 73400000,
    "ebitdaratio": 0.1970469799,
    "operatingIncome": 60200000,
    "operatingIncomeRatio": 0.1616107383,
    "totalOtherIncomeExpensesNet": 600000,
    "incomeBeforeTax": 60800000,
    "incomeBeforeTaxRatio": 0.1632214765,
    "incomeTaxExpense": 16700000,
    "netIncome": 44100000,
    "netIncomeRatio": 0.1183892617,
    "eps": 0.67,
    "epsdiluted": 0.65,
    "weightedAverageShsOut": 65820896,
    "weightedAverageShsOutDil": 67846154,
    "link": "https://www.sec.gov/Archives/edgar/data/48898/000095012398007248/0000950123-98-007248-index.html",
    "finalLink": "https://www.sec.gov/Archives/edgar/data/48898/"
  },
  {
    "date": "1998-03-31",
    "symbol": "HUBB",
    "reportedCurrency": "USD",
    "cik": "0000048898",
    "fillingDate": "1998-05-11",
    "acceptedDate": "1998-05-11 00:00:00",
    "calendarYear": "1998",
    "period": "Q1",
    "revenue": 339700000,
    "costOfRevenue": 222600000,
    "grossProfit": 117100000,
    "grossProfitRatio": 0.3447159258,
    "researchAndDevelopmentExpenses": 0,
    "generalAndAdministrativeExpenses": 0,
    "sellingAndMarketingExpenses": 0,
    "sellingGeneralAndAdministrativeExpenses": 51300000,
    "otherExpenses": 12700000,
    "operatingExpenses": 64000000,
    "costAndExpenses": 286600000,
    "interestIncome": 0,
    "interestExpense": 0,
    "depreciationAndAmortization": 12700000,
    "ebitda": 65800000,
    "ebitdaratio": 0.1937003238,
    "operatingIncome": 53100000,
    "operatingIncomeRatio": 0.1563143951,
    "totalOtherIncomeExpensesNet": 1900000,
    "incomeBeforeTax": 55000000,
    "incomeBeforeTaxRatio": 0.1619075655,
    "incomeTaxExpense": 15100000,
    "netIncome": 39900000,
    "netIncomeRatio": 0.1174565793,
    "eps": 0.6,
    "epsdiluted": 0.58,
    "weightedAverageShsOut": 66500000,
    "weightedAverageShsOutDil": 68793103,
    "link": "https://www.sec.gov/Archives/edgar/data/48898/000095012398004774/0000950123-98-004774-index.html",
    "finalLink": "https://www.sec.gov/Archives/edgar/data/48898/"
  },
  {
    "date": "1997-12-31",
    "symbol": "HUBB",
    "reportedCurrency": "USD",
    "cik": "0000048898",
    "fillingDate": "1998-03-25",
    "acceptedDate": "1998-03-25 00:00:00",
    "calendarYear": "1997",
    "period": "Q4",
    "revenue": 349400000,
    "costOfRevenue": 231700000,
    "grossProfit": 117700000,
    "grossProfitRatio": 0.336863194,
    "researchAndDevelopmentExpenses": 0,
    "generalAndAdministrativeExpenses": 0,
    "sellingAndMarketingExpenses": 0,
    "sellingGeneralAndAdministrativeExpenses": 51900000,
    "otherExpenses": 6600000,
    "operatingExpenses": 58500000,
    "costAndExpenses": 290200000,
    "interestIncome": 0,
    "interestExpense": 0,
    "depreciationAndAmortization": 6600000,
    "ebitda": 65800000,
    "ebitdaratio": 0.1883228392,
    "operatingIncome": 59200000,
    "operatingIncomeRatio": 0.1694333143,
    "totalOtherIncomeExpensesNet": -49600000,
    "incomeBeforeTax": 9600000,
    "incomeBeforeTaxRatio": 0.0274756726,
    "incomeTaxExpense": -1300000,
    "netIncome": 10900000,
    "netIncomeRatio": 0.0311963366,
    "eps": 0.16,
    "epsdiluted": 0.16,
    "weightedAverageShsOut": 66500000,
    "weightedAverageShsOutDil": 66500000,
    "link": "https://www.sec.gov/Archives/edgar/data/48898/000095012398002876/0000950123-98-002876-index.html",
    "finalLink": "https://www.sec.gov/Archives/edgar/data/48898/"
  },
  {
    "date": "1997-09-30",
    "symbol": "HUBB",
    "reportedCurrency": "USD",
    "cik": "0000048898",
    "fillingDate": "1997-11-05",
    "acceptedDate": "1997-11-05 00:00:00",
    "calendarYear": "1997",
    "period": "Q3",
    "revenue": 351800000,
    "costOfRevenue": 232100000,
    "grossProfit": 119700000,
    "grossProfitRatio": 0.3402501421,
    "researchAndDevelopmentExpenses": 0,
    "generalAndAdministrativeExpenses": 0,
    "sellingAndMarketingExpenses": 0,
    "sellingGeneralAndAdministrativeExpenses": 51100000,
    "otherExpenses": 11600000,
    "operatingExpenses": 62700000,
    "costAndExpenses": 294800000,
    "interestIncome": 0,
    "interestExpense": 0,
    "depreciationAndAmortization": 11600000,
    "ebitda": 68600000,
    "ebitdaratio": 0.1949971575,
    "operatingIncome": 57000000,
    "operatingIncomeRatio": 0.1620238772,
    "totalOtherIncomeExpensesNet": 2600000,
    "incomeBeforeTax": 59600000,
    "incomeBeforeTaxRatio": 0.16941444,
    "incomeTaxExpense": 17900000,
    "netIncome": 41700000,
    "netIncomeRatio": 0.1185332575,
    "eps": 0.62,
    "epsdiluted": 0.6,
    "weightedAverageShsOut": 67258065,
    "weightedAverageShsOutDil": 69500000,
    "link": "https://www.sec.gov/Archives/edgar/data/48898/000095012397009150/0000950123-97-009150-index.html",
    "finalLink": "https://www.sec.gov/Archives/edgar/data/48898/"
  },
  {
    "date": "1997-06-30",
    "symbol": "HUBB",
    "reportedCurrency": "USD",
    "cik": "0000048898",
    "fillingDate": "1997-08-08",
    "acceptedDate": "1997-08-08 00:00:00",
    "calendarYear": "1997",
    "period": "Q2",
    "revenue": 352900000,
    "costOfRevenue": 228400000,
    "grossProfit": 124500000,
    "grossProfitRatio": 0.352791159,
    "researchAndDevelopmentExpenses": 0,
    "generalAndAdministrativeExpenses": 0,
    "sellingAndMarketingExpenses": 0,
    "sellingGeneralAndAdministrativeExpenses": 53700000,
    "otherExpenses": 13300000,
    "operatingExpenses": 67000000,
    "costAndExpenses": 295400000,
    "interestIncome": 0,
    "interestExpense": 0,
    "depreciationAndAmortization": 13300000,
    "ebitda": 70800000,
    "ebitdaratio": 0.2006234061,
    "operatingIncome": 57500000,
    "operatingIncomeRatio": 0.1629356758,
    "totalOtherIncomeExpensesNet": 1600000,
    "incomeBeforeTax": 59100000,
    "incomeBeforeTaxRatio": 0.1674695381,
    "incomeTaxExpense": 17700000,
    "netIncome": 41400000,
    "netIncomeRatio": 0.1173136866,
    "eps": 0.62,
    "epsdiluted": 0.6,
    "weightedAverageShsOut": 66774194,
    "weightedAverageShsOutDil": 69000000,
    "link": "https://www.sec.gov/Archives/edgar/data/48898/000095012397006568/0000950123-97-006568-index.html",
    "finalLink": "https://www.sec.gov/Archives/edgar/data/48898/"
  },
  {
    "date": "1997-03-31",
    "symbol": "HUBB",
    "reportedCurrency": "USD",
    "cik": "0000048898",
    "fillingDate": "1997-05-13",
    "acceptedDate": "1997-05-13 00:00:00",
    "calendarYear": "1997",
    "period": "Q1",
    "revenue": 324700000,
    "costOfRevenue": 212900000,
    "grossProfit": 111800000,
    "grossProfitRatio": 0.3443178318,
    "researchAndDevelopmentExpenses": 0,
    "generalAndAdministrativeExpenses": 0,
    "sellingAndMarketingExpenses": 0,
    "sellingGeneralAndAdministrativeExpenses": 50100000,
    "otherExpenses": 11700000,
    "operatingExpenses": 61800000,
    "costAndExpenses": 274700000,
    "interestIncome": 0,
    "interestExpense": 0,
    "depreciationAndAmortization": 11700000,
    "ebitda": 61700000,
    "ebitdaratio": 0.1900215584,
    "operatingIncome": 50000000,
    "operatingIncomeRatio": 0.1539882969,
    "totalOtherIncomeExpensesNet": 1900000,
    "incomeBeforeTax": 51900000,
    "incomeBeforeTaxRatio": 0.1598398522,
    "incomeTaxExpense": 15600000,
    "netIncome": 36300000,
    "netIncomeRatio": 0.1117955035,
    "eps": 0.54,
    "epsdiluted": 0.53,
    "weightedAverageShsOut": 67222222,
    "weightedAverageShsOutDil": 68490566,
    "link": "https://www.sec.gov/Archives/edgar/data/48898/000095012397004212/0000950123-97-004212-index.html",
    "finalLink": "https://www.sec.gov/Archives/edgar/data/48898/"
  },
  {
    "date": "1996-12-31",
    "symbol": "HUBB",
    "reportedCurrency": "USD",
    "cik": "0000048898",
    "fillingDate": "1997-03-27",
    "acceptedDate": "1997-03-27 00:00:00",
    "calendarYear": "1996",
    "period": "Q4",
    "revenue": 331100000,
    "costOfRevenue": 221200000,
    "grossProfit": 109900000,
    "grossProfitRatio": 0.3319238901,
    "researchAndDevelopmentExpenses": 0,
    "generalAndAdministrativeExpenses": 0,
    "sellingAndMarketingExpenses": 0,
    "sellingGeneralAndAdministrativeExpenses": 51200000,
    "otherExpenses": 6500000,
    "operatingExpenses": 57700000,
    "costAndExpenses": 278900000,
    "interestIncome": 0,
    "interestExpense": 0,
    "depreciationAndAmortization": 6500000,
    "ebitda": 58700000,
    "ebitdaratio": 0.1772878285,
    "operatingIncome": 52200000,
    "operatingIncomeRatio": 0.1576562972,
    "totalOtherIncomeExpensesNet": 100000,
    "incomeBeforeTax": 52300000,
    "incomeBeforeTaxRatio": 0.1579583207,
    "incomeTaxExpense": 15200000,
    "netIncome": 37100000,
    "netIncomeRatio": 0.11205074,
    "eps": 0.55,
    "epsdiluted": 0.55,
    "weightedAverageShsOut": 67222222,
    "weightedAverageShsOutDil": 67222222,
    "link": "https://www.sec.gov/Archives/edgar/data/48898/000095012397002551/0000950123-97-002551-index.html",
    "finalLink": "https://www.sec.gov/Archives/edgar/data/48898/"
  },
  {
    "date": "1996-09-30",
    "symbol": "HUBB",
    "reportedCurrency": "USD",
    "cik": "0000048898",
    "fillingDate": "1996-11-07",
    "acceptedDate": "1996-11-07 00:00:00",
    "calendarYear": "1996",
    "period": "Q3",
    "revenue": 332800000,
    "costOfRevenue": 222100000,
    "grossProfit": 110700000,
    "grossProfitRatio": 0.3326322115,
    "researchAndDevelopmentExpenses": 0,
    "generalAndAdministrativeExpenses": 0,
    "sellingAndMarketingExpenses": 0,
    "sellingGeneralAndAdministrativeExpenses": 48500000,
    "otherExpenses": 10900000,
    "operatingExpenses": 59400000,
    "costAndExpenses": 281500000,
    "interestIncome": 0,
    "interestExpense": 0,
    "depreciationAndAmortization": 10900000,
    "ebitda": 62200000,
    "ebitdaratio": 0.1868990385,
    "operatingIncome": 51300000,
    "operatingIncomeRatio": 0.1541466346,
    "totalOtherIncomeExpensesNet": 800000,
    "incomeBeforeTax": 52100000,
    "incomeBeforeTaxRatio": 0.1565504808,
    "incomeTaxExpense": 15100000,
    "netIncome": 37000000,
    "netIncomeRatio": 0.1111778846,
    "eps": 0.56,
    "epsdiluted": 0.55,
    "weightedAverageShsOut": 66071429,
    "weightedAverageShsOutDil": 67272727,
    "link": "https://www.sec.gov/Archives/edgar/data/48898/000095012396006270/0000950123-96-006270-index.html",
    "finalLink": "https://www.sec.gov/Archives/edgar/data/48898/"
  },
  {
    "date": "1996-06-30",
    "symbol": "HUBB",
    "reportedCurrency": "USD",
    "cik": "0000048898",
    "fillingDate": "1996-08-12",
    "acceptedDate": "1996-08-12 00:00:00",
    "calendarYear": "1996",
    "period": "Q2",
    "revenue": 328900000,
    "costOfRevenue": 218800000,
    "grossProfit": 110100000,
    "grossProfitRatio": 0.3347522043,
    "researchAndDevelopmentExpenses": 0,
    "generalAndAdministrativeExpenses": 0,
    "sellingAndMarketingExpenses": 0,
    "sellingGeneralAndAdministrativeExpenses": 48700000,
    "otherExpenses": 11100000,
    "operatingExpenses": 59800000,
    "costAndExpenses": 278600000,
    "interestIncome": 0,
    "interestExpense": 0,
    "depreciationAndAmortization": 11100000,
    "ebitda": 61400000,
    "ebitdaratio": 0.1866828823,
    "operatingIncome": 50300000,
    "operatingIncomeRatio": 0.1529340225,
    "totalOtherIncomeExpensesNet": 0,
    "incomeBeforeTax": 50300000,
    "incomeBeforeTaxRatio": 0.1529340225,
    "incomeTaxExpense": 14600000,
    "netIncome": 35700000,
    "netIncomeRatio": 0.1085436303,
    "eps": 0.28,
    "epsdiluted": 0.27,
    "weightedAverageShsOut": 65946000,
    "weightedAverageShsOutDil": 65946000,
    "link": "https://www.sec.gov/Archives/edgar/data/48898/000095012396004295/0000950123-96-004295-index.html",
    "finalLink": "https://www.sec.gov/Archives/edgar/data/48898/"
  },
  {
    "date": "1996-03-31",
    "symbol": "HUBB",
    "reportedCurrency": "USD",
    "cik": "0000048898",
    "fillingDate": "1996-05-14",
    "acceptedDate": "1996-05-14 00:00:00",
    "calendarYear": "1996",
    "period": "Q1",
    "revenue": 304600000,
    "costOfRevenue": 207500000,
    "grossProfit": 97100000,
    "grossProfitRatio": 0.3187787262,
    "researchAndDevelopmentExpenses": 0,
    "generalAndAdministrativeExpenses": 0,
    "sellingAndMarketingExpenses": 0,
    "sellingGeneralAndAdministrativeExpenses": 42500000,
    "otherExpenses": 10800000,
    "operatingExpenses": 53300000,
    "costAndExpenses": 260800000,
    "interestIncome": 0,
    "interestExpense": 0,
    "depreciationAndAmortization": 10800000,
    "ebitda": 54600000,
    "ebitdaratio": 0.1792514773,
    "operatingIncome": 43800000,
    "operatingIncomeRatio": 0.1437951412,
    "totalOtherIncomeExpensesNet": 800000,
    "incomeBeforeTax": 44600000,
    "incomeBeforeTaxRatio": 0.1464215364,
    "incomeTaxExpense": 12900000,
    "netIncome": 31700000,
    "netIncomeRatio": 0.1040709127,
    "eps": 0.24,
    "epsdiluted": 0.24,
    "weightedAverageShsOut": 65928000,
    "weightedAverageShsOutDil": 65928000,
    "link": "https://www.sec.gov/Archives/edgar/data/48898/000095012396002301/0000950123-96-002301-index.html",
    "finalLink": "https://www.sec.gov/Archives/edgar/data/48898/"
  },
  {
    "date": "1995-12-31",
    "symbol": "HUBB",
    "reportedCurrency": "USD",
    "cik": "0000048898",
    "fillingDate": "1996-03-27",
    "acceptedDate": "1996-03-27 00:00:00",
    "calendarYear": "1995",
    "period": "Q4",
    "revenue": 282700000,
    "costOfRevenue": 187400000,
    "grossProfit": 95300000,
    "grossProfitRatio": 0.3371064733,
    "researchAndDevelopmentExpenses": 0,
    "generalAndAdministrativeExpenses": 0,
    "sellingAndMarketingExpenses": 0,
    "sellingGeneralAndAdministrativeExpenses": 46200000,
    "otherExpenses": 6300000,
    "operatingExpenses": 52500000,
    "costAndExpenses": 239900000,
    "interestIncome": 0,
    "interestExpense": 0,
    "depreciationAndAmortization": 6300000,
    "ebitda": 49100000,
    "ebitdaratio": 0.1736823488,
    "operatingIncome": 42800000,
    "operatingIncomeRatio": 0.1513972409,
    "totalOtherIncomeExpensesNet": 600000,
    "incomeBeforeTax": 43400000,
    "incomeBeforeTaxRatio": 0.1535196321,
    "incomeTaxExpense": 11700000,
    "netIncome": 31700000,
    "netIncomeRatio": 0.1121330032,
    "eps": 0.48,
    "epsdiluted": 0.48,
    "weightedAverageShsOut": 65852000,
    "weightedAverageShsOutDil": 65928000,
    "link": "https://www.sec.gov/Archives/edgar/data/48898/000095012396001346/0000950123-96-001346-index.html",
    "finalLink": "https://www.sec.gov/Archives/edgar/data/48898/"
  },
  {
    "date": "1995-09-30",
    "symbol": "HUBB",
    "reportedCurrency": "USD",
    "cik": "0000048898",
    "fillingDate": "1995-11-13",
    "acceptedDate": "1995-11-13 00:00:00",
    "calendarYear": "1995",
    "period": "Q3",
    "revenue": 287000000,
    "costOfRevenue": 190800000,
    "grossProfit": 96200000,
    "grossProfitRatio": 0.3351916376,
    "researchAndDevelopmentExpenses": 0,
    "generalAndAdministrativeExpenses": 0,
    "sellingAndMarketingExpenses": 0,
    "sellingGeneralAndAdministrativeExpenses": 43400000,
    "otherExpenses": 9800000,
    "operatingExpenses": 53200000,
    "costAndExpenses": 244000000,
    "interestIncome": 0,
    "interestExpense": 0,
    "depreciationAndAmortization": 9800000,
    "ebitda": 52800000,
    "ebitdaratio": 0.1839721254,
    "operatingIncome": 43000000,
    "operatingIncomeRatio": 0.149825784,
    "totalOtherIncomeExpensesNet": 400000,
    "incomeBeforeTax": 43400000,
    "incomeBeforeTaxRatio": 0.1512195122,
    "incomeTaxExpense": 11700000,
    "netIncome": 31700000,
    "netIncomeRatio": 0.1104529617,
    "eps": 0.24,
    "epsdiluted": 0.24,
    "weightedAverageShsOut": 65822000,
    "weightedAverageShsOutDil": 65822000,
    "link": "https://www.sec.gov/Archives/edgar/data/48898/000095012395003262/0000950123-95-003262-index.html",
    "finalLink": "https://www.sec.gov/Archives/edgar/data/48898/"
  }
]