[
  {
    "date": "2024-12-31",
    "symbol": "HUBB",
    "reportedCurrency": "USD",
    "cik": "0000048898",
    "fillingDate": "2025-02-13",
    "acceptedDate": "2025-02-13 08:19:23",
    "calendarYear": "2024",
    "period": "FY",
    "revenue": 5628500000,
    "costOfRevenue": 3724400000,
    "grossProfit": 1904100000,
    "grossProfitRatio": 0.3382961713,
    "researchAndDevelopmentExpenses": 0,
    "generalAndAdministrativeExpenses": 0,
    "sellingAndMarketingExpenses": 0,
    "sellingGeneralAndAdministrativeExpenses": 812500000,
    "otherExpenses": 0,
    "operatingExpenses": 812500000,
    "costAndExpenses": 4536900000,
    "interestIncome": 0,
    "interestExpense": 73800000,
    "depreciationAndAmortization": 212100000,
    "ebitda": 1291200000,
    "ebitdaratio": 0.2294039264,
    "operatingIncome": 1091600000,
    "operatingIncomeRatio": 0.1939415475,
    "totalOtherIncomeExpensesNet": -86300000,
    "incomeBeforeTax": 1005300000,
    "incomeBeforeTaxRatio": 0.1786088656,
    "incomeTaxExpense": 221800000,
    "netIncome": 777800000,
    "netIncomeRatio": 0.1381895709,
    "eps": 14.46,
    "epsdiluted": 14.37,
    "weightedAverageShsOut": 54000000,
    "weightedAverageShsOutDil": 54000000,
    "link": "https://www.sec.gov/Archives/edgar/data/48898/000162828025005311/0001628280-25-005311-index.htm",
    "finalLink": "https://www.sec.gov/Archives/edgar/data/48898/000162828025005311/hubb-20241231.htm"
  },
  {
    "date": "2023-12-31",
    "symbol": "HUBB",
    "reportedCurrency": "USD",
    "cik": "0000048898",
    "fillingDate": "2024-02-08",
    "acceptedDate": "2024-02-08 08:15:27",
    "calendarYear": "2023",
    "period": "FY",
    "revenue": 5372900000,
    "costOfRevenue": 3484800000,
    "grossProfit": 1888100000,
    "grossProfitRatio": 0.3514117143,
    "researchAndDevelopmentExpenses": 0,
    "generalAndAdministrativeExpenses": 849600000,
    "sellingAndMarketingExpenses": 0,
    "sellingGeneralAndAdministrativeExpenses": 849600000,
    "otherExpenses": 0,
    "operatingExpenses": 849600000,
    "costAndExpenses": 4334400000,
    "interestIncome": 0,
    "interestExpense": 36700000,
    "depreciationAndAmortization": 149700000,
    "ebitda": 1169700000,
    "ebitdaratio": 0.217703661,
    "operatingIncome": 1038500000,
    "operatingIncomeRatio": 0.1932848183,
    "totalOtherIncomeExpensesNet": -55200000,
    "incomeBeforeTax": 983300000,
    "incomeBeforeTaxRatio": 0.1830110369,
    "incomeTaxExpense": 217300000,
    "netIncome": 759800000,
    "netIncomeRatio": 0.1414133894,
    "eps": 14.14,
    "epsdiluted": 14.04,
    "weightedAverageShsOut": 53600000,
    "weightedAverageShsOutDil": 54000000,
    "link": "https://www.sec.gov/Archives/edgar/data/48898/000162828024003792/0001628280-24-003792-index.htm",
    "finalLink": "https://www.sec.gov/Archives/edgar/data/48898/000162828024003792/hubb-20231231.htm"
  },
  {
    "date": "2022-12-31",
    "symbol": "HUBB",
    "reportedCurrency": "USD",
    "cik": "0000048898",
    "fillingDate": "2023-02-09",
    "acceptedDate": "2023-02-09 08:21:14",
    "calendarYear": "2022",
    "period": "FY",
    "revenue": 4947900000,
    "costOfRevenue": 3476300000,
    "grossProfit": 1471600000,
    "grossProfitRatio": 0.2974191071,
    "researchAndDevelopmentExpenses": 0,
    "generalAndAdministrativeExpenses": 769500000,
    "sellingAndMarketingExpenses": -7000000,
    "sellingGeneralAndAdministrativeExpenses": 762500000,
    "otherExpenses": 0,
    "operatingExpenses": 762500000,
    "costAndExpenses": 4238800000,
    "interestIncome": 0,
    "interestExpense": 49600000,
    "depreciationAndAmortization": 148500000,
    "ebitda": 855100000,
    "ebitdaratio": 0.1728207927,
    "operatingIncome": 709100000,
    "operatingIncomeRatio": 0.1433133248,
    "totalOtherIncomeExpensesNet": -52100000,
    "incomeBeforeTax": 657000000,
    "incomeBeforeTaxRatio": 0.1327836052,
    "incomeTaxExpense": 140200000,
    "netIncome": 545900000,
    "netIncomeRatio": 0.1103296348,
    "eps": 9.49,
    "epsdiluted": 9.43,
    "weightedAverageShsOut": 53700000,
    "weightedAverageShsOutDil": 54100000,
    "link": "https://www.sec.gov/Archives/edgar/data/48898/000162828023002875/0001628280-23-002875-index.htm",
    "finalLink": "https://www.sec.gov/Archives/edgar/data/48898/000162828023002875/hubb-20221231.htm"
  },
  {
    "date": "2021-12-31",
    "symbol": "HUBB",
    "reportedCurrency": "USD",
    "cik": "0000048898",
    "fillingDate": "2022-02-11",
    "acceptedDate": "2022-02-11 08:13:07",
    "calendarYear": "2021",
    "period": "FY",
    "revenue": 4194100000,
    "costOfRevenue": 3042600000,
    "grossProfit": 1151500000,
    "grossProfitRatio": 0.2745523473,
    "researchAndDevelopmentExpenses": 0,
    "generalAndAdministrativeExpenses": 619200000,
    "sellingAndMarketingExpenses": 0,
    "sellingGeneralAndAdministrativeExpenses": 619200000,
    "otherExpenses": 0,
    "operatingExpenses": 619200000,
    "costAndExpenses": 3661800000,
    "interestIncome": 0,
    "interestExpense": 54700000,
    "depreciationAndAmortization": 149100000,
    "ebitda": 663100000,
    "ebitdaratio": 0.1581030495,
    "operatingIncome": 532300000,
    "operatingIncomeRatio": 0.1269163825,
    "totalOtherIncomeExpensesNet": -73000000,
    "incomeBeforeTax": 459300000,
    "incomeBeforeTaxRatio": 0.1095109797,
    "incomeTaxExpense": 88200000,
    "netIncome": 399500000,
    "netIncomeRatio": 0.0952528552,
    "eps": 7.34,
    "epsdiluted": 7.28,
    "weightedAverageShsOut": 54300000,
    "weightedAverageShsOutDil": 54700000,
    "link": "https://www.sec.gov/Archives/edgar/data/48898/000162828022002255/0001628280-22-002255-index.htm",
    "finalLink": "https://www.sec.gov/Archives/edgar/data/48898/000162828022002255/hubb-20211231.htm"
  },
  {
    "date": "2020-12-31",
    "symbol": "HUBB",
    "reportedCurrency": "USD",
    "cik": "0000048898",
    "fillingDate": "2021-02-11",
    "acceptedDate": "2021-02-11 08:19:50",
    "calendarYear": "2020",
    "period": "FY",
    "revenue": 3682500000,
    "costOfRevenue": 2596700000,
    "grossProfit": 1085800000,
    "grossProfitRatio": 0.2948540394,
    "researchAndDevelopmentExpenses": 0,
    "generalAndAdministrativeExpenses": 676300000,
    "sellingAndMarketingExpenses": -85000000,
    "sellingGeneralAndAdministrativeExpenses": 591300000,
    "otherExpenses": 0,
    "operatingExpenses": 591300000,
    "costAndExpenses": 3188000000,
    "interestIncome": 0,
    "interestExpense": 60100000,
    "depreciationAndAmortization": 144500000,
    "ebitda": 629100000,
    "ebitdaratio": 0.1708350305,
    "operatingIncome": 494500000,
    "operatingIncomeRatio": 0.1342837746,
    "totalOtherIncomeExpensesNet": -70000000,
    "incomeBeforeTax": 424500000,
    "incomeBeforeTaxRatio": 0.1152749491,
    "incomeTaxExpense": 89800000,
    "netIncome": 351200000,
    "netIncomeRatio": 0.0953699932,
    "eps": 6.46,
    "epsdiluted": 6.42,
    "weightedAverageShsOut": 54200000,
    "weightedAverageShsOutDil": 54500000,
    "link": "https://www.sec.gov/Archives/edgar/data/48898/000162828021001868/0001628280-21-001868-index.htm",
    "finalLink": "https://www.sec.gov/Archives/edgar/data/48898/000162828021001868/hubb-20201231.htm"
  },
  {
    "date": "2019-12-31",
    "symbol": "HUBB",
    "reportedCurrency": "USD",
    "cik": "0000048898",
    "fillingDate": "2020-02-14",
    "acceptedDate": "2020-02-14 08:21:47",
    "calendarYear": "2019",
    "period": "FY",
    "revenue": 3946600000,
    "costOfRevenue": 2775000000,
    "grossProfit": 1171600000,
    "grossProfitRatio": 0.2968631227,
    "researchAndDevelopmentExpenses": 0,
    "generalAndAdministrativeExpenses": 756100000,
    "sellingAndMarketingExpenses": -111200000,
    "sellingGeneralAndAdministrativeExpenses": 644900000,
    "otherExpenses": 0,
    "operatingExpenses": 644900000,
    "costAndExpenses": 3419900000,
    "interestIncome": 0,
    "interestExpense": 68600000,
    "depreciationAndAmortization": 137900000,
    "ebitda": 675700000,
    "ebitdaratio": 0.1712106623,
    "operatingIncome": 526700000,
    "operatingIncomeRatio": 0.1334566462,
    "totalOtherIncomeExpensesNet": -57500000,
    "incomeBeforeTax": 469200000,
    "incomeBeforeTaxRatio": 0.1188871434,
    "incomeTaxExpense": 101200000,
    "netIncome": 361500000,
    "netIncomeRatio": 0.091597831,
    "eps": 7.34,
    "epsdiluted": 7.3,
    "weightedAverageShsOut": 54400000,
    "weightedAverageShsOutDil": 54700000,
    "link": "https://www.sec.gov/Archives/edgar/data/48898/000162828020001557/0001628280-20-001557-index.htm",
    "finalLink": "https://www.sec.gov/Archives/edgar/data/48898/000162828020001557/hubb-20191231x10k.htm"
  },
  {
    "date": "2018-12-31",
    "symbol": "HUBB",
    "reportedCurrency": "USD",
    "cik": "0000048898",
    "fillingDate": "2019-02-15",
    "acceptedDate": "2019-02-15 08:17:12",
    "calendarYear": "2018",
    "period": "FY",
    "revenue": 4481700000,
    "costOfRevenue": 3181300000,
    "grossProfit": 1300400000,
    "grossProfitRatio": 0.2901577526,
    "researchAndDevelopmentExpenses": 0,
    "generalAndAdministrativeExpenses": 743500000,
    "sellingAndMarketingExpenses": 0,
    "sellingGeneralAndAdministrativeExpenses": 743500000,
    "otherExpenses": 0,
    "operatingExpenses": 743500000,
    "costAndExpenses": 3924800000,
    "interestIncome": 0,
    "interestExpense": 72400000,
    "depreciationAndAmortization": 148400000,
    "ebitda": 687800000,
    "ebitdaratio": 0.1534685499,
    "operatingIncome": 556900000,
    "operatingIncomeRatio": 0.1242608831,
    "totalOtherIncomeExpensesNet": -89900000,
    "incomeBeforeTax": 467000000,
    "incomeBeforeTaxRatio": 0.1042015307,
    "incomeTaxExpense": 100900000,
    "netIncome": 360200000,
    "netIncomeRatio": 0.0803712877,
    "eps": 6.6,
    "epsdiluted": 6.56,
    "weightedAverageShsOut": 54600000,
    "weightedAverageShsOutDil": 54900000,
    "link": "https://www.sec.gov/Archives/edgar/data/48898/000162828019001446/0001628280-19-001446-index.htm",
    "finalLink": "https://www.sec.gov/Archives/edgar/data/48898/000162828019001446/hubb-20181231x10k.htm"
  },
  {
    "date": "2017-12-31",
    "symbol": "HUBB",
    "reportedCurrency": "USD",
    "cik": "0000048898",
    "fillingDate": "2018-02-15",
    "acceptedDate": "2018-02-15 08:32:48",
    "calendarYear": "2017",
    "period": "FY",
    "revenue": 3668800000,
    "costOfRevenue": 2513700000,
    "grossProfit": 1155100000,
    "grossProfitRatio": 0.3148440907,
    "researchAndDevelopmentExpenses": 0,
    "generalAndAdministrativeExpenses": 636300000,
    "sellingAndMarketingExpenses": 0,
    "sellingGeneralAndAdministrativeExpenses": 636300000,
    "otherExpenses": 0,
    "operatingExpenses": 636300000,
    "costAndExpenses": 3150000000,
    "interestIncome": 0,
    "interestExpense": 44900000,
    "depreciationAndAmortization": 98200000,
    "ebitda": 586200000,
    "ebitdaratio": 0.1597797645,
    "operatingIncome": 518800000,
    "operatingIncomeRatio": 0.141408635,
    "totalOtherIncomeExpensesNet": -75700000,
    "incomeBeforeTax": 443100000,
    "incomeBeforeTaxRatio": 0.1207751853,
    "incomeTaxExpense": 193200000,
    "netIncome": 243100000,
    "netIncomeRatio": 0.0662614479,
    "eps": 4.42,
    "epsdiluted": 4.39,
    "weightedAverageShsOut": 54800000,
    "weightedAverageShsOutDil": 55100000,
    "link": "https://www.sec.gov/Archives/edgar/data/48898/000162828018001740/0001628280-18-001740-index.htm",
    "finalLink": "https://www.sec.gov/Archives/edgar/data/48898/000162828018001740/hubb-20171231x10k.htm"
  },
  {
    "date": "2016-12-31",
    "symbol": "HUBB",
    "reportedCurrency": "USD",
    "cik": "0000048898",
    "fillingDate": "2017-02-16",
    "acceptedDate": "2017-02-16 08:32:02",
    "calendarYear": "2016",
    "period": "FY",
    "revenue": 3505200000,
    "costOfRevenue": 2400100000,
    "grossProfit": 1105100000,
    "grossProfitRatio": 0.3152744494,
    "researchAndDevelopmentExpenses": 0,
    "generalAndAdministrativeExpenses": 615300000,
    "sellingAndMarketingExpenses": 0,
    "sellingGeneralAndAdministrativeExpenses": 615300000,
    "otherExpenses": 0,
    "operatingExpenses": 615300000,
    "costAndExpenses": 3015400000,
    "interestIncome": 0,
    "interestExpense": 43400000,
    "depreciationAndAmortization": 90900000,
    "ebitda": 564700000,
    "ebitdaratio": 0.1611035034,
    "operatingIncome": 489800000,
    "operatingIncomeRatio": 0.1397352505,
    "totalOtherIncomeExpensesNet": -59400000,
    "incomeBeforeTax": 430400000,
    "incomeBeforeTaxRatio": 0.1227889992,
    "incomeTaxExpense": 132600000,
    "netIncome": 293000000,
    "netIncomeRatio": 0.0835900947,
    "eps": 5.26,
    "epsdiluted": 5.24,
    "weightedAverageShsOut": 55500000,
    "weightedAverageShsOutDil": 55700000,
    "link": "https://www.sec.gov/Archives/edgar/data/48898/000162828017001423/0001628280-17-001423-index.htm",
    "finalLink": "https://www.sec.gov/Archives/edgar/data/48898/000162828017001423/hubb-20161231x10k.htm"
  },
  {
    "date": "2015-12-31",
    "symbol": "HUBB",
    "reportedCurrency": "USD",
    "cik": "0000048898",
    "fillingDate": "2016-02-18",
    "acceptedDate": "2016-02-18 08:35:09",
    "calendarYear": "2015",
    "period": "FY",
    "revenue": 3390400000,
    "costOfRevenue": 2298600000,
    "grossProfit": 1091800000,
    "grossProfitRatio": 0.3220268995,
    "researchAndDevelopmentExpenses": 0,
    "generalAndAdministrativeExpenses": 617200000,
    "sellingAndMarketingExpenses": 0,
    "sellingGeneralAndAdministrativeExpenses": 617200000,
    "otherExpenses": 0,
    "operatingExpenses": 617200000,
    "costAndExpenses": 2915800000,
    "interestIncome": 0,
    "interestExpense": 31000000,
    "depreciationAndAmortization": 85200000,
    "ebitda": 534800000,
    "ebitdaratio": 0.1577394998,
    "operatingIncome": 474600000,
    "operatingIncomeRatio": 0.1399834828,
    "totalOtherIncomeExpensesNet": -56000000,
    "incomeBeforeTax": 418600000,
    "incomeBeforeTaxRatio": 0.1234662577,
    "incomeTaxExpense": 136500000,
    "netIncome": 277300000,
    "netIncomeRatio": 0.0817897593,
    "eps": 4.79,
    "epsdiluted": 4.77,
    "weightedAverageShsOut": 57700000,
    "weightedAverageShsOutDil": 58000000,
    "link": "https://www.sec.gov/Archives/edgar/data/48898/000162828016011342/0001628280-16-011342-index.htm",
    "finalLink": "https://www.sec.gov/Archives/edgar/data/48898/000162828016011342/hubb-20151231x10k.htm"
  },
  {
    "date": "2014-12-31",
    "symbol": "HUBB",
    "reportedCurrency": "USD",
    "cik": "0000048898",
    "fillingDate": "2015-02-19",
    "acceptedDate": "2015-02-19 16:45:24",
    "calendarYear": "2014",
    "period": "FY",
    "revenue": 3359400000,
    "costOfRevenue": 2250400000,
    "grossProfit": 1109000000,
    "grossProfitRatio": 0.3301184735,
    "researchAndDevelopmentExpenses": 0,
    "generalAndAdministrativeExpenses": 591600000,
    "sellingAndMarketingExpenses": 0,
    "sellingGeneralAndAdministrativeExpenses": 591600000,
    "otherExpenses": 0,
    "operatingExpenses": 591600000,
    "costAndExpenses": 2842000000,
    "interestIncome": 0,
    "interestExpense": 31200000,
    "depreciationAndAmortization": 79200000,
    "ebitda": 595900000,
    "ebitdaratio": 0.177382866,
    "operatingIncome": 517400000,
    "operatingIncomeRatio": 0.154015598,
    "totalOtherIncomeExpensesNet": -31900000,
    "incomeBeforeTax": 485500000,
    "incomeBeforeTaxRatio": 0.1445198547,
    "incomeTaxExpense": 158300000,
    "netIncome": 325300000,
    "netIncomeRatio": 0.0968327678,
    "eps": 5.51,
    "epsdiluted": 5.48,
    "weightedAverageShsOut": 58800000,
    "weightedAverageShsOutDil": 59200000,
    "link": "https://www.sec.gov/Archives/edgar/data/48898/000162828015000853/0001628280-15-000853-index.htm",
    "finalLink": "https://www.sec.gov/Archives/edgar/data/48898/000162828015000853/hubb-20141231x10k.htm"
  },
  {
    "date": "2013-12-31",
    "symbol": "HUBB",
    "reportedCurrency": "USD",
    "cik": "0000048898",
    "fillingDate": "2014-02-18",
    "acceptedDate": "2014-02-18 08:28:49",
    "calendarYear": "2013",
    "period": "FY",
    "revenue": 3183900000,
    "costOfRevenue": 2113400000,
    "grossProfit": 1070500000,
    "grossProfitRatio": 0.3362228713,
    "researchAndDevelopmentExpenses": 0,
    "generalAndAdministrativeExpenses": 562900000,
    "sellingAndMarketingExpenses": 0,
    "sellingGeneralAndAdministrativeExpenses": 562900000,
    "otherExpenses": 0,
    "operatingExpenses": 562900000,
    "costAndExpenses": 2676300000,
    "interestIncome": 0,
    "interestExpense": 30800000,
    "depreciationAndAmortization": 70600000,
    "ebitda": 575200000,
    "ebitdaratio": 0.1806589403,
    "operatingIncome": 507600000,
    "operatingIncomeRatio": 0.1594271177,
    "totalOtherIncomeExpensesNet": -33800000,
    "incomeBeforeTax": 473800000,
    "incomeBeforeTaxRatio": 0.1488112064,
    "incomeTaxExpense": 144000000,
    "netIncome": 326500000,
    "netIncomeRatio": 0.1025471906,
    "eps": 5.51,
    "epsdiluted": 5.47,
    "weightedAverageShsOut": 59100000,
    "weightedAverageShsOutDil": 59600000,
    "link": "https://www.sec.gov/Archives/edgar/data/48898/000130817914000038/0001308179-14-000038-index.htm",
    "finalLink": "https://www.sec.gov/Archives/edgar/data/48898/000130817914000038/lhub2014_10k.htm"
  },
  {
    "date": "2012-12-31",
    "symbol": "HUBB",
    "reportedCurrency": "USD",
    "cik": "0000048898",
    "fillingDate": "2013-02-13",
    "acceptedDate": "2013-02-13 16:59:52",
    "calendarYear": "2012",
    "period": "FY",
    "revenue": 3044400000,
    "costOfRevenue": 2032200000,
    "grossProfit": 1012200000,
    "grossProfitRatio": 0.3324793063,
    "researchAndDevelopmentExpenses": 0,
    "generalAndAdministrativeExpenses": 540400000,
    "sellingAndMarketingExpenses": 0,
    "sellingGeneralAndAdministrativeExpenses": 540400000,
    "otherExpenses": 0,
    "operatingExpenses": 540400000,
    "costAndExpenses": 2572600000,
    "interestIncome": 0,
    "interestExpense": 30800000,
    "depreciationAndAmortization": 66800000,
    "ebitda": 539400000,
    "ebitdaratio": 0.177177769,
    "operatingIncome": 471800000,
    "operatingIncomeRatio": 0.1549730653,
    "totalOtherIncomeExpensesNet": -30000000,
    "incomeBeforeTax": 441800000,
    "incomeBeforeTaxRatio": 0.1451189068,
    "incomeTaxExpense": 139700000,
    "netIncome": 299700000,
    "netIncomeRatio": 0.098443043,
    "eps": 5.05,
    "epsdiluted": 5,
    "weightedAverageShsOut": 59100000,
    "weightedAverageShsOutDil": 59800000,
    "link": "https://www.sec.gov/Archives/edgar/data/48898/000130817913000027/0001308179-13-000027-index.htm",
    "finalLink": "https://www.sec.gov/Archives/edgar/data/48898/000130817913000027/lhubbell2012_10k.htm"
  },
  {
    "date": "2011-12-31",
    "symbol": "HUBB",
    "reportedCurrency": "USD",
    "cik": "0000048898",
    "fillingDate": "2012-02-15",
    "acceptedDate": "2012-02-15 17:08:01",
    "calendarYear": "2011",
    "period": "FY",
    "revenue": 2871600000,
    "costOfRevenue": 1947900000,
    "grossProfit": 923700000,
    "grossProfitRatio": 0.3216673631,
    "researchAndDevelopmentExpenses": 0,
    "generalAndAdministrativeExpenses": 499900000,
    "sellingAndMarketingExpenses": 0,
    "sellingGeneralAndAdministrativeExpenses": 499900000,
    "otherExpenses": 0,
    "operatingExpenses": 499900000,
    "costAndExpenses": 2447800000,
    "interestIncome": 0,
    "interestExpense": 30900000,
    "depreciationAndAmortization": 68200000,
    "ebitda": 488900000,
    "ebitdaratio": 0.1702535172,
    "operatingIncome": 423800000,
    "operatingIncomeRatio": 0.1475832289,
    "totalOtherIncomeExpensesNet": -34000000,
    "incomeBeforeTax": 389800000,
    "incomeBeforeTaxRatio": 0.1357431397,
    "incomeTaxExpense": 119600000,
    "netIncome": 267900000,
    "netIncomeRatio": 0.0932929377,
    "eps": 4.47,
    "epsdiluted": 4.42,
    "weightedAverageShsOut": 59700000,
    "weightedAverageShsOutDil": 60400000,
    "link": "https://www.sec.gov/Archives/edgar/data/48898/000130817912000024/0001308179-12-000024-index.htm",
    "finalLink": "https://www.sec.gov/Archives/edgar/data/48898/000130817912000024/lhubbell_10K.htm"
  },
  {
    "date": "2010-12-31",
    "symbol": "HUBB",
    "reportedCurrency": "USD",
    "cik": "0000048898",
    "fillingDate": "2011-02-16",
    "acceptedDate": "2011-02-16 16:41:24",
    "calendarYear": "2010",
    "period": "FY",
    "revenue": 2541200000,
    "costOfRevenue": 1712500000,
    "grossProfit": 828700000,
    "grossProfitRatio": 0.3261057768,
    "researchAndDevelopmentExpenses": 0,
    "generalAndAdministrativeExpenses": 460900000,
    "sellingAndMarketingExpenses": 0,
    "sellingGeneralAndAdministrativeExpenses": 460900000,
    "otherExpenses": 0,
    "operatingExpenses": 460900000,
    "costAndExpenses": 2173400000,
    "interestIncome": 0,
    "interestExpense": 31100000,
    "depreciationAndAmortization": 72500000,
    "ebitda": 424000000,
    "ebitdaratio": 0.1668503069,
    "operatingIncome": 367800000,
    "operatingIncomeRatio": 0.144734771,
    "totalOtherIncomeExpensesNet": -47400000,
    "incomeBeforeTax": 320400000,
    "incomeBeforeTaxRatio": 0.1260821659,
    "incomeTaxExpense": 101600000,
    "netIncome": 217200000,
    "netIncomeRatio": 0.0854714308,
    "eps": 3.61,
    "epsdiluted": 3.59,
    "weightedAverageShsOut": 59900000,
    "weightedAverageShsOutDil": 60300000,
    "link": "https://www.sec.gov/Archives/edgar/data/48898/000095012311014739/0000950123-11-014739-index.htm",
    "finalLink": "https://www.sec.gov/Archives/edgar/data/48898/000095012311014739/y88495ae10vk.htm"
  },
  {
    "date": "2009-12-31",
    "symbol": "HUBB",
    "reportedCurrency": "USD",
    "cik": "0000048898",
    "fillingDate": "2010-02-19",
    "acceptedDate": "2010-02-19 16:13:41",
    "calendarYear": "2009",
    "period": "FY",
    "revenue": 2355600000,
    "costOfRevenue": 1629700000,
    "grossProfit": 725900000,
    "grossProfitRatio": 0.30815928,
    "researchAndDevelopmentExpenses": 0,
    "generalAndAdministrativeExpenses": 0,
    "sellingAndMarketingExpenses": 0,
    "sellingGeneralAndAdministrativeExpenses": 431200000,
    "otherExpenses": 0,
    "operatingExpenses": 431200000,
    "costAndExpenses": 2060900000,
    "interestIncome": 0,
    "interestExpense": 30900000,
    "depreciationAndAmortization": 70600000,
    "ebitda": 363100000,
    "ebitdaratio": 0.1541433181,
    "operatingIncome": 294700000,
    "operatingIncomeRatio": 0.1251061301,
    "totalOtherIncomeExpensesNet": -33100000,
    "incomeBeforeTax": 261600000,
    "incomeBeforeTaxRatio": 0.1110545084,
    "incomeTaxExpense": 80300000,
    "netIncome": 180100000,
    "netIncomeRatio": 0.0764561046,
    "eps": 3.16,
    "epsdiluted": 3.15,
    "weightedAverageShsOut": 57000000,
    "weightedAverageShsOutDil": 57200000,
    "link": "https://www.sec.gov/Archives/edgar/data/48898/000095012310014554/0000950123-10-014554-index.htm",
    "finalLink": "https://www.sec.gov/Archives/edgar/data/48898/000095012310014554/y81632e10vk.htm"
  },
  {
    "date": "2008-12-31",
    "symbol": "HUBB",
    "reportedCurrency": "USD",
    "cik": "0000048898",
    "fillingDate": "2009-02-20",
    "acceptedDate": "2009-02-20 16:11:30",
    "calendarYear": "2008",
    "period": "FY",
    "revenue": 2704400000,
    "costOfRevenue": 1901000000,
    "grossProfit": 803400000,
    "grossProfitRatio": 0.2970714391,
    "researchAndDevelopmentExpenses": 0,
    "generalAndAdministrativeExpenses": 0,
    "sellingAndMarketingExpenses": 0,
    "sellingGeneralAndAdministrativeExpenses": 457400000,
    "otherExpenses": 0,
    "operatingExpenses": 457400000,
    "costAndExpenses": 2358400000,
    "interestIncome": 0,
    "interestExpense": 27400000,
    "depreciationAndAmortization": 63100000,
    "ebitda": 408900000,
    "ebitdaratio": 0.1511980476,
    "operatingIncome": 346000000,
    "operatingIncomeRatio": 0.1279396539,
    "totalOtherIncomeExpensesNet": -27600000,
    "incomeBeforeTax": 318400000,
    "incomeBeforeTaxRatio": 0.117734063,
    "incomeTaxExpense": 95200000,
    "netIncome": 222700000,
    "netIncomeRatio": 0.0823472859,
    "eps": 3.97,
    "epsdiluted": 3.94,
    "weightedAverageShsOut": 56000000,
    "weightedAverageShsOutDil": 56500000,
    "link": "https://www.sec.gov/Archives/edgar/data/48898/000095012309003185/0000950123-09-003185-index.htm",
    "finalLink": "https://www.sec.gov/Archives/edgar/data/48898/000095012309003185/y74678e10vk.htm"
  },
  {
    "date": "2007-12-31",
    "symbol": "HUBB",
    "reportedCurrency": "USD",
    "cik": "0000048898",
    "fillingDate": "2008-02-25",
    "acceptedDate": "2008-02-25 16:42:09",
    "calendarYear": "2007",
    "period": "FY",
    "revenue": 2533900000,
    "costOfRevenue": 1798100000,
    "grossProfit": 735800000,
    "grossProfitRatio": 0.2903824145,
    "researchAndDevelopmentExpenses": 0,
    "generalAndAdministrativeExpenses": 0,
    "sellingAndMarketingExpenses": 0,
    "sellingGeneralAndAdministrativeExpenses": 436400000,
    "otherExpenses": 0,
    "operatingExpenses": 436400000,
    "costAndExpenses": 2234500000,
    "interestIncome": 0,
    "interestExpense": 0,
    "depreciationAndAmortization": 60200000,
    "ebitda": 359600000,
    "ebitdaratio": 0.1419156241,
    "operatingIncome": 299400000,
    "operatingIncomeRatio": 0.1181577805,
    "totalOtherIncomeExpensesNet": -15200000,
    "incomeBeforeTax": 284200000,
    "incomeBeforeTaxRatio": 0.1121591223,
    "incomeTaxExpense": 75900000,
    "netIncome": 208300000,
    "netIncomeRatio": 0.0822052962,
    "eps": 3.54,
    "epsdiluted": 3.5,
    "weightedAverageShsOut": 58800000,
    "weightedAverageShsOutDil": 59500000,
    "link": "https://www.sec.gov/Archives/edgar/data/48898/000095012308002047/0000950123-08-002047-index.htm",
    "finalLink": "https://www.sec.gov/Archives/edgar/data/48898/000095012308002047/y49936e10vk.htm"
  },
  {
    "date": "2006-12-31",
    "symbol": "HUBB",
    "reportedCurrency": "USD",
    "cik": "0000048898",
    "fillingDate": "2007-02-27",
    "acceptedDate": "2007-02-27 17:19:37",
    "calendarYear": "2006",
    "period": "FY",
    "revenue": 2414300000,
    "costOfRevenue": 1757500000,
    "grossProfit": 656800000,
    "grossProfitRatio": 0.2720457275,
    "researchAndDevelopmentExpenses": 0,
    "generalAndAdministrativeExpenses": 0,
    "sellingAndMarketingExpenses": 0,
    "sellingGeneralAndAdministrativeExpenses": 415600000,
    "otherExpenses": 7300000,
    "operatingExpenses": 422900000,
    "costAndExpenses": 2180400000,
    "interestIncome": 0,
    "interestExpense": 0,
    "depreciationAndAmortization": 55400000,
    "ebitda": 289300000,
    "ebitdaratio": 0.1198276933,
    "operatingIncome": 233900000,
    "operatingIncomeRatio": 0.0968810835,
    "totalOtherIncomeExpensesNet": -12400000,
    "incomeBeforeTax": 221500000,
    "incomeBeforeTaxRatio": 0.0917450193,
    "incomeTaxExpense": 63400000,
    "netIncome": 158100000,
    "netIncomeRatio": 0.0654848196,
    "eps": 2.62,
    "epsdiluted": 2.59,
    "weightedAverageShsOut": 60400000,
    "weightedAverageShsOutDil": 61100000,
    "link": "https://www.sec.gov/Archives/edgar/data/48898/000095012307002818/0000950123-07-002818-index.htm",
    "finalLink": "https://www.sec.gov/Archives/edgar/data/48898/000095012307002818/y30584e10vk.htm"
  },
  {
    "date": "2005-12-31",
    "symbol": "HUBB",
    "reportedCurrency": "USD",
    "cik": "0000048898",
    "fillingDate": "2006-03-08",
    "acceptedDate": "2006-03-08 17:11:32",
    "calendarYear": "2005",
    "period": "FY",
    "revenue": 2104900000,
    "costOfRevenue": 1509900000,
    "grossProfit": 595000000,
    "grossProfitRatio": 0.2826737612,
    "researchAndDevelopmentExpenses": 0,
    "generalAndAdministrativeExpenses": 0,
    "sellingAndMarketingExpenses": 0,
    "sellingGeneralAndAdministrativeExpenses": 357900000,
    "otherExpenses": 10300000,
    "operatingExpenses": 368200000,
    "costAndExpenses": 1878100000,
    "interestIncome": 0,
    "interestExpense": 0,
    "depreciationAndAmortization": 50400000,
    "ebitda": 277200000,
    "ebitdaratio": 0.131692717,
    "operatingIncome": 226800000,
    "operatingIncomeRatio": 0.1077485866,
    "totalOtherIncomeExpensesNet": -11100000,
    "incomeBeforeTax": 215700000,
    "incomeBeforeTaxRatio": 0.102475177,
    "incomeTaxExpense": 50600000,
    "netIncome": 165100000,
    "netIncomeRatio": 0.0784360302,
    "eps": 2.71,
    "epsdiluted": 2.67,
    "weightedAverageShsOut": 61000000,
    "weightedAverageShsOutDil": 61800000,
    "link": "https://www.sec.gov/Archives/edgar/data/48898/000095012306002794/0000950123-06-002794-index.htm",
    "finalLink": "https://www.sec.gov/Archives/edgar/data/48898/000095012306002794/y17902e10vk.htm"
  },
  {
    "date": "2004-12-31",
    "symbol": "HUBB",
    "reportedCurrency": "USD",
    "cik": "0000048898",
    "fillingDate": "2005-03-09",
    "acceptedDate": "2005-03-09 16:20:02",
    "calendarYear": "2004",
    "period": "FY",
    "revenue": 1993000000,
    "costOfRevenue": 1431100000,
    "grossProfit": 561900000,
    "grossProfitRatio": 0.2819367787,
    "researchAndDevelopmentExpenses": 0,
    "generalAndAdministrativeExpenses": 0,
    "sellingAndMarketingExpenses": 0,
    "sellingGeneralAndAdministrativeExpenses": 333900000,
    "otherExpenses": 15400000,
    "operatingExpenses": 349300000,
    "costAndExpenses": 1780400000,
    "interestIncome": 0,
    "interestExpense": 0,
    "depreciationAndAmortization": 48900000,
    "ebitda": 261500000,
    "ebitdaratio": 0.1312092323,
    "operatingIncome": 212600000,
    "operatingIncomeRatio": 0.1066733567,
    "totalOtherIncomeExpensesNet": -15300000,
    "incomeBeforeTax": 197300000,
    "incomeBeforeTaxRatio": 0.0989964877,
    "incomeTaxExpense": 42600000,
    "netIncome": 154700000,
    "netIncomeRatio": 0.0776216759,
    "eps": 2.55,
    "epsdiluted": 2.51,
    "weightedAverageShsOut": 60700000,
    "weightedAverageShsOutDil": 61600000,
    "link": "https://www.sec.gov/Archives/edgar/data/48898/000095012305002855/0000950123-05-002855-index.htm",
    "finalLink": "https://www.sec.gov/Archives/edgar/data/48898/000095012305002855/y06125ae10vk.htm"
  },
  {
    "date": "2003-12-31",
    "symbol": "HUBB",
    "reportedCurrency": "USD",
    "cik": "0000048898",
    "fillingDate": "2004-03-05",
    "acceptedDate": "2004-03-05 17:28:34",
    "calendarYear": "2003",
    "period": "FY",
    "revenue": 1770700000,
    "costOfRevenue": 1289200000,
    "grossProfit": 481500000,
    "grossProfitRatio": 0.2719263568,
    "researchAndDevelopmentExpenses": 0,
    "generalAndAdministrativeExpenses": 0,
    "sellingAndMarketingExpenses": 0,
    "sellingGeneralAndAdministrativeExpenses": 303900000,
    "otherExpenses": 5700000,
    "operatingExpenses": 309600000,
    "costAndExpenses": 1598800000,
    "interestIncome": 0,
    "interestExpense": 0,
    "depreciationAndAmortization": 52600000,
    "ebitda": 224500000,
    "ebitdaratio": 0.1267860168,
    "operatingIncome": 171900000,
    "operatingIncomeRatio": 0.0970802507,
    "totalOtherIncomeExpensesNet": -16400000,
    "incomeBeforeTax": 155500000,
    "incomeBeforeTaxRatio": 0.0878183769,
    "incomeTaxExpense": 40400000,
    "netIncome": 115100000,
    "netIncomeRatio": 0.0650025414,
    "eps": 1.91,
    "epsdiluted": 1.91,
    "weightedAverageShsOut": 59555556,
    "weightedAverageShsOutDil": 60100000,
    "link": "https://www.sec.gov/Archives/edgar/data/48898/000095012304002915/0000950123-04-002915-index.htm",
    "finalLink": "https://www.sec.gov/Archives/edgar/data/48898/000095012304002915/y93650e10vk.htm"
  },
  {
    "date": "2002-12-31",
    "symbol": "HUBB",
    "reportedCurrency": "USD",
    "cik": "0000048898",
    "fillingDate": "2003-03-24",
    "acceptedDate": "2003-03-24 09:19:37",
    "calendarYear": "2002",
    "period": "FY",
    "revenue": 1587800000,
    "costOfRevenue": 1178700000,
    "grossProfit": 409100000,
    "grossProfitRatio": 0.2576520972,
    "researchAndDevelopmentExpenses": 0,
    "generalAndAdministrativeExpenses": 0,
    "sellingAndMarketingExpenses": 0,
    "sellingGeneralAndAdministrativeExpenses": 265300000,
    "otherExpenses": 5300000,
    "operatingExpenses": 270600000,
    "costAndExpenses": 1449300000,
    "interestIncome": 0,
    "interestExpense": 0,
    "depreciationAndAmortization": 49800000,
    "ebitda": 188300000,
    "ebitdaratio": 0.1185917622,
    "operatingIncome": 138500000,
    "operatingIncomeRatio": 0.0872276105,
    "totalOtherIncomeExpensesNet": -11500000,
    "incomeBeforeTax": 127000000,
    "incomeBeforeTaxRatio": 0.0799848847,
    "incomeTaxExpense": 18400000,
    "netIncome": 83200000,
    "netIncomeRatio": 0.0523995465,
    "eps": 1.4,
    "epsdiluted": 1.38,
    "weightedAverageShsOut": 59574468,
    "weightedAverageShsOutDil": 59700000,
    "link": "https://www.sec.gov/Archives/edgar/data/48898/000095012303003143/0000950123-03-003143-index.htm",
    "finalLink": "https://www.sec.gov/Archives/edgar/data/48898/000095012303003143/y82446e10vk.htm"
  },
  {
    "date": "2001-12-31",
    "symbol": "HUBB",
    "reportedCurrency": "USD",
    "cik": "0000048898",
    "fillingDate": "2002-03-20",
    "acceptedDate": "2002-03-20 00:00:00",
    "calendarYear": "2001",
    "period": "FY",
    "revenue": 1312200000,
    "costOfRevenue": 998200000,
    "grossProfit": 314000000,
    "grossProfitRatio": 0.2392927907,
    "researchAndDevelopmentExpenses": 0,
    "generalAndAdministrativeExpenses": 0,
    "sellingAndMarketingExpenses": 0,
    "sellingGeneralAndAdministrativeExpenses": 222200000,
    "otherExpenses": 35300000,
    "operatingExpenses": 257500000,
    "costAndExpenses": 1255700000,
    "interestIncome": 0,
    "interestExpense": 0,
    "depreciationAndAmortization": 53000000,
    "ebitda": 109500000,
    "ebitdaratio": 0.0834476452,
    "operatingIncome": 56500000,
    "operatingIncomeRatio": 0.0430574608,
    "totalOtherIncomeExpensesNet": -700000,
    "incomeBeforeTax": 55800000,
    "incomeBeforeTaxRatio": 0.0425240055,
    "incomeTaxExpense": 7500000,
    "netIncome": 48300000,
    "netIncomeRatio": 0.0368084134,
    "eps": 0.83,
    "epsdiluted": 0.82,
    "weightedAverageShsOut": 58192771,
    "weightedAverageShsOutDil": 58900000,
    "link": "https://www.sec.gov/Archives/edgar/data/48898/000095012302002711/0000950123-02-002711-index.htm",
    "finalLink": "https://www.sec.gov/Archives/edgar/data/48898/000095012302002711/y57922e10-k.htm"
  },
  {
    "date": "2000-12-31",
    "symbol": "HUBB",
    "reportedCurrency": "USD",
    "cik": "0000048898",
    "fillingDate": "2001-03-27",
    "acceptedDate": "2001-03-27 00:00:00",
    "calendarYear": "2000",
    "period": "FY",
    "revenue": 1424100000,
    "costOfRevenue": 1000100000,
    "grossProfit": 424000000,
    "grossProfitRatio": 0.2977319008,
    "researchAndDevelopmentExpenses": 0,
    "generalAndAdministrativeExpenses": 0,
    "sellingAndMarketingExpenses": 0,
    "sellingGeneralAndAdministrativeExpenses": 220900000,
    "otherExpenses": 54900000,
    "operatingExpenses": 275800000,
    "costAndExpenses": 1275900000,
    "interestIncome": 0,
    "interestExpense": 0,
    "depreciationAndAmortization": 54900000,
    "ebitda": 203100000,
    "ebitdaratio": 0.1426163893,
    "operatingIncome": 148200000,
    "operatingIncomeRatio": 0.1040657257,
    "totalOtherIncomeExpensesNet": 36100000,
    "incomeBeforeTax": 184300000,
    "incomeBeforeTaxRatio": 0.1294150692,
    "incomeTaxExpense": 46100000,
    "netIncome": 138200000,
    "netIncomeRatio": 0.0970437469,
    "eps": 2.26,
    "epsdiluted": 2.25,
    "weightedAverageShsOut": 61150442,
    "weightedAverageShsOutDil": 61422222,
    "link": "https://www.sec.gov/Archives/edgar/data/48898/000095012301002684/0000950123-01-002684-index.htm",
    "finalLink": "https://www.sec.gov/Archives/edgar/data/48898/000095012301002684/y46601e10-k405.txt"
  },
  {
    "date": "1999-12-31",
    "symbol": "HUBB",
    "reportedCurrency": "USD",
    "cik": "0000048898",
    "fillingDate": "2000-03-27",
    "acceptedDate": "2000-03-27 00:00:00",
    "calendarYear": "1999",
    "period": "FY",
    "revenue": 1451800000,
    "costOfRevenue": 990000000,
    "grossProfit": 461800000,
    "grossProfitRatio": 0.3180878909,
    "researchAndDevelopmentExpenses": 0,
    "generalAndAdministrativeExpenses": 0,
    "sellingAndMarketingExpenses": 0,
    "sellingGeneralAndAdministrativeExpenses": 223400000,
    "otherExpenses": 52800000,
    "operatingExpenses": 276200000,
    "costAndExpenses": 1266200000,
    "interestIncome": 0,
    "interestExpense": 0,
    "depreciationAndAmortization": 52800000,
    "ebitda": 238400000,
    "ebitdaratio": 0.1642099463,
    "operatingIncome": 185600000,
    "operatingIncomeRatio": 0.1278413005,
    "totalOtherIncomeExpensesNet": 11400000,
    "incomeBeforeTax": 197000000,
    "incomeBeforeTaxRatio": 0.1356936217,
    "incomeTaxExpense": 51200000,
    "netIncome": 145800000,
    "netIncomeRatio": 0.1004270561,
    "eps": 2.24,
    "epsdiluted": 2.21,
    "weightedAverageShsOut": 65089286,
    "weightedAverageShsOutDil": 65972851,
    "link": "https://www.sec.gov/Archives/edgar/data/48898/000095012300002720/0000950123-00-002720-index.html",
    "finalLink": "https://www.sec.gov/Archives/edgar/data/48898/000095012300002720/"
  },
  {
    "date": "1998-12-31",
    "symbol": "HUBB",
    "reportedCurrency": "USD",
    "cik": "0000048898",
    "fillingDate": "1999-03-24",
    "acceptedDate": "1999-03-24 00:00:00",
    "calendarYear": "1998",
    "period": "FY",
    "revenue": 1424600000,
    "costOfRevenue": 938300000,
    "grossProfit": 486300000,
    "grossProfitRatio": 0.341358978,
    "researchAndDevelopmentExpenses": 0,
    "generalAndAdministrativeExpenses": 0,
    "sellingAndMarketingExpenses": 0,
    "sellingGeneralAndAdministrativeExpenses": 212100000,
    "otherExpenses": 48100000,
    "operatingExpenses": 260200000,
    "costAndExpenses": 1198500000,
    "interestIncome": 0,
    "interestExpense": 0,
    "depreciationAndAmortization": 48100000,
    "ebitda": 274200000,
    "ebitdaratio": 0.1924750807,
    "operatingIncome": 226100000,
    "operatingIncomeRatio": 0.1587112172,
    "totalOtherIncomeExpensesNet": 4400000,
    "incomeBeforeTax": 230500000,
    "incomeBeforeTaxRatio": 0.1617998035,
    "incomeTaxExpense": 61100000,
    "netIncome": 169400000,
    "netIncomeRatio": 0.1189105714,
    "eps": 2.56,
    "epsdiluted": 2.5,
    "weightedAverageShsOut": 66171875,
    "weightedAverageShsOutDil": 67760000,
    "link": "https://www.sec.gov/Archives/edgar/data/48898/000095012399002453/0000950123-99-002453-index.html",
    "finalLink": "https://www.sec.gov/Archives/edgar/data/48898/"
  },
  {
    "date": "1997-12-31",
    "symbol": "HUBB",
    "reportedCurrency": "USD",
    "cik": "0000048898",
    "fillingDate": "1998-03-25",
    "acceptedDate": "1998-03-25 00:00:00",
    "calendarYear": "1997",
    "period": "FY",
    "revenue": 1378800000,
    "costOfRevenue": 905200000,
    "grossProfit": 473600000,
    "grossProfitRatio": 0.3434870902,
    "researchAndDevelopmentExpenses": 0,
    "generalAndAdministrativeExpenses": 0,
    "sellingAndMarketingExpenses": 0,
    "sellingGeneralAndAdministrativeExpenses": 206800000,
    "otherExpenses": 43200000,
    "operatingExpenses": 250000000,
    "costAndExpenses": 1155200000,
    "interestIncome": 0,
    "interestExpense": 0,
    "depreciationAndAmortization": 43200000,
    "ebitda": 266800000,
    "ebitdaratio": 0.1935015956,
    "operatingIncome": 223600000,
    "operatingIncomeRatio": 0.1621700029,
    "totalOtherIncomeExpensesNet": -43400000,
    "incomeBeforeTax": 180200000,
    "incomeBeforeTaxRatio": 0.1306933565,
    "incomeTaxExpense": 49900000,
    "netIncome": 130300000,
    "netIncomeRatio": 0.0945024659,
    "eps": 1.94,
    "epsdiluted": 1.89,
    "weightedAverageShsOut": 67164948,
    "weightedAverageShsOutDil": 68941799,
    "link": "https://www.sec.gov/Archives/edgar/data/48898/000095012398002876/0000950123-98-002876-index.html",
    "finalLink": "https://www.sec.gov/Archives/edgar/data/48898/"
  },
  {
    "date": "1996-12-31",
    "symbol": "HUBB",
    "reportedCurrency": "USD",
    "cik": "0000048898",
    "fillingDate": "1997-03-27",
    "acceptedDate": "1997-03-27 00:00:00",
    "calendarYear": "1996",
    "period": "FY",
    "revenue": 1297400000,
    "costOfRevenue": 865700000,
    "grossProfit": 431700000,
    "grossProfitRatio": 0.3327424079,
    "researchAndDevelopmentExpenses": 0,
    "generalAndAdministrativeExpenses": 0,
    "sellingAndMarketingExpenses": 0,
    "sellingGeneralAndAdministrativeExpenses": 194800000,
    "otherExpenses": 39300000,
    "operatingExpenses": 234100000,
    "costAndExpenses": 1099800000,
    "interestIncome": 0,
    "interestExpense": 0,
    "depreciationAndAmortization": 39300000,
    "ebitda": 236900000,
    "ebitdaratio": 0.1825959612,
    "operatingIncome": 197600000,
    "operatingIncomeRatio": 0.1523046092,
    "totalOtherIncomeExpensesNet": 1700000,
    "incomeBeforeTax": 199300000,
    "incomeBeforeTaxRatio": 0.1536149222,
    "incomeTaxExpense": 57800000,
    "netIncome": 141500000,
    "netIncomeRatio": 0.1090642824,
    "eps": 2.1,
    "epsdiluted": 2.1,
    "weightedAverageShsOut": 67380952,
    "weightedAverageShsOutDil": 67380952,
    "link": "https://www.sec.gov/Archives/edgar/data/48898/000095012397002551/0000950123-97-002551-index.html",
    "finalLink": "https://www.sec.gov/Archives/edgar/data/48898/"
  },
  {
    "date": "1995-12-31",
    "symbol": "HUBB",
    "reportedCurrency": "USD",
    "cik": "0000048898",
    "fillingDate": "1996-03-27",
    "acceptedDate": "1996-03-27 00:00:00",
    "calendarYear": "1995",
    "period": "FY",
    "revenue": 1143100000,
    "costOfRevenue": 767000000,
    "grossProfit": 376100000,
    "grossProfitRatio": 0.3290175838,
    "researchAndDevelopmentExpenses": 0,
    "generalAndAdministrativeExpenses": 0,
    "sellingAndMarketingExpenses": 0,
    "sellingGeneralAndAdministrativeExpenses": 175000000,
    "otherExpenses": 36200000,
    "operatingExpenses": 211200000,
    "costAndExpenses": 978200000,
    "interestIncome": 0,
    "interestExpense": 0,
    "depreciationAndAmortization": 36200000,
    "ebitda": 201100000,
    "ebitdaratio": 0.1759251159,
    "operatingIncome": 164900000,
    "operatingIncomeRatio": 0.1442568454,
    "totalOtherIncomeExpensesNet": 2100000,
    "incomeBeforeTax": 167000000,
    "incomeBeforeTaxRatio": 0.146093955,
    "incomeTaxExpense": 45100000,
    "netIncome": 121900000,
    "netIncomeRatio": 0.106639839,
    "eps": 1.83,
    "epsdiluted": 1.83,
    "weightedAverageShsOut": 66794521,
    "weightedAverageShsOutDil": 66794521,
    "link": "https://www.sec.gov/Archives/edgar/data/48898/000095012396001346/0000950123-96-001346-index.html",
    "finalLink": "https://www.sec.gov/Archives/edgar/data/48898/"
  },
  {
    "date": "1994-12-31",
    "symbol": "HUBB",
    "reportedCurrency": "USD",
    "cik": "0000048898",
    "fillingDate": "1995-03-24",
    "acceptedDate": "1995-03-24 00:00:00",
    "calendarYear": "1994",
    "period": "FY",
    "revenue": 1013700000,
    "costOfRevenue": 674700000,
    "grossProfit": 339000000,
    "grossProfitRatio": 0.334418467,
    "researchAndDevelopmentExpenses": 0,
    "generalAndAdministrativeExpenses": 0,
    "sellingAndMarketingExpenses": 0,
    "sellingGeneralAndAdministrativeExpenses": 164400000,
    "otherExpenses": 34000000,
    "operatingExpenses": 198400000,
    "costAndExpenses": 873100000,
    "interestIncome": 0,
    "interestExpense": 0,
    "depreciationAndAmortization": 34000000,
    "ebitda": 174600000,
    "ebitdaratio": 0.1722403078,
    "operatingIncome": 140600000,
    "operatingIncomeRatio": 0.1386998126,
    "totalOtherIncomeExpensesNet": 5300000,
    "incomeBeforeTax": 145900000,
    "incomeBeforeTaxRatio": 0.1439281839,
    "incomeTaxExpense": 39400000,
    "netIncome": 106500000,
    "netIncomeRatio": 0.1050606688,
    "eps": 1.52,
    "epsdiluted": 1.52,
    "weightedAverageShsOut": 69890625,
    "weightedAverageShsOutDil": 69890625,
    "link": "https://www.sec.gov/Archives/edgar/data/48898/000095012395000657/0000950123-95-000657-index.html",
    "finalLink": "https://www.sec.gov/Archives/edgar/data/48898/"
  },
  {
    "date": "1993-12-31",
    "symbol": "HUBB",
    "reportedCurrency": "USD",
    "cik": "0000048898",
    "fillingDate": "1994-03-25",
    "acceptedDate": "1994-03-25 00:00:00",
    "calendarYear": "1993",
    "period": "FY",
    "revenue": 832400000,
    "costOfRevenue": 539400000,
    "grossProfit": 293000000,
    "grossProfitRatio": 0.3519942335,
    "researchAndDevelopmentExpenses": 0,
    "generalAndAdministrativeExpenses": 0,
    "sellingAndMarketingExpenses": 0,
    "sellingGeneralAndAdministrativeExpenses": 192700000,
    "otherExpenses": 30100000,
    "operatingExpenses": 222800000,
    "costAndExpenses": 762200000,
    "interestIncome": 0,
    "interestExpense": 0,
    "depreciationAndAmortization": 30100000,
    "ebitda": 100300000,
    "ebitdaratio": 0.1204949543,
    "operatingIncome": 70200000,
    "operatingIncomeRatio": 0.0843344546,
    "totalOtherIncomeExpensesNet": 11300000,
    "incomeBeforeTax": 81500000,
    "incomeBeforeTaxRatio": 0.0979096588,
    "incomeTaxExpense": 15200000,
    "netIncome": 66300000,
    "netIncomeRatio": 0.0796492071,
    "eps": 0.48,
    "epsdiluted": 0.48,
    "weightedAverageShsOut": 62518000,
    "weightedAverageShsOutDil": 62518000,
    "link": "https://www.sec.gov/Archives/edgar/data/48898/000095012394000598/0000950123-94-000598-index.html",
    "finalLink": "https://www.sec.gov/Archives/edgar/data/48898/"
  },
  {
    "date": "1992-12-31",
    "symbol": "HUBB",
    "reportedCurrency": "USD",
    "cik": "0000048898",
    "fillingDate": "1994-04-05",
    "acceptedDate": "1994-04-05 00:00:00",
    "calendarYear": "1992",
    "period": "FY",
    "revenue": 786100000,
    "costOfRevenue": 501500000,
    "grossProfit": 284600000,
    "grossProfitRatio": 0.3620404529,
    "researchAndDevelopmentExpenses": 0,
    "generalAndAdministrativeExpenses": 0,
    "sellingAndMarketingExpenses": 0,
    "sellingGeneralAndAdministrativeExpenses": 139900000,
    "otherExpenses": 26800000,
    "operatingExpenses": 166700000,
    "costAndExpenses": 668200000,
    "interestIncome": 0,
    "interestExpense": 0,
    "depreciationAndAmortization": 26800000,
    "ebitda": 144700000,
    "ebitdaratio": 0.1840732731,
    "operatingIncome": 117900000,
    "operatingIncomeRatio": 0.1499809185,
    "totalOtherIncomeExpensesNet": 12800000,
    "incomeBeforeTax": 130700000,
    "incomeBeforeTaxRatio": 0.1662638341,
    "incomeTaxExpense": 36600000,
    "netIncome": 77600000,
    "netIncomeRatio": 0.0987151762,
    "eps": 0.59,
    "epsdiluted": 0.59,
    "weightedAverageShsOut": 62370000,
    "weightedAverageShsOutDil": 62370000,
    "link": "https://www.sec.gov/Archives/edgar/data/48898/000095012394000707/0000950123-94-000707-index.html",
    "finalLink": "https://www.sec.gov/Archives/edgar/data/48898/"
  },
  {
    "date": "1991-12-31",
    "symbol": "HUBB",
    "reportedCurrency": "USD",
    "cik": "0000048898",
    "fillingDate": "1991-12-31",
    "acceptedDate": "1991-12-31 00:00:00",
    "calendarYear": "1991",
    "period": "FY",
    "revenue": 756100000,
    "costOfRevenue": 486300000,
    "grossProfit": 269800000,
    "grossProfitRatio": 0.356831107,
    "researchAndDevelopmentExpenses": 0,
    "generalAndAdministrativeExpenses": 0,
    "sellingAndMarketingExpenses": 0,
    "sellingGeneralAndAdministrativeExpenses": 129100000,
    "otherExpenses": 22200000,
    "operatingExpenses": 151300000,
    "costAndExpenses": 637600000,
    "interestIncome": 0,
    "interestExpense": 0,
    "depreciationAndAmortization": 22200000,
    "ebitda": 140700000,
    "ebitdaratio": 0.1860864965,
    "operatingIncome": 118500000,
    "operatingIncomeRatio": 0.1567253009,
    "totalOtherIncomeExpensesNet": 10900000,
    "incomeBeforeTax": 129400000,
    "incomeBeforeTaxRatio": 0.1711413834,
    "incomeTaxExpense": 38800000,
    "netIncome": 90600000,
    "netIncomeRatio": 0.1198254199,
    "eps": 0.62,
    "epsdiluted": 0.62,
    "weightedAverageShsOut": 65448000,
    "weightedAverageShsOutDil": 65448000,
    "link": null,
    "finalLink": null
  },
  {
    "date": "1990-12-31",
    "symbol": "HUBB",
    "reportedCurrency": "USD",
    "cik": "0000048898",
    "fillingDate": "1990-12-31",
    "acceptedDate": "1990-12-31 00:00:00",
    "calendarYear": "1990",
    "period": "FY",
    "revenue": 719500000,
    "costOfRevenue": 469700000,
    "grossProfit": 249800000,
    "grossProfitRatio": 0.3471855455,
    "researchAndDevelopmentExpenses": 0,
    "generalAndAdministrativeExpenses": 0,
    "sellingAndMarketingExpenses": 0,
    "sellingGeneralAndAdministrativeExpenses": 120900000,
    "otherExpenses": 17700000,
    "operatingExpenses": 138600000,
    "costAndExpenses": 608300000,
    "interestIncome": 0,
    "interestExpense": 0,
    "depreciationAndAmortization": 17700000,
    "ebitda": 128900000,
    "ebitdaratio": 0.179152189,
    "operatingIncome": 111200000,
    "operatingIncomeRatio": 0.1545517721,
    "totalOtherIncomeExpensesNet": 13400000,
    "incomeBeforeTax": 124600000,
    "incomeBeforeTaxRatio": 0.1731758165,
    "incomeTaxExpense": 38600000,
    "netIncome": 86000000,
    "netIncomeRatio": 0.1195274496,
    "eps": 0.59,
    "epsdiluted": 0.59,
    "weightedAverageShsOut": 65168000,
    "weightedAverageShsOutDil": 65168000,
    "link": null,
    "finalLink": null
  },
  {
    "date": "1989-12-31",
    "symbol": "HUBB",
    "reportedCurrency": "USD",
    "cik": "0000048898",
    "fillingDate": "1989-12-31",
    "acceptedDate": "1989-12-31 00:00:00",
    "calendarYear": "1989",
    "period": "FY",
    "revenue": 668800000,
    "costOfRevenue": 433800000,
    "grossProfit": 235000000,
    "grossProfitRatio": 0.3513755981,
    "researchAndDevelopmentExpenses": 0,
    "generalAndAdministrativeExpenses": 0,
    "sellingAndMarketingExpenses": 0,
    "sellingGeneralAndAdministrativeExpenses": 113400000,
    "otherExpenses": 16600000,
    "operatingExpenses": 130000000,
    "costAndExpenses": 563800000,
    "interestIncome": 0,
    "interestExpense": 0,
    "depreciationAndAmortization": 16600000,
    "ebitda": 121600000,
    "ebitdaratio": 0.1818181818,
    "operatingIncome": 105000000,
    "operatingIncomeRatio": 0.1569976077,
    "totalOtherIncomeExpensesNet": 11800000,
    "incomeBeforeTax": 116800000,
    "incomeBeforeTaxRatio": 0.1746411483,
    "incomeTaxExpense": 37400000,
    "netIncome": 79400000,
    "netIncomeRatio": 0.1187200957,
    "eps": 0.52,
    "epsdiluted": 0.52,
    "weightedAverageShsOut": 62054000,
    "weightedAverageShsOutDil": 62054000,
    "link": null,
    "finalLink": null
  },
  {
    "date": "1988-12-31",
    "symbol": "HUBB",
    "reportedCurrency": "USD",
    "cik": "0000048898",
    "fillingDate": "1988-12-31",
    "acceptedDate": "1988-12-30 19:00:00",
    "calendarYear": "1988",
    "period": "FY",
    "revenue": 614200000,
    "costOfRevenue": 392700000,
    "grossProfit": 221500000,
    "grossProfitRatio": 0.3606317161,
    "researchAndDevelopmentExpenses": 0,
    "generalAndAdministrativeExpenses": 0,
    "sellingAndMarketingExpenses": 0,
    "sellingGeneralAndAdministrativeExpenses": 109200000,
    "otherExpenses": 15000000,
    "operatingExpenses": 124200000,
    "costAndExpenses": 516900000,
    "interestIncome": 0,
    "interestExpense": 0,
    "depreciationAndAmortization": 15000000,
    "ebitda": 112300000,
    "ebitdaratio": 0.182839466,
    "operatingIncome": 97300000,
    "operatingIncomeRatio": 0.1584174536,
    "totalOtherIncomeExpensesNet": 9100000,
    "incomeBeforeTax": 106400000,
    "incomeBeforeTaxRatio": 0.1732334744,
    "incomeTaxExpense": 35100000,
    "netIncome": 71300000,
    "netIncomeRatio": 0.1160859655,
    "eps": 0.44,
    "epsdiluted": 0.44,
    "weightedAverageShsOut": 62570000,
    "weightedAverageShsOutDil": 62570000,
    "link": null,
    "finalLink": null
  },
  {
    "date": "1987-12-31",
    "symbol": "HUBB",
    "reportedCurrency": "USD",
    "cik": "0000048898",
    "fillingDate": "1987-12-31",
    "acceptedDate": "1987-12-30 19:00:00",
    "calendarYear": "1987",
    "period": "FY",
    "revenue": 581100000,
    "costOfRevenue": 371100000,
    "grossProfit": 210000000,
    "grossProfitRatio": 0.3613835829,
    "researchAndDevelopmentExpenses": 0,
    "generalAndAdministrativeExpenses": 0,
    "sellingAndMarketingExpenses": 0,
    "sellingGeneralAndAdministrativeExpenses": 106200000,
    "otherExpenses": 14100000,
    "operatingExpenses": 120300000,
    "costAndExpenses": 491400000,
    "interestIncome": 0,
    "interestExpense": 0,
    "depreciationAndAmortization": 14100000,
    "ebitda": 103800000,
    "ebitdaratio": 0.1786267424,
    "operatingIncome": 89700000,
    "operatingIncomeRatio": 0.1543624161,
    "totalOtherIncomeExpensesNet": 9500000,
    "incomeBeforeTax": 99200000,
    "incomeBeforeTaxRatio": 0.170710721,
    "incomeTaxExpense": 36700000,
    "netIncome": 62500000,
    "netIncomeRatio": 0.1075546378,
    "eps": 0.39,
    "epsdiluted": 0.38,
    "weightedAverageShsOut": 56576000,
    "weightedAverageShsOutDil": 56576000,
    "link": null,
    "finalLink": null
  },
  {
    "date": "1986-12-31",
    "symbol": "HUBB",
    "reportedCurrency": "USD",
    "cik": "0000048898",
    "fillingDate": "1986-12-31",
    "acceptedDate": "1986-12-30 19:00:00",
    "calendarYear": "1986",
    "period": "FY",
    "revenue": 558800000,
    "costOfRevenue": 362900000,
    "grossProfit": 195900000,
    "grossProfitRatio": 0.3505726557,
    "researchAndDevelopmentExpenses": 0,
    "generalAndAdministrativeExpenses": 0,
    "sellingAndMarketingExpenses": 0,
    "sellingGeneralAndAdministrativeExpenses": 100300000,
    "otherExpenses": 13700000,
    "operatingExpenses": 114000000,
    "costAndExpenses": 476900000,
    "interestIncome": 0,
    "interestExpense": 0,
    "depreciationAndAmortization": 13700000,
    "ebitda": 95600000,
    "ebitdaratio": 0.1710808876,
    "operatingIncome": 81900000,
    "operatingIncomeRatio": 0.1465640659,
    "totalOtherIncomeExpensesNet": 8200000,
    "incomeBeforeTax": 90100000,
    "incomeBeforeTaxRatio": 0.1612383679,
    "incomeTaxExpense": 35600000,
    "netIncome": 54500000,
    "netIncomeRatio": 0.0975304223,
    "eps": 0.34,
    "epsdiluted": 0.33,
    "weightedAverageShsOut": 56400000,
    "weightedAverageShsOutDil": 56400000,
    "link": null,
    "finalLink": null
  },
  {
    "date": "1985-12-31",
    "symbol": "HUBB",
    "reportedCurrency": "USD",
    "cik": "0000048898",
    "fillingDate": "1985-12-31",
    "acceptedDate": "1985-12-30 19:00:00",
    "calendarYear": "1985",
    "period": "FY",
    "revenue": 521100000,
    "costOfRevenue": 337800000,
    "grossProfit": 183300000,
    "grossProfitRatio": 0.351755901,
    "researchAndDevelopmentExpenses": 0,
    "generalAndAdministrativeExpenses": 0,
    "sellingAndMarketingExpenses": 0,
    "sellingGeneralAndAdministrativeExpenses": 94400000,
    "otherExpenses": 12000000,
    "operatingExpenses": 106400000,
    "costAndExpenses": 444200000,
    "interestIncome": 0,
    "interestExpense": 0,
    "depreciationAndAmortization": 12000000,
    "ebitda": 88900000,
    "ebitdaratio": 0.1706006525,
    "operatingIncome": 76900000,
    "operatingIncomeRatio": 0.1475724429,
    "totalOtherIncomeExpensesNet": 5400000,
    "incomeBeforeTax": 82300000,
    "incomeBeforeTaxRatio": 0.1579351372,
    "incomeTaxExpense": 34600000,
    "netIncome": 47700000,
    "netIncomeRatio": 0.091537133,
    "eps": 0.31,
    "epsdiluted": 1.11,
    "weightedAverageShsOut": 43060000,
    "weightedAverageShsOutDil": 43060000,
    "link": null,
    "finalLink": null
  }
]