[
  {
    "date": "2025-06-30",
    "symbol": "HUM",
    "reportedCurrency": "USD",
    "cik": "0000049071",
    "fillingDate": "2025-07-30",
    "acceptedDate": "2025-07-30 15:37:58",
    "calendarYear": "2025",
    "period": "Q2",
    "revenue": 32388000000,
    "costOfRevenue": 0,
    "grossProfit": 32388000000,
    "grossProfitRatio": 1,
    "researchAndDevelopmentExpenses": 0,
    "generalAndAdministrativeExpenses": 0,
    "sellingAndMarketingExpenses": 0,
    "sellingGeneralAndAdministrativeExpenses": 0,
    "otherExpenses": 31647000000,
    "operatingExpenses": 31647000000,
    "costAndExpenses": 31647000000,
    "interestIncome": 0,
    "interestExpense": 157000000,
    "depreciationAndAmortization": 211000000,
    "ebitda": 1109000000,
    "ebitdaratio": 0.0342410769,
    "operatingIncome": 741000000,
    "operatingIncomeRatio": 0.022878844,
    "totalOtherIncomeExpensesNet": 0,
    "incomeBeforeTax": 741000000,
    "incomeBeforeTaxRatio": 0.022878844,
    "incomeTaxExpense": 179000000,
    "netIncome": 545000000,
    "netIncomeRatio": 0.01682722,
    "eps": 4.52,
    "epsdiluted": 4.51,
    "weightedAverageShsOut": 120539000,
    "weightedAverageShsOutDil": 120745000,
    "link": "https://www.sec.gov/Archives/edgar/data/49071/000004907125000042/0000049071-25-000042-index.htm",
    "finalLink": "https://www.sec.gov/Archives/edgar/data/49071/000004907125000042/hum-20250630.htm"
  },
  {
    "date": "2025-03-31",
    "symbol": "HUM",
    "reportedCurrency": "USD",
    "cik": "0000049071",
    "fillingDate": "2025-04-30",
    "acceptedDate": "2025-04-30 09:29:51",
    "calendarYear": "2025",
    "period": "Q1",
    "revenue": 32112000000,
    "costOfRevenue": 0,
    "grossProfit": 32112000000,
    "grossProfitRatio": 1,
    "researchAndDevelopmentExpenses": 0,
    "generalAndAdministrativeExpenses": 0,
    "sellingAndMarketingExpenses": 0,
    "sellingGeneralAndAdministrativeExpenses": 0,
    "otherExpenses": 30421000000,
    "operatingExpenses": 30421000000,
    "costAndExpenses": 30421000000,
    "interestIncome": 0,
    "interestExpense": 160000000,
    "depreciationAndAmortization": 215000000,
    "ebitda": 2066000000,
    "ebitdaratio": 0.0643373194,
    "operatingIncome": 1691000000,
    "operatingIncomeRatio": 0.052659442,
    "totalOtherIncomeExpensesNet": 0,
    "incomeBeforeTax": 1691000000,
    "incomeBeforeTaxRatio": 0.052659442,
    "incomeTaxExpense": 406000000,
    "netIncome": 1244000000,
    "netIncomeRatio": 0.0387394121,
    "eps": 10.31,
    "epsdiluted": 10.3,
    "weightedAverageShsOut": 120405000,
    "weightedAverageShsOutDil": 120764000,
    "link": "https://www.sec.gov/Archives/edgar/data/49071/000004907125000023/0000049071-25-000023-index.htm",
    "finalLink": "https://www.sec.gov/Archives/edgar/data/49071/000004907125000023/hum-20250331.htm"
  },
  {
    "date": "2024-12-31",
    "symbol": "HUM",
    "reportedCurrency": "USD",
    "cik": "0000049071",
    "fillingDate": "2025-02-20",
    "acceptedDate": "2025-02-20 14:34:08",
    "calendarYear": "2024",
    "period": "Q4",
    "revenue": 29213000000,
    "costOfRevenue": 0,
    "grossProfit": 29213000000,
    "grossProfitRatio": 1,
    "researchAndDevelopmentExpenses": 0,
    "generalAndAdministrativeExpenses": 0,
    "sellingAndMarketingExpenses": 0,
    "sellingGeneralAndAdministrativeExpenses": 0,
    "otherExpenses": 30075000000,
    "operatingExpenses": 30075000000,
    "costAndExpenses": 30075000000,
    "interestIncome": 0,
    "interestExpense": 164000000,
    "depreciationAndAmortization": 240000000,
    "ebitda": -458000000,
    "ebitdaratio": -0.0156779516,
    "operatingIncome": -862000000,
    "operatingIncomeRatio": -0.0295074111,
    "totalOtherIncomeExpensesNet": 0,
    "incomeBeforeTax": -862000000,
    "incomeBeforeTaxRatio": -0.0295074111,
    "incomeTaxExpense": -216000000,
    "netIncome": -693000000,
    "netIncomeRatio": -0.0237223154,
    "eps": -5.75,
    "epsdiluted": -5.76,
    "weightedAverageShsOut": 120405000,
    "weightedAverageShsOutDil": 120764000,
    "link": "https://www.sec.gov/Archives/edgar/data/49071/000004907125000007/0000049071-25-000007-index.htm",
    "finalLink": "https://www.sec.gov/Archives/edgar/data/49071/000004907125000007/hum-20241231.htm"
  },
  {
    "date": "2024-09-30",
    "symbol": "HUM",
    "reportedCurrency": "USD",
    "cik": "0000049071",
    "fillingDate": "2024-10-30",
    "acceptedDate": "2024-10-30 14:17:34",
    "calendarYear": "2024",
    "period": "Q3",
    "revenue": 29397000000,
    "costOfRevenue": 0,
    "grossProfit": 29397000000,
    "grossProfitRatio": 1,
    "researchAndDevelopmentExpenses": 0,
    "generalAndAdministrativeExpenses": 0,
    "sellingAndMarketingExpenses": 0,
    "sellingGeneralAndAdministrativeExpenses": 0,
    "otherExpenses": 28746000000,
    "operatingExpenses": 28746000000,
    "costAndExpenses": 28746000000,
    "interestIncome": 0,
    "interestExpense": 169000000,
    "depreciationAndAmortization": 243000000,
    "ebitda": 1063000000,
    "ebitdaratio": 0.0361601524,
    "operatingIncome": 651000000,
    "operatingIncomeRatio": 0.0221451168,
    "totalOtherIncomeExpensesNet": 0,
    "incomeBeforeTax": 651000000,
    "incomeBeforeTaxRatio": 0.0221451168,
    "incomeTaxExpense": 155000000,
    "netIncome": 480000000,
    "netIncomeRatio": 0.0163281968,
    "eps": 3.99,
    "epsdiluted": 3.98,
    "weightedAverageShsOut": 120405000,
    "weightedAverageShsOutDil": 120764000,
    "link": "https://www.sec.gov/Archives/edgar/data/49071/000004907124000055/0000049071-24-000055-index.htm",
    "finalLink": "https://www.sec.gov/Archives/edgar/data/49071/000004907124000055/hum-20240930.htm"
  },
  {
    "date": "2024-06-30",
    "symbol": "HUM",
    "reportedCurrency": "USD",
    "cik": "0000049071",
    "fillingDate": "2024-07-31",
    "acceptedDate": "2024-07-31 14:08:48",
    "calendarYear": "2024",
    "period": "Q2",
    "revenue": 29540000000,
    "costOfRevenue": 0,
    "grossProfit": 29540000000,
    "grossProfitRatio": 1,
    "researchAndDevelopmentExpenses": 0,
    "generalAndAdministrativeExpenses": 0,
    "sellingAndMarketingExpenses": 0,
    "sellingGeneralAndAdministrativeExpenses": 0,
    "otherExpenses": 28622000000,
    "operatingExpenses": 28622000000,
    "costAndExpenses": 28622000000,
    "interestIncome": 0,
    "interestExpense": 168000000,
    "depreciationAndAmortization": 243000000,
    "ebitda": 1329000000,
    "ebitdaratio": 0.0449898443,
    "operatingIncome": 918000000,
    "operatingIncomeRatio": 0.0310765064,
    "totalOtherIncomeExpensesNet": 0,
    "incomeBeforeTax": 918000000,
    "incomeBeforeTaxRatio": 0.0310765064,
    "incomeTaxExpense": 223000000,
    "netIncome": 679000000,
    "netIncomeRatio": 0.022985782,
    "eps": 5.64,
    "epsdiluted": 5.63,
    "weightedAverageShsOut": 120445000,
    "weightedAverageShsOutDil": 120665000,
    "link": "https://www.sec.gov/Archives/edgar/data/49071/000004907124000040/0000049071-24-000040-index.htm",
    "finalLink": "https://www.sec.gov/Archives/edgar/data/49071/000004907124000040/hum-20240630.htm"
  },
  {
    "date": "2024-03-31",
    "symbol": "HUM",
    "reportedCurrency": "USD",
    "cik": "0000049071",
    "fillingDate": "2024-04-24",
    "acceptedDate": "2024-04-24 15:47:25",
    "calendarYear": "2024",
    "period": "Q1",
    "revenue": 29611000000,
    "costOfRevenue": 0,
    "grossProfit": 29611000000,
    "grossProfitRatio": 1,
    "researchAndDevelopmentExpenses": 0,
    "generalAndAdministrativeExpenses": 0,
    "sellingAndMarketingExpenses": 0,
    "sellingGeneralAndAdministrativeExpenses": 0,
    "otherExpenses": 28597000000,
    "operatingExpenses": 28597000000,
    "costAndExpenses": 28597000000,
    "interestIncome": 0,
    "interestExpense": 159000000,
    "depreciationAndAmortization": 242000000,
    "ebitda": 1415000000,
    "ebitdaratio": 0.0477862956,
    "operatingIncome": 1014000000,
    "operatingIncomeRatio": 0.0342440309,
    "totalOtherIncomeExpensesNet": 0,
    "incomeBeforeTax": 1014000000,
    "incomeBeforeTaxRatio": 0.0342440309,
    "incomeTaxExpense": 251000000,
    "netIncome": 741000000,
    "netIncomeRatio": 0.0250244841,
    "eps": 6.13,
    "epsdiluted": 6.11,
    "weightedAverageShsOut": 120978000,
    "weightedAverageShsOutDil": 121268000,
    "link": "https://www.sec.gov/Archives/edgar/data/49071/000004907124000023/0000049071-24-000023-index.htm",
    "finalLink": "https://www.sec.gov/Archives/edgar/data/49071/000004907124000023/hum-20240331.htm"
  },
  {
    "date": "2023-12-31",
    "symbol": "HUM",
    "reportedCurrency": "USD",
    "cik": "0000049071",
    "fillingDate": "2024-02-15",
    "acceptedDate": "2024-02-15 16:55:39",
    "calendarYear": "2023",
    "period": "Q4",
    "revenue": 26462000000,
    "costOfRevenue": 0,
    "grossProfit": 26462000000,
    "grossProfitRatio": 1,
    "researchAndDevelopmentExpenses": 0,
    "generalAndAdministrativeExpenses": 0,
    "sellingAndMarketingExpenses": 0,
    "sellingGeneralAndAdministrativeExpenses": 0,
    "otherExpenses": 27053000000,
    "operatingExpenses": 27053000000,
    "costAndExpenses": 27053000000,
    "interestIncome": 0,
    "interestExpense": 146000000,
    "depreciationAndAmortization": 238000000,
    "ebitda": -207000000,
    "ebitdaratio": -0.007822538,
    "operatingIncome": -591000000,
    "operatingIncomeRatio": -0.0223339128,
    "totalOtherIncomeExpensesNet": 0,
    "incomeBeforeTax": -591000000,
    "incomeBeforeTaxRatio": -0.0223339128,
    "incomeTaxExpense": -75000000,
    "netIncome": -541000000,
    "netIncomeRatio": -0.0204444109,
    "eps": -4.42,
    "epsdiluted": -4.42,
    "weightedAverageShsOut": 122461000,
    "weightedAverageShsOutDil": 122461000,
    "link": "https://www.sec.gov/Archives/edgar/data/49071/000004907124000012/0000049071-24-000012-index.htm",
    "finalLink": "https://www.sec.gov/Archives/edgar/data/49071/000004907124000012/hum-20231231.htm"
  },
  {
    "date": "2023-09-30",
    "symbol": "HUM",
    "reportedCurrency": "USD",
    "cik": "0000049071",
    "fillingDate": "2023-11-01",
    "acceptedDate": "2023-11-01 14:06:42",
    "calendarYear": "2023",
    "period": "Q3",
    "revenue": 26423000000,
    "costOfRevenue": 0,
    "grossProfit": 26423000000,
    "grossProfitRatio": 1,
    "researchAndDevelopmentExpenses": 0,
    "generalAndAdministrativeExpenses": 0,
    "sellingAndMarketingExpenses": 0,
    "sellingGeneralAndAdministrativeExpenses": 0,
    "otherExpenses": 25325000000,
    "operatingExpenses": 25325000000,
    "costAndExpenses": 25325000000,
    "interestIncome": 0,
    "interestExpense": 114000000,
    "depreciationAndAmortization": 235000000,
    "ebitda": 1447000000,
    "ebitdaratio": 0.054762896,
    "operatingIncome": 1098000000,
    "operatingIncomeRatio": 0.0415547061,
    "totalOtherIncomeExpensesNet": 0,
    "incomeBeforeTax": 1098000000,
    "incomeBeforeTaxRatio": 0.0415547061,
    "incomeTaxExpense": 256000000,
    "netIncome": 832000000,
    "netIncomeRatio": 0.031487719,
    "eps": 6.74,
    "epsdiluted": 6.71,
    "weightedAverageShsOut": 123426000,
    "weightedAverageShsOutDil": 123983000,
    "link": "https://www.sec.gov/Archives/edgar/data/49071/000004907123000064/0000049071-23-000064-index.htm",
    "finalLink": "https://www.sec.gov/Archives/edgar/data/49071/000004907123000064/hum-20230930.htm"
  },
  {
    "date": "2023-06-30",
    "symbol": "HUM",
    "reportedCurrency": "USD",
    "cik": "0000049071",
    "fillingDate": "2023-08-02",
    "acceptedDate": "2023-08-02 15:12:55",
    "calendarYear": "2023",
    "period": "Q2",
    "revenue": 26747000000,
    "costOfRevenue": 0,
    "grossProfit": 26747000000,
    "grossProfitRatio": 1,
    "researchAndDevelopmentExpenses": 0,
    "generalAndAdministrativeExpenses": 0,
    "sellingAndMarketingExpenses": 0,
    "sellingGeneralAndAdministrativeExpenses": 0,
    "otherExpenses": 25485000000,
    "operatingExpenses": 25485000000,
    "costAndExpenses": 25485000000,
    "interestIncome": 0,
    "interestExpense": 120000000,
    "depreciationAndAmortization": 226000000,
    "ebitda": 1608000000,
    "ebitdaratio": 0.0601188918,
    "operatingIncome": 1262000000,
    "operatingIncomeRatio": 0.0471828616,
    "totalOtherIncomeExpensesNet": 0,
    "incomeBeforeTax": 1262000000,
    "incomeBeforeTaxRatio": 0.0471828616,
    "incomeTaxExpense": 296000000,
    "netIncome": 959000000,
    "netIncomeRatio": 0.0358544884,
    "eps": 7.7,
    "epsdiluted": 7.66,
    "weightedAverageShsOut": 124574000,
    "weightedAverageShsOutDil": 125109000,
    "link": "https://www.sec.gov/Archives/edgar/data/49071/000004907123000049/0000049071-23-000049-index.htm",
    "finalLink": "https://www.sec.gov/Archives/edgar/data/49071/000004907123000049/hum-20230630.htm"
  },
  {
    "date": "2023-03-31",
    "symbol": "HUM",
    "reportedCurrency": "USD",
    "cik": "0000049071",
    "fillingDate": "2023-04-26",
    "acceptedDate": "2023-04-26 15:07:20",
    "calendarYear": "2023",
    "period": "Q1",
    "revenue": 26742000000,
    "costOfRevenue": 0,
    "grossProfit": 26742000000,
    "grossProfitRatio": 1,
    "researchAndDevelopmentExpenses": 0,
    "generalAndAdministrativeExpenses": 0,
    "sellingAndMarketingExpenses": 0,
    "sellingGeneralAndAdministrativeExpenses": 0,
    "otherExpenses": 25128000000,
    "operatingExpenses": 25128000000,
    "costAndExpenses": 25128000000,
    "interestIncome": 0,
    "interestExpense": 113000000,
    "depreciationAndAmortization": 218000000,
    "ebitda": 1945000000,
    "ebitdaratio": 0.072732032,
    "operatingIncome": 1614000000,
    "operatingIncomeRatio": 0.0603544985,
    "totalOtherIncomeExpensesNet": 0,
    "incomeBeforeTax": 1614000000,
    "incomeBeforeTaxRatio": 0.0603544985,
    "incomeTaxExpense": 359000000,
    "netIncome": 1239000000,
    "netIncomeRatio": 0.0463316132,
    "eps": 9.91,
    "epsdiluted": 9.87,
    "weightedAverageShsOut": 125005000,
    "weightedAverageShsOutDil": 125564000,
    "link": "https://www.sec.gov/Archives/edgar/data/49071/000004907123000025/0000049071-23-000025-index.htm",
    "finalLink": "https://www.sec.gov/Archives/edgar/data/49071/000004907123000025/hum-20230331.htm"
  },
  {
    "date": "2022-12-31",
    "symbol": "HUM",
    "reportedCurrency": "USD",
    "cik": "0000049071",
    "fillingDate": "2023-02-16",
    "acceptedDate": "2023-02-16 15:11:58",
    "calendarYear": "2022",
    "period": "Q4",
    "revenue": 22439000000,
    "costOfRevenue": 0,
    "grossProfit": 22439000000,
    "grossProfitRatio": 1,
    "researchAndDevelopmentExpenses": 0,
    "generalAndAdministrativeExpenses": 0,
    "sellingAndMarketingExpenses": 0,
    "sellingGeneralAndAdministrativeExpenses": 0,
    "otherExpenses": 22510000000,
    "operatingExpenses": 22510000000,
    "costAndExpenses": 22510000000,
    "interestIncome": 0,
    "interestExpense": 108000000,
    "depreciationAndAmortization": 217000000,
    "ebitda": 254000000,
    "ebitdaratio": 0.0113195775,
    "operatingIncome": -71000000,
    "operatingIncomeRatio": -0.0031641339,
    "totalOtherIncomeExpensesNet": 0,
    "incomeBeforeTax": -71000000,
    "incomeBeforeTaxRatio": -0.0031641339,
    "incomeTaxExpense": -58000000,
    "netIncome": -15000000,
    "netIncomeRatio": -0.000668479,
    "eps": -0.12,
    "epsdiluted": -0.12,
    "weightedAverageShsOut": 125644000,
    "weightedAverageShsOutDil": 125644000,
    "link": "https://www.sec.gov/Archives/edgar/data/49071/000004907123000011/0000049071-23-000011-index.htm",
    "finalLink": "https://www.sec.gov/Archives/edgar/data/49071/000004907123000011/hum-20221231.htm"
  },
  {
    "date": "2022-09-30",
    "symbol": "HUM",
    "reportedCurrency": "USD",
    "cik": "0000049071",
    "fillingDate": "2022-11-02",
    "acceptedDate": "2022-11-02 15:07:59",
    "calendarYear": "2022",
    "period": "Q3",
    "revenue": 22799000000,
    "costOfRevenue": 0,
    "grossProfit": 22799000000,
    "grossProfitRatio": 1,
    "researchAndDevelopmentExpenses": 0,
    "generalAndAdministrativeExpenses": 0,
    "sellingAndMarketingExpenses": 0,
    "sellingGeneralAndAdministrativeExpenses": 0,
    "otherExpenses": 21502000000,
    "operatingExpenses": 21502000000,
    "costAndExpenses": 21502000000,
    "interestIncome": 0,
    "interestExpense": 102000000,
    "depreciationAndAmortization": 214000000,
    "ebitda": 1613000000,
    "ebitdaratio": 0.070748717,
    "operatingIncome": 1297000000,
    "operatingIncomeRatio": 0.05688846,
    "totalOtherIncomeExpensesNet": 0,
    "incomeBeforeTax": 1297000000,
    "incomeBeforeTaxRatio": 0.05688846,
    "incomeTaxExpense": 107000000,
    "netIncome": 1195000000,
    "netIncomeRatio": 0.0524145796,
    "eps": 9.44,
    "epsdiluted": 9.39,
    "weightedAverageShsOut": 126572000,
    "weightedAverageShsOutDil": 127356000,
    "link": "https://www.sec.gov/Archives/edgar/data/49071/000004907122000071/0000049071-22-000071-index.htm",
    "finalLink": "https://www.sec.gov/Archives/edgar/data/49071/000004907122000071/hum-20220930.htm"
  },
  {
    "date": "2022-06-30",
    "symbol": "HUM",
    "reportedCurrency": "USD",
    "cik": "0000049071",
    "fillingDate": "2022-07-27",
    "acceptedDate": "2022-07-27 15:09:11",
    "calendarYear": "2022",
    "period": "Q2",
    "revenue": 23662000000,
    "costOfRevenue": 0,
    "grossProfit": 23662000000,
    "grossProfitRatio": 1,
    "researchAndDevelopmentExpenses": 0,
    "generalAndAdministrativeExpenses": 0,
    "sellingAndMarketingExpenses": 0,
    "sellingGeneralAndAdministrativeExpenses": 0,
    "otherExpenses": 22540000000,
    "operatingExpenses": 22540000000,
    "costAndExpenses": 22540000000,
    "interestIncome": 0,
    "interestExpense": 101000000,
    "depreciationAndAmortization": 209000000,
    "ebitda": 1432000000,
    "ebitdaratio": 0.0605189756,
    "operatingIncome": 1122000000,
    "operatingIncomeRatio": 0.0474178007,
    "totalOtherIncomeExpensesNet": 0,
    "incomeBeforeTax": 1122000000,
    "incomeBeforeTaxRatio": 0.0474178007,
    "incomeTaxExpense": 427000000,
    "netIncome": 696000000,
    "netIncomeRatio": 0.0294142507,
    "eps": 5.5,
    "epsdiluted": 5.48,
    "weightedAverageShsOut": 126523000,
    "weightedAverageShsOutDil": 127084000,
    "link": "https://www.sec.gov/Archives/edgar/data/49071/000004907122000057/0000049071-22-000057-index.htm",
    "finalLink": "https://www.sec.gov/Archives/edgar/data/49071/000004907122000057/hum-20220630.htm"
  },
  {
    "date": "2022-03-31",
    "symbol": "HUM",
    "reportedCurrency": "USD",
    "cik": "0000049071",
    "fillingDate": "2022-04-27",
    "acceptedDate": "2022-04-27 14:21:19",
    "calendarYear": "2022",
    "period": "Q1",
    "revenue": 23970000000,
    "costOfRevenue": 0,
    "grossProfit": 23970000000,
    "grossProfitRatio": 1,
    "researchAndDevelopmentExpenses": 0,
    "generalAndAdministrativeExpenses": 0,
    "sellingAndMarketingExpenses": 0,
    "sellingGeneralAndAdministrativeExpenses": 0,
    "otherExpenses": 22750000000,
    "operatingExpenses": 22750000000,
    "costAndExpenses": 22750000000,
    "interestIncome": 0,
    "interestExpense": 90000000,
    "depreciationAndAmortization": 205000000,
    "ebitda": 1515000000,
    "ebitdaratio": 0.063204005,
    "operatingIncome": 1220000000,
    "operatingIncomeRatio": 0.0508969545,
    "totalOtherIncomeExpensesNet": 0,
    "incomeBeforeTax": 1220000000,
    "incomeBeforeTaxRatio": 0.0508969545,
    "incomeTaxExpense": 286000000,
    "netIncome": 930000000,
    "netIncomeRatio": 0.0387984981,
    "eps": 7.33,
    "epsdiluted": 7.29,
    "weightedAverageShsOut": 126938000,
    "weightedAverageShsOutDil": 127474000,
    "link": "https://www.sec.gov/Archives/edgar/data/49071/000004907122000032/0000049071-22-000032-index.htm",
    "finalLink": "https://www.sec.gov/Archives/edgar/data/49071/000004907122000032/hum-20220331.htm"
  },
  {
    "date": "2021-12-31",
    "symbol": "HUM",
    "reportedCurrency": "USD",
    "cik": "0000049071",
    "fillingDate": "2022-02-17",
    "acceptedDate": "2022-02-17 16:23:04",
    "calendarYear": "2021",
    "period": "Q4",
    "revenue": 21054000000,
    "costOfRevenue": 0,
    "grossProfit": 21054000000,
    "grossProfitRatio": 1,
    "researchAndDevelopmentExpenses": 0,
    "generalAndAdministrativeExpenses": 0,
    "sellingAndMarketingExpenses": 0,
    "sellingGeneralAndAdministrativeExpenses": 0,
    "otherExpenses": 21114000000,
    "operatingExpenses": 21114000000,
    "costAndExpenses": 21114000000,
    "interestIncome": 0,
    "interestExpense": 91000000,
    "depreciationAndAmortization": 194000000,
    "ebitda": 225000000,
    "ebitdaratio": 0.0106868054,
    "operatingIncome": -60000000,
    "operatingIncomeRatio": -0.0028498148,
    "totalOtherIncomeExpensesNet": 0,
    "incomeBeforeTax": -60000000,
    "incomeBeforeTaxRatio": -0.0028498148,
    "incomeTaxExpense": -51000000,
    "netIncome": -14000000,
    "netIncomeRatio": -0.0006649568,
    "eps": -0.11,
    "epsdiluted": -0.11,
    "weightedAverageShsOut": 128611998,
    "weightedAverageShsOutDil": 128611998,
    "link": "https://www.sec.gov/Archives/edgar/data/49071/000004907122000017/0000049071-22-000017-index.htm",
    "finalLink": "https://www.sec.gov/Archives/edgar/data/49071/000004907122000017/hum-20211231.htm"
  },
  {
    "date": "2021-09-30",
    "symbol": "HUM",
    "reportedCurrency": "USD",
    "cik": "0000049071",
    "fillingDate": "2021-11-03",
    "acceptedDate": "2021-11-03 14:48:52",
    "calendarYear": "2021",
    "period": "Q3",
    "revenue": 20697000000,
    "costOfRevenue": 0,
    "grossProfit": 20697000000,
    "grossProfitRatio": 1,
    "researchAndDevelopmentExpenses": 0,
    "generalAndAdministrativeExpenses": 0,
    "sellingAndMarketingExpenses": 0,
    "sellingGeneralAndAdministrativeExpenses": 2603000000,
    "otherExpenses": 16458000000,
    "operatingExpenses": 19061000000,
    "costAndExpenses": 19061000000,
    "interestIncome": 0,
    "interestExpense": 88000000,
    "depreciationAndAmortization": 181000000,
    "ebitda": 1905000000,
    "ebitdaratio": 0.092042325,
    "operatingIncome": 1636000000,
    "operatingIncomeRatio": 0.0790452723,
    "totalOtherIncomeExpensesNet": 0,
    "incomeBeforeTax": 1636000000,
    "incomeBeforeTaxRatio": 0.0790452723,
    "incomeTaxExpense": 120000000,
    "netIncome": 1531000000,
    "netIncomeRatio": 0.0739720732,
    "eps": 11.91,
    "epsdiluted": 11.84,
    "weightedAverageShsOut": 128517998,
    "weightedAverageShsOutDil": 129254998,
    "link": "https://www.sec.gov/Archives/edgar/data/49071/000004907121000136/0000049071-21-000136-index.htm",
    "finalLink": "https://www.sec.gov/Archives/edgar/data/49071/000004907121000136/hum-20210930.htm"
  },
  {
    "date": "2021-06-30",
    "symbol": "HUM",
    "reportedCurrency": "USD",
    "cik": "0000049071",
    "fillingDate": "2021-07-28",
    "acceptedDate": "2021-07-28 14:01:19",
    "calendarYear": "2021",
    "period": "Q2",
    "revenue": 20645000000,
    "costOfRevenue": 0,
    "grossProfit": 20645000000,
    "grossProfitRatio": 1,
    "researchAndDevelopmentExpenses": 0,
    "generalAndAdministrativeExpenses": 0,
    "sellingAndMarketingExpenses": 0,
    "sellingGeneralAndAdministrativeExpenses": 2116000000,
    "otherExpenses": 17791000000,
    "operatingExpenses": 19907000000,
    "costAndExpenses": 19907000000,
    "interestIncome": 0,
    "interestExpense": 79000000,
    "depreciationAndAmortization": 170000000,
    "ebitda": 987000000,
    "ebitdaratio": 0.047808186,
    "operatingIncome": 738000000,
    "operatingIncomeRatio": 0.0357471543,
    "totalOtherIncomeExpensesNet": 0,
    "incomeBeforeTax": 738000000,
    "incomeBeforeTaxRatio": 0.0357471543,
    "incomeTaxExpense": 183000000,
    "netIncome": 588000000,
    "netIncomeRatio": 0.0284814725,
    "eps": 4.57,
    "epsdiluted": 4.55,
    "weightedAverageShsOut": 128691998,
    "weightedAverageShsOutDil": 129386998,
    "link": "https://www.sec.gov/Archives/edgar/data/49071/000004907121000112/0000049071-21-000112-index.htm",
    "finalLink": "https://www.sec.gov/Archives/edgar/data/49071/000004907121000112/hum-20210630.htm"
  },
  {
    "date": "2021-03-31",
    "symbol": "HUM",
    "reportedCurrency": "USD",
    "cik": "0000049071",
    "fillingDate": "2021-04-28",
    "acceptedDate": "2021-04-28 15:42:15",
    "calendarYear": "2021",
    "period": "Q1",
    "revenue": 20668000000,
    "costOfRevenue": 0,
    "grossProfit": 20668000000,
    "grossProfitRatio": 1,
    "researchAndDevelopmentExpenses": 0,
    "generalAndAdministrativeExpenses": 0,
    "sellingAndMarketingExpenses": 0,
    "sellingGeneralAndAdministrativeExpenses": 2007000000,
    "otherExpenses": 17621000000,
    "operatingExpenses": 19628000000,
    "costAndExpenses": 19628000000,
    "interestIncome": 0,
    "interestExpense": 68000000,
    "depreciationAndAmortization": 168000000,
    "ebitda": 1276000000,
    "ebitdaratio": 0.0617379524,
    "operatingIncome": 1040000000,
    "operatingIncomeRatio": 0.0503193342,
    "totalOtherIncomeExpensesNet": 0,
    "incomeBeforeTax": 1040000000,
    "incomeBeforeTaxRatio": 0.0503193342,
    "incomeTaxExpense": 233000000,
    "netIncome": 828000000,
    "netIncomeRatio": 0.0400619315,
    "eps": 6.42,
    "epsdiluted": 6.39,
    "weightedAverageShsOut": 128930998,
    "weightedAverageShsOutDil": 129550998,
    "link": "https://www.sec.gov/Archives/edgar/data/49071/000004907121000081/0000049071-21-000081-index.htm",
    "finalLink": "https://www.sec.gov/Archives/edgar/data/49071/000004907121000081/hum-20210331.htm"
  },
  {
    "date": "2020-12-31",
    "symbol": "HUM",
    "reportedCurrency": "USD",
    "cik": "0000049071",
    "fillingDate": "2021-02-18",
    "acceptedDate": "2021-02-18 16:59:52",
    "calendarYear": "2020",
    "period": "Q4",
    "revenue": 19062000000,
    "costOfRevenue": 0,
    "grossProfit": 19062000000,
    "grossProfitRatio": 1,
    "researchAndDevelopmentExpenses": 0,
    "generalAndAdministrativeExpenses": 0,
    "sellingAndMarketingExpenses": 0,
    "sellingGeneralAndAdministrativeExpenses": 3068000000,
    "otherExpenses": 16452000000,
    "operatingExpenses": 19520000000,
    "costAndExpenses": 19520000000,
    "interestIncome": 0,
    "interestExpense": 72000000,
    "depreciationAndAmortization": 160000000,
    "ebitda": -226000000,
    "ebitdaratio": -0.0118560487,
    "operatingIncome": -458000000,
    "operatingIncomeRatio": -0.0240268597,
    "totalOtherIncomeExpensesNet": 0,
    "incomeBeforeTax": -458000000,
    "incomeBeforeTaxRatio": -0.0240268597,
    "incomeTaxExpense": -178000000,
    "netIncome": -274000000,
    "netIncomeRatio": -0.0143741475,
    "eps": -2.07,
    "epsdiluted": -2.07,
    "weightedAverageShsOut": 132093998,
    "weightedAverageShsOutDil": 132093998,
    "link": "https://www.sec.gov/Archives/edgar/data/49071/000004907121000039/0000049071-21-000039-index.htm",
    "finalLink": "https://www.sec.gov/Archives/edgar/data/49071/000004907121000039/hum-20201231.htm"
  },
  {
    "date": "2020-09-30",
    "symbol": "HUM",
    "reportedCurrency": "USD",
    "cik": "0000049071",
    "fillingDate": "2020-11-03",
    "acceptedDate": "2020-11-03 14:01:41",
    "calendarYear": "2020",
    "period": "Q3",
    "revenue": 20075000000,
    "costOfRevenue": 0,
    "grossProfit": 20075000000,
    "grossProfitRatio": 1,
    "researchAndDevelopmentExpenses": 0,
    "generalAndAdministrativeExpenses": 0,
    "sellingAndMarketingExpenses": 0,
    "sellingGeneralAndAdministrativeExpenses": 2513000000,
    "otherExpenses": 15807000000,
    "operatingExpenses": 18320000000,
    "costAndExpenses": 18320000000,
    "interestIncome": 0,
    "interestExpense": 75000000,
    "depreciationAndAmortization": 161000000,
    "ebitda": 1991000000,
    "ebitdaratio": 0.0991780822,
    "operatingIncome": 1755000000,
    "operatingIncomeRatio": 0.0874221669,
    "totalOtherIncomeExpensesNet": 0,
    "incomeBeforeTax": 1755000000,
    "incomeBeforeTaxRatio": 0.0874221669,
    "incomeTaxExpense": 450000000,
    "netIncome": 1340000000,
    "netIncomeRatio": 0.0667496887,
    "eps": 10.13,
    "epsdiluted": 10.05,
    "weightedAverageShsOut": 132317998,
    "weightedAverageShsOutDil": 133195998,
    "link": "https://www.sec.gov/Archives/edgar/data/49071/000004907120000135/0000049071-20-000135-index.htm",
    "finalLink": "https://www.sec.gov/Archives/edgar/data/49071/000004907120000135/hum-20200930.htm"
  },
  {
    "date": "2020-06-30",
    "symbol": "HUM",
    "reportedCurrency": "USD",
    "cik": "0000049071",
    "fillingDate": "2020-08-05",
    "acceptedDate": "2020-08-05 14:02:14",
    "calendarYear": "2020",
    "period": "Q2",
    "revenue": 19083000000,
    "costOfRevenue": 0,
    "grossProfit": 19083000000,
    "grossProfitRatio": 1,
    "researchAndDevelopmentExpenses": 0,
    "generalAndAdministrativeExpenses": 0,
    "sellingAndMarketingExpenses": 0,
    "sellingGeneralAndAdministrativeExpenses": 2354000000,
    "otherExpenses": 14143000000,
    "operatingExpenses": 16497000000,
    "costAndExpenses": 16497000000,
    "interestIncome": 0,
    "interestExpense": 76000000,
    "depreciationAndAmortization": 150000000,
    "ebitda": 2812000000,
    "ebitdaratio": 0.1473562857,
    "operatingIncome": 2586000000,
    "operatingIncomeRatio": 0.1355132841,
    "totalOtherIncomeExpensesNet": 0,
    "incomeBeforeTax": 2586000000,
    "incomeBeforeTaxRatio": 0.1355132841,
    "incomeTaxExpense": 783000000,
    "netIncome": 1828000000,
    "netIncomeRatio": 0.0957920662,
    "eps": 13.82,
    "epsdiluted": 13.75,
    "weightedAverageShsOut": 132247998,
    "weightedAverageShsOutDil": 133022998,
    "link": "https://www.sec.gov/Archives/edgar/data/49071/000004907120000106/0000049071-20-000106-index.htm",
    "finalLink": "https://www.sec.gov/Archives/edgar/data/49071/000004907120000106/hum-20200630.htm"
  },
  {
    "date": "2020-03-31",
    "symbol": "HUM",
    "reportedCurrency": "USD",
    "cik": "0000049071",
    "fillingDate": "2020-04-29",
    "acceptedDate": "2020-04-29 15:17:06",
    "calendarYear": "2020",
    "period": "Q1",
    "revenue": 18935000000,
    "costOfRevenue": 0,
    "grossProfit": 18935000000,
    "grossProfitRatio": 1,
    "researchAndDevelopmentExpenses": 0,
    "generalAndAdministrativeExpenses": 0,
    "sellingAndMarketingExpenses": 0,
    "sellingGeneralAndAdministrativeExpenses": 2117000000,
    "otherExpenses": 16101000000,
    "operatingExpenses": 18218000000,
    "costAndExpenses": 18218000000,
    "interestIncome": 0,
    "interestExpense": 60000000,
    "depreciationAndAmortization": 145000000,
    "ebitda": 922000000,
    "ebitdaratio": 0.0486928968,
    "operatingIncome": 717000000,
    "operatingIncomeRatio": 0.037866385,
    "totalOtherIncomeExpensesNet": 0,
    "incomeBeforeTax": 717000000,
    "incomeBeforeTaxRatio": 0.037866385,
    "incomeTaxExpense": 252000000,
    "netIncome": 473000000,
    "netIncomeRatio": 0.0249801954,
    "eps": 3.58,
    "epsdiluted": 3.56,
    "weightedAverageShsOut": 132134998,
    "weightedAverageShsOutDil": 132810998,
    "link": "https://www.sec.gov/Archives/edgar/data/49071/000004907120000083/0000049071-20-000083-index.htm",
    "finalLink": "https://www.sec.gov/Archives/edgar/data/49071/000004907120000083/hum-20200331x10q.htm"
  },
  {
    "date": "2019-12-31",
    "symbol": "HUM",
    "reportedCurrency": "USD",
    "cik": "0000049071",
    "fillingDate": "2020-02-20",
    "acceptedDate": "2020-02-20 15:38:56",
    "calendarYear": "2019",
    "period": "Q4",
    "revenue": 16295000000,
    "costOfRevenue": 0,
    "grossProfit": 16295000000,
    "grossProfitRatio": 1,
    "researchAndDevelopmentExpenses": 0,
    "generalAndAdministrativeExpenses": 0,
    "sellingAndMarketingExpenses": 0,
    "sellingGeneralAndAdministrativeExpenses": 2129000000,
    "otherExpenses": 13573000000,
    "operatingExpenses": 15702000000,
    "costAndExpenses": 15702000000,
    "interestIncome": 0,
    "interestExpense": 58000000,
    "depreciationAndAmortization": 140000000,
    "ebitda": 791000000,
    "ebitdaratio": 0.0485424977,
    "operatingIncome": 593000000,
    "operatingIncomeRatio": 0.0363915311,
    "totalOtherIncomeExpensesNet": 0,
    "incomeBeforeTax": 593000000,
    "incomeBeforeTaxRatio": 0.0363915311,
    "incomeTaxExpense": 79000000,
    "netIncome": 512000000,
    "netIncomeRatio": 0.0314206812,
    "eps": 3.87,
    "epsdiluted": 3.84,
    "weightedAverageShsOut": 132452998,
    "weightedAverageShsOutDil": 133341998,
    "link": "https://www.sec.gov/Archives/edgar/data/49071/000004907120000032/0000049071-20-000032-index.htm",
    "finalLink": "https://www.sec.gov/Archives/edgar/data/49071/000004907120000032/hum-20191231x10k.htm"
  },
  {
    "date": "2019-09-30",
    "symbol": "HUM",
    "reportedCurrency": "USD",
    "cik": "0000049071",
    "fillingDate": "2019-11-06",
    "acceptedDate": "2019-11-06 14:57:59",
    "calendarYear": "2019",
    "period": "Q3",
    "revenue": 16241000000,
    "costOfRevenue": 0,
    "grossProfit": 16241000000,
    "grossProfitRatio": 1,
    "researchAndDevelopmentExpenses": 0,
    "generalAndAdministrativeExpenses": 0,
    "sellingAndMarketingExpenses": 0,
    "sellingGeneralAndAdministrativeExpenses": 1889000000,
    "otherExpenses": 13464000000,
    "operatingExpenses": 15353000000,
    "costAndExpenses": 15353000000,
    "interestIncome": 0,
    "interestExpense": 62000000,
    "depreciationAndAmortization": 159000000,
    "ebitda": 1109000000,
    "ebitdaratio": 0.0682839727,
    "operatingIncome": 888000000,
    "operatingIncomeRatio": 0.0546764362,
    "totalOtherIncomeExpensesNet": 0,
    "incomeBeforeTax": 888000000,
    "incomeBeforeTaxRatio": 0.0546764362,
    "incomeTaxExpense": 200000000,
    "netIncome": 689000000,
    "netIncomeRatio": 0.0424234961,
    "eps": 5.17,
    "epsdiluted": 5.14,
    "weightedAverageShsOut": 133320998,
    "weightedAverageShsOutDil": 134024998,
    "link": "https://www.sec.gov/Archives/edgar/data/49071/000004907119000105/0000049071-19-000105-index.htm",
    "finalLink": "https://www.sec.gov/Archives/edgar/data/49071/000004907119000105/hum-20190930x10q.htm"
  },
  {
    "date": "2019-06-30",
    "symbol": "HUM",
    "reportedCurrency": "USD",
    "cik": "0000049071",
    "fillingDate": "2019-07-31",
    "acceptedDate": "2019-07-31 13:40:46",
    "calendarYear": "2019",
    "period": "Q2",
    "revenue": 16245000000,
    "costOfRevenue": 0,
    "grossProfit": 16245000000,
    "grossProfitRatio": 1,
    "researchAndDevelopmentExpenses": 0,
    "generalAndAdministrativeExpenses": 0,
    "sellingAndMarketingExpenses": 0,
    "sellingGeneralAndAdministrativeExpenses": 1703000000,
    "otherExpenses": 13313000000,
    "operatingExpenses": 15016000000,
    "costAndExpenses": 15016000000,
    "interestIncome": 0,
    "interestExpense": 60000000,
    "depreciationAndAmortization": 140000000,
    "ebitda": 1429000000,
    "ebitdaratio": 0.0879655279,
    "operatingIncome": 1229000000,
    "operatingIncomeRatio": 0.0756540474,
    "totalOtherIncomeExpensesNet": 0,
    "incomeBeforeTax": 1229000000,
    "incomeBeforeTaxRatio": 0.0756540474,
    "incomeTaxExpense": 301000000,
    "netIncome": 940000000,
    "netIncomeRatio": 0.0578639581,
    "eps": 6.96,
    "epsdiluted": 6.94,
    "weightedAverageShsOut": 135062998,
    "weightedAverageShsOutDil": 135578998,
    "link": "https://www.sec.gov/Archives/edgar/data/49071/000004907119000085/0000049071-19-000085-index.htm",
    "finalLink": "https://www.sec.gov/Archives/edgar/data/49071/000004907119000085/hum-20190630x10q.htm"
  },
  {
    "date": "2019-03-31",
    "symbol": "HUM",
    "reportedCurrency": "USD",
    "cik": "0000049071",
    "fillingDate": "2019-05-01",
    "acceptedDate": "2019-05-01 14:49:22",
    "calendarYear": "2019",
    "period": "Q1",
    "revenue": 16107000000,
    "costOfRevenue": 0,
    "grossProfit": 16107000000,
    "grossProfitRatio": 1,
    "researchAndDevelopmentExpenses": 0,
    "generalAndAdministrativeExpenses": 0,
    "sellingAndMarketingExpenses": 0,
    "sellingGeneralAndAdministrativeExpenses": 1660000000,
    "otherExpenses": 13701000000,
    "operatingExpenses": 15361000000,
    "costAndExpenses": 15361000000,
    "interestIncome": 0,
    "interestExpense": 62000000,
    "depreciationAndAmortization": 136000000,
    "ebitda": 944000000,
    "ebitdaratio": 0.0586080586,
    "operatingIncome": 746000000,
    "operatingIncomeRatio": 0.0463152667,
    "totalOtherIncomeExpensesNet": 0,
    "incomeBeforeTax": 746000000,
    "incomeBeforeTaxRatio": 0.0463152667,
    "incomeTaxExpense": 183000000,
    "netIncome": 566000000,
    "netIncomeRatio": 0.0351400012,
    "eps": 4.18,
    "epsdiluted": 4.16,
    "weightedAverageShsOut": 135382998,
    "weightedAverageShsOutDil": 135961998,
    "link": "https://www.sec.gov/Archives/edgar/data/49071/000004907119000061/0000049071-19-000061-index.htm",
    "finalLink": "https://www.sec.gov/Archives/edgar/data/49071/000004907119000061/hum-20190331x10q.htm"
  },
  {
    "date": "2018-12-31",
    "symbol": "HUM",
    "reportedCurrency": "USD",
    "cik": "0000049071",
    "fillingDate": "2019-02-21",
    "acceptedDate": "2019-02-21 16:23:36",
    "calendarYear": "2018",
    "period": "Q4",
    "revenue": 14168000000,
    "costOfRevenue": 0,
    "grossProfit": 14168000000,
    "grossProfitRatio": 1,
    "researchAndDevelopmentExpenses": 0,
    "generalAndAdministrativeExpenses": 0,
    "sellingAndMarketingExpenses": 0,
    "sellingGeneralAndAdministrativeExpenses": 2115000000,
    "otherExpenses": 11617000000,
    "operatingExpenses": 13732000000,
    "costAndExpenses": 13732000000,
    "interestIncome": 0,
    "interestExpense": 59000000,
    "depreciationAndAmortization": 134000000,
    "ebitda": 629000000,
    "ebitdaratio": 0.0443958216,
    "operatingIncome": 436000000,
    "operatingIncomeRatio": 0.0307735743,
    "totalOtherIncomeExpensesNet": 0,
    "incomeBeforeTax": 436000000,
    "incomeBeforeTaxRatio": 0.0307735743,
    "incomeTaxExpense": 83000000,
    "netIncome": 355000000,
    "netIncomeRatio": 0.0250564653,
    "eps": 2.6,
    "epsdiluted": 2.58,
    "weightedAverageShsOut": 136569998,
    "weightedAverageShsOutDil": 137528998,
    "link": "https://www.sec.gov/Archives/edgar/data/49071/000004907119000023/0000049071-19-000023-index.htm",
    "finalLink": "https://www.sec.gov/Archives/edgar/data/49071/000004907119000023/hum-20181231x10k.htm"
  },
  {
    "date": "2018-09-30",
    "symbol": "HUM",
    "reportedCurrency": "USD",
    "cik": "0000049071",
    "fillingDate": "2018-11-07",
    "acceptedDate": "2018-11-07 16:21:12",
    "calendarYear": "2018",
    "period": "Q3",
    "revenue": 14206000000,
    "costOfRevenue": 0,
    "grossProfit": 14206000000,
    "grossProfitRatio": 1,
    "researchAndDevelopmentExpenses": 0,
    "generalAndAdministrativeExpenses": 0,
    "sellingAndMarketingExpenses": 0,
    "sellingGeneralAndAdministrativeExpenses": 1900000000,
    "otherExpenses": 11405000000,
    "operatingExpenses": 13305000000,
    "costAndExpenses": 13305000000,
    "interestIncome": 0,
    "interestExpense": 53000000,
    "depreciationAndAmortization": 131000000,
    "ebitda": 1085000000,
    "ebitdaratio": 0.0763761791,
    "operatingIncome": 901000000,
    "operatingIncomeRatio": 0.0634239054,
    "totalOtherIncomeExpensesNet": 0,
    "incomeBeforeTax": 901000000,
    "incomeBeforeTaxRatio": 0.0634239054,
    "incomeTaxExpense": 266000000,
    "netIncome": 644000000,
    "netIncomeRatio": 0.0453329579,
    "eps": 4.68,
    "epsdiluted": 4.65,
    "weightedAverageShsOut": 137708998,
    "weightedAverageShsOutDil": 138677998,
    "link": "https://www.sec.gov/Archives/edgar/data/49071/000004907118000123/0000049071-18-000123-index.htm",
    "finalLink": "https://www.sec.gov/Archives/edgar/data/49071/000004907118000123/hum-20180930x10q.htm"
  },
  {
    "date": "2018-06-30",
    "symbol": "HUM",
    "reportedCurrency": "USD",
    "cik": "0000049071",
    "fillingDate": "2018-08-01",
    "acceptedDate": "2018-08-01 13:51:56",
    "calendarYear": "2018",
    "period": "Q2",
    "revenue": 14259000000,
    "costOfRevenue": 0,
    "grossProfit": 14259000000,
    "grossProfitRatio": 1,
    "researchAndDevelopmentExpenses": 0,
    "generalAndAdministrativeExpenses": 0,
    "sellingAndMarketingExpenses": 0,
    "sellingGeneralAndAdministrativeExpenses": 1761000000,
    "otherExpenses": 12479000000,
    "operatingExpenses": 14240000000,
    "costAndExpenses": 14240000000,
    "interestIncome": 0,
    "interestExpense": 53000000,
    "depreciationAndAmortization": 130000000,
    "ebitda": 202000000,
    "ebitdaratio": 0.0141664913,
    "operatingIncome": 19000000,
    "operatingIncomeRatio": 0.0013324918,
    "totalOtherIncomeExpensesNet": 0,
    "incomeBeforeTax": 19000000,
    "incomeBeforeTaxRatio": 0.0013324918,
    "incomeTaxExpense": -174000000,
    "netIncome": 193000000,
    "netIncomeRatio": 0.013535311,
    "eps": 1.4,
    "epsdiluted": 1.39,
    "weightedAverageShsOut": 137762998,
    "weightedAverageShsOutDil": 138575998,
    "link": "https://www.sec.gov/Archives/edgar/data/49071/000004907118000100/0000049071-18-000100-index.htm",
    "finalLink": "https://www.sec.gov/Archives/edgar/data/49071/000004907118000100/hum-20180630x10q.htm"
  },
  {
    "date": "2018-03-31",
    "symbol": "HUM",
    "reportedCurrency": "USD",
    "cik": "0000049071",
    "fillingDate": "2018-05-02",
    "acceptedDate": "2018-05-02 13:09:04",
    "calendarYear": "2018",
    "period": "Q1",
    "revenue": 14279000000,
    "costOfRevenue": 0,
    "grossProfit": 14279000000,
    "grossProfitRatio": 1,
    "researchAndDevelopmentExpenses": 0,
    "generalAndAdministrativeExpenses": 0,
    "sellingAndMarketingExpenses": 0,
    "sellingGeneralAndAdministrativeExpenses": 1749000000,
    "otherExpenses": 11823000000,
    "operatingExpenses": 13572000000,
    "costAndExpenses": 13572000000,
    "interestIncome": 0,
    "interestExpense": 53000000,
    "depreciationAndAmortization": 139000000,
    "ebitda": 899000000,
    "ebitdaratio": 0.062959591,
    "operatingIncome": 707000000,
    "operatingIncomeRatio": 0.0495132712,
    "totalOtherIncomeExpensesNet": 0,
    "incomeBeforeTax": 707000000,
    "incomeBeforeTaxRatio": 0.0495132712,
    "incomeTaxExpense": 216000000,
    "netIncome": 491000000,
    "netIncomeRatio": 0.0343861615,
    "eps": 3.56,
    "epsdiluted": 3.53,
    "weightedAverageShsOut": 137902998,
    "weightedAverageShsOutDil": 138829998,
    "link": "https://www.sec.gov/Archives/edgar/data/49071/000004907118000062/0000049071-18-000062-index.htm",
    "finalLink": "https://www.sec.gov/Archives/edgar/data/49071/000004907118000062/hum-20180331x10q.htm"
  },
  {
    "date": "2017-12-31",
    "symbol": "HUM",
    "reportedCurrency": "USD",
    "cik": "0000049071",
    "fillingDate": "2018-02-16",
    "acceptedDate": "2018-02-16 13:05:51",
    "calendarYear": "2017",
    "period": "Q4",
    "revenue": 13189000000,
    "costOfRevenue": 0,
    "grossProfit": 13189000000,
    "grossProfitRatio": 1,
    "researchAndDevelopmentExpenses": 0,
    "generalAndAdministrativeExpenses": 0,
    "sellingAndMarketingExpenses": 0,
    "sellingGeneralAndAdministrativeExpenses": 1873000000,
    "otherExpenses": 10826000000,
    "operatingExpenses": 12699000000,
    "costAndExpenses": 12699000000,
    "interestIncome": 0,
    "interestExpense": 76000000,
    "depreciationAndAmortization": 128000000,
    "ebitda": 694000000,
    "ebitdaratio": 0.0526196072,
    "operatingIncome": 490000000,
    "operatingIncomeRatio": 0.0371521723,
    "totalOtherIncomeExpensesNet": 0,
    "incomeBeforeTax": 490000000,
    "incomeBeforeTaxRatio": 0.0371521723,
    "incomeTaxExpense": 306000000,
    "netIncome": 184000000,
    "netIncomeRatio": 0.0139510198,
    "eps": 1.3,
    "epsdiluted": 1.29,
    "weightedAverageShsOut": 141332998,
    "weightedAverageShsOutDil": 142473998,
    "link": "https://www.sec.gov/Archives/edgar/data/49071/000004907118000014/0000049071-18-000014-index.htm",
    "finalLink": "https://www.sec.gov/Archives/edgar/data/49071/000004907118000014/hum-20171231x10k.htm"
  },
  {
    "date": "2017-09-30",
    "symbol": "HUM",
    "reportedCurrency": "USD",
    "cik": "0000049071",
    "fillingDate": "2017-11-08",
    "acceptedDate": "2017-11-08 16:35:14",
    "calendarYear": "2017",
    "period": "Q3",
    "revenue": 13282000000,
    "costOfRevenue": 0,
    "grossProfit": 13282000000,
    "grossProfitRatio": 1,
    "researchAndDevelopmentExpenses": 0,
    "generalAndAdministrativeExpenses": 0,
    "sellingAndMarketingExpenses": 0,
    "sellingGeneralAndAdministrativeExpenses": 1688000000,
    "otherExpenses": 10795000000,
    "operatingExpenses": 12483000000,
    "costAndExpenses": 12483000000,
    "interestIncome": 0,
    "interestExpense": 59000000,
    "depreciationAndAmortization": 120000000,
    "ebitda": 978000000,
    "ebitdaratio": 0.0736334889,
    "operatingIncome": 799000000,
    "operatingIncomeRatio": 0.0601566029,
    "totalOtherIncomeExpensesNet": 0,
    "incomeBeforeTax": 799000000,
    "incomeBeforeTaxRatio": 0.0601566029,
    "incomeTaxExpense": 300000000,
    "netIncome": 499000000,
    "netIncomeRatio": 0.0375696431,
    "eps": 3.46,
    "epsdiluted": 3.44,
    "weightedAverageShsOut": 144214998,
    "weightedAverageShsOutDil": 145359998,
    "link": "https://www.sec.gov/Archives/edgar/data/49071/000004907117000169/0000049071-17-000169-index.htm",
    "finalLink": "https://www.sec.gov/Archives/edgar/data/49071/000004907117000169/hum-20170930x10q.htm"
  },
  {
    "date": "2017-06-30",
    "symbol": "HUM",
    "reportedCurrency": "USD",
    "cik": "0000049071",
    "fillingDate": "2017-08-02",
    "acceptedDate": "2017-08-02 11:32:28",
    "calendarYear": "2017",
    "period": "Q2",
    "revenue": 13534000000,
    "costOfRevenue": 0,
    "grossProfit": 13534000000,
    "grossProfitRatio": 1,
    "researchAndDevelopmentExpenses": 0,
    "generalAndAdministrativeExpenses": 0,
    "sellingAndMarketingExpenses": 0,
    "sellingGeneralAndAdministrativeExpenses": 1453000000,
    "otherExpenses": 11039000000,
    "operatingExpenses": 12492000000,
    "costAndExpenses": 12492000000,
    "interestIncome": 0,
    "interestExpense": 58000000,
    "depreciationAndAmortization": 119000000,
    "ebitda": 1219000000,
    "ebitdaratio": 0.0900694547,
    "operatingIncome": 1042000000,
    "operatingIncomeRatio": 0.0769912812,
    "totalOtherIncomeExpensesNet": 0,
    "incomeBeforeTax": 1042000000,
    "incomeBeforeTaxRatio": 0.0769912812,
    "incomeTaxExpense": 392000000,
    "netIncome": 650000000,
    "netIncomeRatio": 0.0480271908,
    "eps": 4.5,
    "epsdiluted": 4.46,
    "weightedAverageShsOut": 144599998,
    "weightedAverageShsOutDil": 145633998,
    "link": "https://www.sec.gov/Archives/edgar/data/49071/000004907117000143/0000049071-17-000143-index.htm",
    "finalLink": "https://www.sec.gov/Archives/edgar/data/49071/000004907117000143/hum-20170630x10q.htm"
  },
  {
    "date": "2017-03-31",
    "symbol": "HUM",
    "reportedCurrency": "USD",
    "cik": "0000049071",
    "fillingDate": "2017-05-03",
    "acceptedDate": "2017-05-03 12:00:43",
    "calendarYear": "2017",
    "period": "Q1",
    "revenue": 13762000000,
    "costOfRevenue": 0,
    "grossProfit": 13762000000,
    "grossProfitRatio": 1,
    "researchAndDevelopmentExpenses": 0,
    "generalAndAdministrativeExpenses": 0,
    "sellingAndMarketingExpenses": 0,
    "sellingGeneralAndAdministrativeExpenses": 1553000000,
    "otherExpenses": 10520000000,
    "operatingExpenses": 12073000000,
    "costAndExpenses": 12073000000,
    "interestIncome": 0,
    "interestExpense": 49000000,
    "depreciationAndAmortization": 118000000,
    "ebitda": 1856000000,
    "ebitdaratio": 0.1348641186,
    "operatingIncome": 1689000000,
    "operatingIncomeRatio": 0.1227292545,
    "totalOtherIncomeExpensesNet": 0,
    "incomeBeforeTax": 1689000000,
    "incomeBeforeTaxRatio": 0.1227292545,
    "incomeTaxExpense": 574000000,
    "netIncome": 1115000000,
    "netIncomeRatio": 0.0810202006,
    "eps": 7.54,
    "epsdiluted": 7.49,
    "weightedAverageShsOut": 147823998,
    "weightedAverageShsOutDil": 148871998,
    "link": "https://www.sec.gov/Archives/edgar/data/49071/000004907117000102/0000049071-17-000102-index.htm",
    "finalLink": "https://www.sec.gov/Archives/edgar/data/49071/000004907117000102/hum-20170331x10q.htm"
  },
  {
    "date": "2016-12-31",
    "symbol": "HUM",
    "reportedCurrency": "USD",
    "cik": "0000049071",
    "fillingDate": "2017-02-17",
    "acceptedDate": "2017-02-17 08:40:44",
    "calendarYear": "2016",
    "period": "Q4",
    "revenue": 12878000000,
    "costOfRevenue": 0,
    "grossProfit": 12878000000,
    "grossProfitRatio": 1,
    "researchAndDevelopmentExpenses": 0,
    "generalAndAdministrativeExpenses": 0,
    "sellingAndMarketingExpenses": 0,
    "sellingGeneralAndAdministrativeExpenses": 2024000000,
    "otherExpenses": 11340000000,
    "operatingExpenses": 13364000000,
    "costAndExpenses": 13364000000,
    "interestIncome": 0,
    "interestExpense": 48000000,
    "depreciationAndAmortization": 117000000,
    "ebitda": -321000000,
    "ebitdaratio": -0.0249262308,
    "operatingIncome": -486000000,
    "operatingIncomeRatio": -0.0377387793,
    "totalOtherIncomeExpensesNet": 0,
    "incomeBeforeTax": -486000000,
    "incomeBeforeTaxRatio": -0.0377387793,
    "incomeTaxExpense": -85000000,
    "netIncome": -401000000,
    "netIncomeRatio": -0.0311383755,
    "eps": -2.68,
    "epsdiluted": -2.68,
    "weightedAverageShsOut": 149535998,
    "weightedAverageShsOutDil": 149535998,
    "link": "https://www.sec.gov/Archives/edgar/data/49071/000004907117000019/0000049071-17-000019-index.htm",
    "finalLink": "https://www.sec.gov/Archives/edgar/data/49071/000004907117000019/hum-20161231x10k.htm"
  },
  {
    "date": "2016-09-30",
    "symbol": "HUM",
    "reportedCurrency": "USD",
    "cik": "0000049071",
    "fillingDate": "2016-11-04",
    "acceptedDate": "2016-11-04 08:03:52",
    "calendarYear": "2016",
    "period": "Q3",
    "revenue": 13694000000,
    "costOfRevenue": 0,
    "grossProfit": 13694000000,
    "grossProfitRatio": 1,
    "researchAndDevelopmentExpenses": 0,
    "generalAndAdministrativeExpenses": 0,
    "sellingAndMarketingExpenses": 0,
    "sellingGeneralAndAdministrativeExpenses": 1739000000,
    "otherExpenses": 11053000000,
    "operatingExpenses": 12792000000,
    "costAndExpenses": 12792000000,
    "interestIncome": 0,
    "interestExpense": 47000000,
    "depreciationAndAmortization": 117000000,
    "ebitda": 1066000000,
    "ebitdaratio": 0.0778443114,
    "operatingIncome": 902000000,
    "operatingIncomeRatio": 0.0658682635,
    "totalOtherIncomeExpensesNet": 0,
    "incomeBeforeTax": 902000000,
    "incomeBeforeTaxRatio": 0.0658682635,
    "incomeTaxExpense": 452000000,
    "netIncome": 450000000,
    "netIncomeRatio": 0.0328611071,
    "eps": 3.01,
    "epsdiluted": 2.98,
    "weightedAverageShsOut": 149416998,
    "weightedAverageShsOutDil": 150903998,
    "link": "https://www.sec.gov/Archives/edgar/data/49071/000004907116000184/0000049071-16-000184-index.htm",
    "finalLink": "https://www.sec.gov/Archives/edgar/data/49071/000004907116000184/hum-20160930x10q.htm"
  },
  {
    "date": "2016-06-30",
    "symbol": "HUM",
    "reportedCurrency": "USD",
    "cik": "0000049071",
    "fillingDate": "2016-08-03",
    "acceptedDate": "2016-08-03 08:05:00",
    "calendarYear": "2016",
    "period": "Q2",
    "revenue": 14007000000,
    "costOfRevenue": 0,
    "grossProfit": 14007000000,
    "grossProfitRatio": 1,
    "researchAndDevelopmentExpenses": 0,
    "generalAndAdministrativeExpenses": 0,
    "sellingAndMarketingExpenses": 0,
    "sellingGeneralAndAdministrativeExpenses": 1699000000,
    "otherExpenses": 11672000000,
    "operatingExpenses": 13371000000,
    "costAndExpenses": 13371000000,
    "interestIncome": 0,
    "interestExpense": 47000000,
    "depreciationAndAmortization": 116000000,
    "ebitda": 799000000,
    "ebitdaratio": 0.0570429071,
    "operatingIncome": 636000000,
    "operatingIncomeRatio": 0.0454058685,
    "totalOtherIncomeExpensesNet": 0,
    "incomeBeforeTax": 636000000,
    "incomeBeforeTaxRatio": 0.0454058685,
    "incomeTaxExpense": 325000000,
    "netIncome": 311000000,
    "netIncomeRatio": 0.0222031841,
    "eps": 2.08,
    "epsdiluted": 2.06,
    "weightedAverageShsOut": 149385998,
    "weightedAverageShsOutDil": 150805998,
    "link": "https://www.sec.gov/Archives/edgar/data/49071/000004907116000169/0000049071-16-000169-index.htm",
    "finalLink": "https://www.sec.gov/Archives/edgar/data/49071/000004907116000169/hum-20160630x10q.htm"
  },
  {
    "date": "2016-03-31",
    "symbol": "HUM",
    "reportedCurrency": "USD",
    "cik": "0000049071",
    "fillingDate": "2016-05-04",
    "acceptedDate": "2016-05-04 16:16:30",
    "calendarYear": "2016",
    "period": "Q1",
    "revenue": 13800000000,
    "costOfRevenue": 0,
    "grossProfit": 13800000000,
    "grossProfitRatio": 1,
    "researchAndDevelopmentExpenses": 0,
    "generalAndAdministrativeExpenses": 0,
    "sellingAndMarketingExpenses": 0,
    "sellingGeneralAndAdministrativeExpenses": 1734000000,
    "otherExpenses": 11566000000,
    "operatingExpenses": 13300000000,
    "costAndExpenses": 13300000000,
    "interestIncome": 0,
    "interestExpense": 47000000,
    "depreciationAndAmortization": 115000000,
    "ebitda": 662000000,
    "ebitdaratio": 0.0479710145,
    "operatingIncome": 500000000,
    "operatingIncomeRatio": 0.0362318841,
    "totalOtherIncomeExpensesNet": 0,
    "incomeBeforeTax": 500000000,
    "incomeBeforeTaxRatio": 0.0362318841,
    "incomeTaxExpense": 246000000,
    "netIncome": 254000000,
    "netIncomeRatio": 0.0184057971,
    "eps": 1.7,
    "epsdiluted": 1.68,
    "weightedAverageShsOut": 149160998,
    "weightedAverageShsOutDil": 150895998,
    "link": "https://www.sec.gov/Archives/edgar/data/49071/000004907116000146/0000049071-16-000146-index.htm",
    "finalLink": "https://www.sec.gov/Archives/edgar/data/49071/000004907116000146/hum-20160331x10q.htm"
  },
  {
    "date": "2015-12-31",
    "symbol": "HUM",
    "reportedCurrency": "USD",
    "cik": "0000049071",
    "fillingDate": "2016-02-18",
    "acceptedDate": "2016-02-18 16:14:12",
    "calendarYear": "2015",
    "period": "Q4",
    "revenue": 13361000000,
    "costOfRevenue": 0,
    "grossProfit": 13361000000,
    "grossProfitRatio": 1,
    "researchAndDevelopmentExpenses": 0,
    "generalAndAdministrativeExpenses": 0,
    "sellingAndMarketingExpenses": 0,
    "sellingGeneralAndAdministrativeExpenses": 1868000000,
    "otherExpenses": 11247000000,
    "operatingExpenses": 13115000000,
    "costAndExpenses": 13115000000,
    "interestIncome": 0,
    "interestExpense": 46000000,
    "depreciationAndAmortization": 112000000,
    "ebitda": 404000000,
    "ebitdaratio": 0.0302372577,
    "operatingIncome": 246000000,
    "operatingIncomeRatio": 0.0184117955,
    "totalOtherIncomeExpensesNet": 0,
    "incomeBeforeTax": 246000000,
    "incomeBeforeTaxRatio": 0.0184117955,
    "incomeTaxExpense": 145000000,
    "netIncome": 101000000,
    "netIncomeRatio": 0.0075593144,
    "eps": 0.68,
    "epsdiluted": 0.66,
    "weightedAverageShsOut": 148969998,
    "weightedAverageShsOutDil": 150605998,
    "link": "https://www.sec.gov/Archives/edgar/data/49071/000004907116000117/0000049071-16-000117-index.htm",
    "finalLink": "https://www.sec.gov/Archives/edgar/data/49071/000004907116000117/hum-20151231x10k.htm"
  },
  {
    "date": "2015-09-30",
    "symbol": "HUM",
    "reportedCurrency": "USD",
    "cik": "0000049071",
    "fillingDate": "2015-11-06",
    "acceptedDate": "2015-11-06 09:11:32",
    "calendarYear": "2015",
    "period": "Q3",
    "revenue": 13363000000,
    "costOfRevenue": 0,
    "grossProfit": 13363000000,
    "grossProfitRatio": 1,
    "researchAndDevelopmentExpenses": 0,
    "generalAndAdministrativeExpenses": 0,
    "sellingAndMarketingExpenses": 0,
    "sellingGeneralAndAdministrativeExpenses": 1688000000,
    "otherExpenses": 11027000000,
    "operatingExpenses": 12715000000,
    "costAndExpenses": 12715000000,
    "interestIncome": 0,
    "interestExpense": 47000000,
    "depreciationAndAmortization": 107000000,
    "ebitda": 802000000,
    "ebitdaratio": 0.0600164634,
    "operatingIncome": 648000000,
    "operatingIncomeRatio": 0.0484921051,
    "totalOtherIncomeExpensesNet": 0,
    "incomeBeforeTax": 648000000,
    "incomeBeforeTaxRatio": 0.0484921051,
    "incomeTaxExpense": 334000000,
    "netIncome": 314000000,
    "netIncomeRatio": 0.0234977176,
    "eps": 2.11,
    "epsdiluted": 2.09,
    "weightedAverageShsOut": 148888998,
    "weightedAverageShsOutDil": 150465998,
    "link": "https://www.sec.gov/Archives/edgar/data/49071/000004907115000098/0000049071-15-000098-index.htm",
    "finalLink": "https://www.sec.gov/Archives/edgar/data/49071/000004907115000098/hum-20150930x10q.htm"
  },
  {
    "date": "2015-06-30",
    "symbol": "HUM",
    "reportedCurrency": "USD",
    "cik": "0000049071",
    "fillingDate": "2015-07-29",
    "acceptedDate": "2015-07-29 09:14:06",
    "calendarYear": "2015",
    "period": "Q2",
    "revenue": 13732000000,
    "costOfRevenue": 0,
    "grossProfit": 13732000000,
    "grossProfitRatio": 1,
    "researchAndDevelopmentExpenses": 0,
    "generalAndAdministrativeExpenses": 0,
    "sellingAndMarketingExpenses": 0,
    "sellingGeneralAndAdministrativeExpenses": 1817000000,
    "otherExpenses": 11122000000,
    "operatingExpenses": 12939000000,
    "costAndExpenses": 12939000000,
    "interestIncome": 0,
    "interestExpense": 47000000,
    "depreciationAndAmortization": 114000000,
    "ebitda": 954000000,
    "ebitdaratio": 0.0694727643,
    "operatingIncome": 793000000,
    "operatingIncomeRatio": 0.0577483251,
    "totalOtherIncomeExpensesNet": 0,
    "incomeBeforeTax": 793000000,
    "incomeBeforeTaxRatio": 0.0577483251,
    "incomeTaxExpense": 362000000,
    "netIncome": 431000000,
    "netIncomeRatio": 0.0313865424,
    "eps": 2.88,
    "epsdiluted": 2.85,
    "weightedAverageShsOut": 149472998,
    "weightedAverageShsOutDil": 151147998,
    "link": "https://www.sec.gov/Archives/edgar/data/49071/000004907115000075/0000049071-15-000075-index.htm",
    "finalLink": "https://www.sec.gov/Archives/edgar/data/49071/000004907115000075/hum-20150630x10q.htm"
  },
  {
    "date": "2015-03-31",
    "symbol": "HUM",
    "reportedCurrency": "USD",
    "cik": "0000049071",
    "fillingDate": "2015-04-29",
    "acceptedDate": "2015-04-29 16:11:58",
    "calendarYear": "2015",
    "period": "Q1",
    "revenue": 13833000000,
    "costOfRevenue": 0,
    "grossProfit": 13833000000,
    "grossProfitRatio": 1,
    "researchAndDevelopmentExpenses": 0,
    "generalAndAdministrativeExpenses": 0,
    "sellingAndMarketingExpenses": 0,
    "sellingGeneralAndAdministrativeExpenses": 1945000000,
    "otherExpenses": 11144000000,
    "operatingExpenses": 13089000000,
    "costAndExpenses": 13089000000,
    "interestIncome": 0,
    "interestExpense": 46000000,
    "depreciationAndAmortization": 114000000,
    "ebitda": 904000000,
    "ebitdaratio": 0.0653509723,
    "operatingIncome": 744000000,
    "operatingIncomeRatio": 0.0537844285,
    "totalOtherIncomeExpensesNet": 0,
    "incomeBeforeTax": 744000000,
    "incomeBeforeTaxRatio": 0.0537844285,
    "incomeTaxExpense": 314000000,
    "netIncome": 430000000,
    "netIncomeRatio": 0.0310850864,
    "eps": 2.86,
    "epsdiluted": 2.82,
    "weightedAverageShsOut": 150489998,
    "weightedAverageShsOutDil": 152348998,
    "link": "https://www.sec.gov/Archives/edgar/data/49071/000004907115000061/0000049071-15-000061-index.htm",
    "finalLink": "https://www.sec.gov/Archives/edgar/data/49071/000004907115000061/hum-20150331x10q.htm"
  },
  {
    "date": "2014-12-31",
    "symbol": "HUM",
    "reportedCurrency": "USD",
    "cik": "0000049071",
    "fillingDate": "2015-02-18",
    "acceptedDate": "2015-02-18 16:27:38",
    "calendarYear": "2014",
    "period": "Q4",
    "revenue": 12328000000,
    "costOfRevenue": 0,
    "grossProfit": 12328000000,
    "grossProfitRatio": 1,
    "researchAndDevelopmentExpenses": 0,
    "generalAndAdministrativeExpenses": 0,
    "sellingAndMarketingExpenses": 0,
    "sellingGeneralAndAdministrativeExpenses": 2121000000,
    "otherExpenses": 9920000000,
    "operatingExpenses": 12041000000,
    "costAndExpenses": 12041000000,
    "interestIncome": 0,
    "interestExpense": 84000000,
    "depreciationAndAmortization": 124000000,
    "ebitda": 495000000,
    "ebitdaratio": 0.0401524984,
    "operatingIncome": 287000000,
    "operatingIncomeRatio": 0.0232803374,
    "totalOtherIncomeExpensesNet": 0,
    "incomeBeforeTax": 287000000,
    "incomeBeforeTaxRatio": 0.0232803374,
    "incomeTaxExpense": 142000000,
    "netIncome": 145000000,
    "netIncomeRatio": 0.011761843,
    "eps": 0.96,
    "epsdiluted": 0.95,
    "weightedAverageShsOut": 151731998,
    "weightedAverageShsOutDil": 153571998,
    "link": "https://www.sec.gov/Archives/edgar/data/49071/000004907115000019/0000049071-15-000019-index.htm",
    "finalLink": "https://www.sec.gov/Archives/edgar/data/49071/000004907115000019/hum-20141231x10k.htm"
  },
  {
    "date": "2014-09-30",
    "symbol": "HUM",
    "reportedCurrency": "USD",
    "cik": "0000049071",
    "fillingDate": "2014-11-07",
    "acceptedDate": "2014-11-07 11:37:27",
    "calendarYear": "2014",
    "period": "Q3",
    "revenue": 12238000000,
    "costOfRevenue": 0,
    "grossProfit": 12238000000,
    "grossProfitRatio": 1,
    "researchAndDevelopmentExpenses": 0,
    "generalAndAdministrativeExpenses": 0,
    "sellingAndMarketingExpenses": 0,
    "sellingGeneralAndAdministrativeExpenses": 1898000000,
    "otherExpenses": 9789000000,
    "operatingExpenses": 11687000000,
    "costAndExpenses": 11687000000,
    "interestIncome": 0,
    "interestExpense": 38000000,
    "depreciationAndAmortization": 112000000,
    "ebitda": 701000000,
    "ebitdaratio": 0.0572806014,
    "operatingIncome": 551000000,
    "operatingIncomeRatio": 0.0450236967,
    "totalOtherIncomeExpensesNet": 0,
    "incomeBeforeTax": 551000000,
    "incomeBeforeTaxRatio": 0.0450236967,
    "incomeTaxExpense": 261000000,
    "netIncome": 290000000,
    "netIncomeRatio": 0.0236966825,
    "eps": 1.88,
    "epsdiluted": 1.85,
    "weightedAverageShsOut": 154501998,
    "weightedAverageShsOutDil": 156229998,
    "link": "https://www.sec.gov/Archives/edgar/data/49071/000004907114000128/0000049071-14-000128-index.htm",
    "finalLink": "https://www.sec.gov/Archives/edgar/data/49071/000004907114000128/hum-20140930x10q.htm"
  },
  {
    "date": "2014-06-30",
    "symbol": "HUM",
    "reportedCurrency": "USD",
    "cik": "0000049071",
    "fillingDate": "2014-07-30",
    "acceptedDate": "2014-07-30 17:01:04",
    "calendarYear": "2014",
    "period": "Q2",
    "revenue": 12222000000,
    "costOfRevenue": 0,
    "grossProfit": 12222000000,
    "grossProfitRatio": 1,
    "researchAndDevelopmentExpenses": 0,
    "generalAndAdministrativeExpenses": 0,
    "sellingAndMarketingExpenses": 0,
    "sellingGeneralAndAdministrativeExpenses": 1835000000,
    "otherExpenses": 9741000000,
    "operatingExpenses": 11576000000,
    "costAndExpenses": 11576000000,
    "interestIncome": 0,
    "interestExpense": 35000000,
    "depreciationAndAmortization": 106000000,
    "ebitda": 787000000,
    "ebitdaratio": 0.0643920799,
    "operatingIncome": 646000000,
    "operatingIncomeRatio": 0.0528555065,
    "totalOtherIncomeExpensesNet": 0,
    "incomeBeforeTax": 646000000,
    "incomeBeforeTaxRatio": 0.0528555065,
    "incomeTaxExpense": 302000000,
    "netIncome": 344000000,
    "netIncomeRatio": 0.0281459663,
    "eps": 2.21,
    "epsdiluted": 2.19,
    "weightedAverageShsOut": 155422998,
    "weightedAverageShsOutDil": 157045998,
    "link": "https://www.sec.gov/Archives/edgar/data/49071/000119312514287100/0001193125-14-287100-index.htm",
    "finalLink": "https://www.sec.gov/Archives/edgar/data/49071/000119312514287100/d735791d10q.htm"
  },
  {
    "date": "2014-03-31",
    "symbol": "HUM",
    "reportedCurrency": "USD",
    "cik": "0000049071",
    "fillingDate": "2014-05-07",
    "acceptedDate": "2014-05-07 16:15:59",
    "calendarYear": "2014",
    "period": "Q1",
    "revenue": 11712000000,
    "costOfRevenue": 0,
    "grossProfit": 11712000000,
    "grossProfitRatio": 1,
    "researchAndDevelopmentExpenses": 0,
    "generalAndAdministrativeExpenses": 0,
    "sellingAndMarketingExpenses": 0,
    "sellingGeneralAndAdministrativeExpenses": 1785000000,
    "otherExpenses": 9241000000,
    "operatingExpenses": 11026000000,
    "costAndExpenses": 11026000000,
    "interestIncome": 0,
    "interestExpense": 35000000,
    "depreciationAndAmortization": 107000000,
    "ebitda": 828000000,
    "ebitdaratio": 0.0706967213,
    "operatingIncome": 686000000,
    "operatingIncomeRatio": 0.0585724044,
    "totalOtherIncomeExpensesNet": 0,
    "incomeBeforeTax": 686000000,
    "incomeBeforeTaxRatio": 0.0585724044,
    "incomeTaxExpense": 318000000,
    "netIncome": 368000000,
    "netIncomeRatio": 0.031420765,
    "eps": 2.37,
    "epsdiluted": 2.35,
    "weightedAverageShsOut": 155090998,
    "weightedAverageShsOutDil": 156646998,
    "link": "https://www.sec.gov/Archives/edgar/data/49071/000119312514187480/0001193125-14-187480-index.htm",
    "finalLink": "https://www.sec.gov/Archives/edgar/data/49071/000119312514187480/d693477d10q.htm"
  },
  {
    "date": "2013-12-31",
    "symbol": "HUM",
    "reportedCurrency": "USD",
    "cik": "0000049071",
    "fillingDate": "2014-02-19",
    "acceptedDate": "2014-02-19 13:56:54",
    "calendarYear": "2013",
    "period": "Q4",
    "revenue": 10187000000,
    "costOfRevenue": 0,
    "grossProfit": 10187000000,
    "grossProfitRatio": 1,
    "researchAndDevelopmentExpenses": 0,
    "generalAndAdministrativeExpenses": 0,
    "sellingAndMarketingExpenses": 0,
    "sellingGeneralAndAdministrativeExpenses": 1908000000,
    "otherExpenses": 8328000000,
    "operatingExpenses": 10236000000,
    "costAndExpenses": 10236000000,
    "interestIncome": 0,
    "interestExpense": 35000000,
    "depreciationAndAmortization": 114000000,
    "ebitda": 100000000,
    "ebitdaratio": 0.0098164327,
    "operatingIncome": -49000000,
    "operatingIncomeRatio": -0.004810052,
    "totalOtherIncomeExpensesNet": 0,
    "incomeBeforeTax": -49000000,
    "incomeBeforeTaxRatio": -0.004810052,
    "incomeTaxExpense": -19000000,
    "netIncome": -30000000,
    "netIncomeRatio": -0.0029449298,
    "eps": -0.19,
    "epsdiluted": -0.2,
    "weightedAverageShsOut": 155932998,
    "weightedAverageShsOutDil": 155932998,
    "link": "https://www.sec.gov/Archives/edgar/data/49071/000119312514058508/0001193125-14-058508-index.htm",
    "finalLink": "https://www.sec.gov/Archives/edgar/data/49071/000119312514058508/d637615d10k.htm"
  },
  {
    "date": "2013-09-30",
    "symbol": "HUM",
    "reportedCurrency": "USD",
    "cik": "0000049071",
    "fillingDate": "2013-11-06",
    "acceptedDate": "2013-11-06 10:34:50",
    "calendarYear": "2013",
    "period": "Q3",
    "revenue": 10319000000,
    "costOfRevenue": 0,
    "grossProfit": 10319000000,
    "grossProfitRatio": 1,
    "researchAndDevelopmentExpenses": 0,
    "generalAndAdministrativeExpenses": 0,
    "sellingAndMarketingExpenses": 0,
    "sellingGeneralAndAdministrativeExpenses": 1540000000,
    "otherExpenses": 8193000000,
    "operatingExpenses": 9733000000,
    "costAndExpenses": 9733000000,
    "interestIncome": 0,
    "interestExpense": 35000000,
    "depreciationAndAmortization": 106000000,
    "ebitda": 727000000,
    "ebitdaratio": 0.0704525632,
    "operatingIncome": 586000000,
    "operatingIncomeRatio": 0.0567884485,
    "totalOtherIncomeExpensesNet": 0,
    "incomeBeforeTax": 586000000,
    "incomeBeforeTaxRatio": 0.0567884485,
    "incomeTaxExpense": 218000000,
    "netIncome": 368000000,
    "netIncomeRatio": 0.0356623704,
    "eps": 2.34,
    "epsdiluted": 2.31,
    "weightedAverageShsOut": 157186998,
    "weightedAverageShsOutDil": 158906998,
    "link": "https://www.sec.gov/Archives/edgar/data/49071/000119312513429313/0001193125-13-429313-index.htm",
    "finalLink": "https://www.sec.gov/Archives/edgar/data/49071/000119312513429313/d593668d10q.htm"
  },
  {
    "date": "2013-06-30",
    "symbol": "HUM",
    "reportedCurrency": "USD",
    "cik": "0000049071",
    "fillingDate": "2013-07-31",
    "acceptedDate": "2013-07-31 16:17:09",
    "calendarYear": "2013",
    "period": "Q2",
    "revenue": 10321000000,
    "costOfRevenue": 0,
    "grossProfit": 10321000000,
    "grossProfitRatio": 1,
    "researchAndDevelopmentExpenses": 0,
    "generalAndAdministrativeExpenses": 0,
    "sellingAndMarketingExpenses": 0,
    "sellingGeneralAndAdministrativeExpenses": 1461000000,
    "otherExpenses": 8206000000,
    "operatingExpenses": 9667000000,
    "costAndExpenses": 9667000000,
    "interestIncome": 0,
    "interestExpense": 35000000,
    "depreciationAndAmortization": 104000000,
    "ebitda": 793000000,
    "ebitdaratio": 0.0768336402,
    "operatingIncome": 654000000,
    "operatingIncomeRatio": 0.0633659529,
    "totalOtherIncomeExpensesNet": 0,
    "incomeBeforeTax": 654000000,
    "incomeBeforeTaxRatio": 0.0633659529,
    "incomeTaxExpense": 234000000,
    "netIncome": 420000000,
    "netIncomeRatio": 0.0406937312,
    "eps": 2.66,
    "epsdiluted": 2.63,
    "weightedAverageShsOut": 157974998,
    "weightedAverageShsOutDil": 159520998,
    "link": "https://www.sec.gov/Archives/edgar/data/49071/000119312513312590/0001193125-13-312590-index.htm",
    "finalLink": "https://www.sec.gov/Archives/edgar/data/49071/000119312513312590/d544803d10q.htm"
  },
  {
    "date": "2013-03-31",
    "symbol": "HUM",
    "reportedCurrency": "USD",
    "cik": "0000049071",
    "fillingDate": "2013-05-01",
    "acceptedDate": "2013-05-01 16:02:25",
    "calendarYear": "2013",
    "period": "Q1",
    "revenue": 10486000000,
    "costOfRevenue": 0,
    "grossProfit": 10486000000,
    "grossProfitRatio": 1,
    "researchAndDevelopmentExpenses": 0,
    "generalAndAdministrativeExpenses": 0,
    "sellingAndMarketingExpenses": 0,
    "sellingGeneralAndAdministrativeExpenses": 1446000000,
    "otherExpenses": 8310000000,
    "operatingExpenses": 9756000000,
    "costAndExpenses": 9756000000,
    "interestIncome": 0,
    "interestExpense": 35000000,
    "depreciationAndAmortization": 102000000,
    "ebitda": 867000000,
    "ebitdaratio": 0.0826816708,
    "operatingIncome": 730000000,
    "operatingIncomeRatio": 0.0696166317,
    "totalOtherIncomeExpensesNet": 0,
    "incomeBeforeTax": 730000000,
    "incomeBeforeTaxRatio": 0.0696166317,
    "incomeTaxExpense": 257000000,
    "netIncome": 473000000,
    "netIncomeRatio": 0.0451077627,
    "eps": 2.98,
    "epsdiluted": 2.95,
    "weightedAverageShsOut": 158916998,
    "weightedAverageShsOutDil": 160402998,
    "link": "https://www.sec.gov/Archives/edgar/data/49071/000119312513192313/0001193125-13-192313-index.htm",
    "finalLink": "https://www.sec.gov/Archives/edgar/data/49071/000119312513192313/d496532d10q.htm"
  },
  {
    "date": "2012-12-31",
    "symbol": "HUM",
    "reportedCurrency": "USD",
    "cik": "0000049071",
    "fillingDate": "2013-02-22",
    "acceptedDate": "2013-02-21 20:52:34",
    "calendarYear": "2012",
    "period": "Q4",
    "revenue": 9557000000,
    "costOfRevenue": 0,
    "grossProfit": 9557000000,
    "grossProfitRatio": 1,
    "researchAndDevelopmentExpenses": 0,
    "generalAndAdministrativeExpenses": 0,
    "sellingAndMarketingExpenses": 0,
    "sellingGeneralAndAdministrativeExpenses": 1655000000,
    "otherExpenses": 7620000000,
    "operatingExpenses": 9275000000,
    "costAndExpenses": 9275000000,
    "interestIncome": 0,
    "interestExpense": 27000000,
    "depreciationAndAmortization": 100000000,
    "ebitda": 409000000,
    "ebitdaratio": 0.0427958564,
    "operatingIncome": 282000000,
    "operatingIncomeRatio": 0.0295071675,
    "totalOtherIncomeExpensesNet": 0,
    "incomeBeforeTax": 282000000,
    "incomeBeforeTaxRatio": 0.0295071675,
    "incomeTaxExpense": 90000000,
    "netIncome": 192000000,
    "netIncomeRatio": 0.0200899864,
    "eps": 1.21,
    "epsdiluted": 1.18,
    "weightedAverageShsOut": 158763998,
    "weightedAverageShsOutDil": 160681998,
    "link": "https://www.sec.gov/Archives/edgar/data/49071/000119312513069911/0001193125-13-069911-index.htm",
    "finalLink": "https://www.sec.gov/Archives/edgar/data/49071/000119312513069911/d446200d10k.htm"
  },
  {
    "date": "2012-09-30",
    "symbol": "HUM",
    "reportedCurrency": "USD",
    "cik": "0000049071",
    "fillingDate": "2012-11-05",
    "acceptedDate": "2012-11-05 16:57:10",
    "calendarYear": "2012",
    "period": "Q3",
    "revenue": 9651000000,
    "costOfRevenue": 0,
    "grossProfit": 9651000000,
    "grossProfitRatio": 1,
    "researchAndDevelopmentExpenses": 0,
    "generalAndAdministrativeExpenses": 0,
    "sellingAndMarketingExpenses": 0,
    "sellingGeneralAndAdministrativeExpenses": 1408000000,
    "otherExpenses": 7568000000,
    "operatingExpenses": 8976000000,
    "costAndExpenses": 8976000000,
    "interestIncome": 0,
    "interestExpense": 26000000,
    "depreciationAndAmortization": 78000000,
    "ebitda": 779000000,
    "ebitdaratio": 0.0807170241,
    "operatingIncome": 675000000,
    "operatingIncomeRatio": 0.0699409388,
    "totalOtherIncomeExpensesNet": 0,
    "incomeBeforeTax": 675000000,
    "incomeBeforeTaxRatio": 0.0699409388,
    "incomeTaxExpense": 249000000,
    "netIncome": 426000000,
    "netIncomeRatio": 0.0441405036,
    "eps": 2.65,
    "epsdiluted": 2.62,
    "weightedAverageShsOut": 160638998,
    "weightedAverageShsOutDil": 162417998,
    "link": "https://www.sec.gov/Archives/edgar/data/49071/000119312512452022/0001193125-12-452022-index.htm",
    "finalLink": "https://www.sec.gov/Archives/edgar/data/49071/000119312512452022/d390018d10q.htm"
  },
  {
    "date": "2012-06-30",
    "symbol": "HUM",
    "reportedCurrency": "USD",
    "cik": "0000049071",
    "fillingDate": "2012-08-01",
    "acceptedDate": "2012-08-01 10:37:48",
    "calendarYear": "2012",
    "period": "Q2",
    "revenue": 9699000000,
    "costOfRevenue": 0,
    "grossProfit": 9699000000,
    "grossProfitRatio": 1,
    "researchAndDevelopmentExpenses": 0,
    "generalAndAdministrativeExpenses": 0,
    "sellingAndMarketingExpenses": 0,
    "sellingGeneralAndAdministrativeExpenses": 1384000000,
    "otherExpenses": 7751000000,
    "operatingExpenses": 9135000000,
    "costAndExpenses": 9135000000,
    "interestIncome": 0,
    "interestExpense": 26000000,
    "depreciationAndAmortization": 82000000,
    "ebitda": 672000000,
    "ebitdaratio": 0.0692854933,
    "operatingIncome": 564000000,
    "operatingIncomeRatio": 0.0581503248,
    "totalOtherIncomeExpensesNet": 0,
    "incomeBeforeTax": 564000000,
    "incomeBeforeTaxRatio": 0.0581503248,
    "incomeTaxExpense": 208000000,
    "netIncome": 356000000,
    "netIncomeRatio": 0.0367048149,
    "eps": 2.19,
    "epsdiluted": 2.16,
    "weightedAverageShsOut": 162815998,
    "weightedAverageShsOutDil": 164638998,
    "link": "https://www.sec.gov/Archives/edgar/data/49071/000119312512327550/0001193125-12-327550-index.htm",
    "finalLink": "https://www.sec.gov/Archives/edgar/data/49071/000119312512327550/d371871d10q.htm"
  },
  {
    "date": "2012-03-31",
    "symbol": "HUM",
    "reportedCurrency": "USD",
    "cik": "0000049071",
    "fillingDate": "2012-04-30",
    "acceptedDate": "2012-04-30 16:39:06",
    "calendarYear": "2012",
    "period": "Q1",
    "revenue": 10219000000,
    "costOfRevenue": 0,
    "grossProfit": 10219000000,
    "grossProfitRatio": 1,
    "researchAndDevelopmentExpenses": 0,
    "generalAndAdministrativeExpenses": 0,
    "sellingAndMarketingExpenses": 0,
    "sellingGeneralAndAdministrativeExpenses": 1383000000,
    "otherExpenses": 8446000000,
    "operatingExpenses": 9829000000,
    "costAndExpenses": 9829000000,
    "interestIncome": 0,
    "interestExpense": 26000000,
    "depreciationAndAmortization": 78000000,
    "ebitda": 494000000,
    "ebitdaratio": 0.048341325,
    "operatingIncome": 390000000,
    "operatingIncomeRatio": 0.0381642039,
    "totalOtherIncomeExpensesNet": 0,
    "incomeBeforeTax": 390000000,
    "incomeBeforeTaxRatio": 0.0381642039,
    "incomeTaxExpense": 142000000,
    "netIncome": 248000000,
    "netIncomeRatio": 0.0242685194,
    "eps": 1.51,
    "epsdiluted": 1.49,
    "weightedAverageShsOut": 163716998,
    "weightedAverageShsOutDil": 166087998,
    "link": "https://www.sec.gov/Archives/edgar/data/49071/000119312512196253/0001193125-12-196253-index.htm",
    "finalLink": "https://www.sec.gov/Archives/edgar/data/49071/000119312512196253/d310613d10q.htm"
  },
  {
    "date": "2011-12-31",
    "symbol": "HUM",
    "reportedCurrency": "USD",
    "cik": "0000049071",
    "fillingDate": "2012-02-24",
    "acceptedDate": "2012-02-24 08:44:31",
    "calendarYear": "2011",
    "period": "Q4",
    "revenue": 9056508000,
    "costOfRevenue": 0,
    "grossProfit": 9056508000,
    "grossProfitRatio": 1,
    "researchAndDevelopmentExpenses": 0,
    "generalAndAdministrativeExpenses": 0,
    "sellingAndMarketingExpenses": 0,
    "sellingGeneralAndAdministrativeExpenses": 1585095000,
    "otherExpenses": 7158431000,
    "operatingExpenses": 8743526000,
    "costAndExpenses": 8743526000,
    "interestIncome": 0,
    "interestExpense": 27044000,
    "depreciationAndAmortization": 77836000,
    "ebitda": 417862000,
    "ebitdaratio": 0.0461394171,
    "operatingIncome": 312982000,
    "operatingIncomeRatio": 0.0345587946,
    "totalOtherIncomeExpensesNet": 0,
    "incomeBeforeTax": 312982000,
    "incomeBeforeTaxRatio": 0.0345587946,
    "incomeTaxExpense": 114205000,
    "netIncome": 198777000,
    "netIncomeRatio": 0.0219485259,
    "eps": 1.22,
    "epsdiluted": 1.2,
    "weightedAverageShsOut": 163237998,
    "weightedAverageShsOutDil": 165631998,
    "link": "https://www.sec.gov/Archives/edgar/data/49071/000119312512076885/0001193125-12-076885-index.htm",
    "finalLink": "https://www.sec.gov/Archives/edgar/data/49071/000119312512076885/d267727d10k.htm"
  },
  {
    "date": "2011-09-30",
    "symbol": "HUM",
    "reportedCurrency": "USD",
    "cik": "0000049071",
    "fillingDate": "2011-10-31",
    "acceptedDate": "2011-10-31 16:33:02",
    "calendarYear": "2011",
    "period": "Q3",
    "revenue": 9301000000,
    "costOfRevenue": 0,
    "grossProfit": 9301000000,
    "grossProfitRatio": 1,
    "researchAndDevelopmentExpenses": 0,
    "generalAndAdministrativeExpenses": 0,
    "sellingAndMarketingExpenses": 0,
    "sellingGeneralAndAdministrativeExpenses": 1361000000,
    "otherExpenses": 7241000000,
    "operatingExpenses": 8602000000,
    "costAndExpenses": 8602000000,
    "interestIncome": 0,
    "interestExpense": 27000000,
    "depreciationAndAmortization": 74000000,
    "ebitda": 800000000,
    "ebitdaratio": 0.0860122567,
    "operatingIncome": 699000000,
    "operatingIncomeRatio": 0.0751532093,
    "totalOtherIncomeExpensesNet": 0,
    "incomeBeforeTax": 699000000,
    "incomeBeforeTaxRatio": 0.0751532093,
    "incomeTaxExpense": 254000000,
    "netIncome": 445000000,
    "netIncomeRatio": 0.0478443178,
    "eps": 2.71,
    "epsdiluted": 2.67,
    "weightedAverageShsOut": 164120998,
    "weightedAverageShsOutDil": 166579998,
    "link": "https://www.sec.gov/Archives/edgar/data/49071/000119312511288752/0001193125-11-288752-index.htm",
    "finalLink": "https://www.sec.gov/Archives/edgar/data/49071/000119312511288752/d228857d10q.htm"
  },
  {
    "date": "2011-06-30",
    "symbol": "HUM",
    "reportedCurrency": "USD",
    "cik": "0000049071",
    "fillingDate": "2011-08-01",
    "acceptedDate": "2011-08-01 16:22:02",
    "calendarYear": "2011",
    "period": "Q2",
    "revenue": 9284000000,
    "costOfRevenue": 0,
    "grossProfit": 9284000000,
    "grossProfitRatio": 1,
    "researchAndDevelopmentExpenses": 0,
    "generalAndAdministrativeExpenses": 0,
    "sellingAndMarketingExpenses": 0,
    "sellingGeneralAndAdministrativeExpenses": 1193000000,
    "otherExpenses": 7365000000,
    "operatingExpenses": 8558000000,
    "costAndExpenses": 8558000000,
    "interestIncome": 0,
    "interestExpense": 28000000,
    "depreciationAndAmortization": 75000000,
    "ebitda": 829000000,
    "ebitdaratio": 0.089293408,
    "operatingIncome": 726000000,
    "operatingIncomeRatio": 0.0781990521,
    "totalOtherIncomeExpensesNet": 0,
    "incomeBeforeTax": 726000000,
    "incomeBeforeTaxRatio": 0.0781990521,
    "incomeTaxExpense": 266000000,
    "netIncome": 460000000,
    "netIncomeRatio": 0.0495476088,
    "eps": 2.76,
    "epsdiluted": 2.71,
    "weightedAverageShsOut": 167020998,
    "weightedAverageShsOutDil": 169559998,
    "link": "https://www.sec.gov/Archives/edgar/data/49071/000119312511204645/0001193125-11-204645-index.htm",
    "finalLink": "https://www.sec.gov/Archives/edgar/data/49071/000119312511204645/d10q.htm"
  },
  {
    "date": "2011-03-31",
    "symbol": "HUM",
    "reportedCurrency": "USD",
    "cik": "0000049071",
    "fillingDate": "2011-05-03",
    "acceptedDate": "2011-05-03 16:43:55",
    "calendarYear": "2011",
    "period": "Q1",
    "revenue": 9191000000,
    "costOfRevenue": 0,
    "grossProfit": 9191000000,
    "grossProfitRatio": 1,
    "researchAndDevelopmentExpenses": 0,
    "generalAndAdministrativeExpenses": 0,
    "sellingAndMarketingExpenses": 0,
    "sellingGeneralAndAdministrativeExpenses": 1256000000,
    "otherExpenses": 7438000000,
    "operatingExpenses": 8694000000,
    "costAndExpenses": 8694000000,
    "interestIncome": 0,
    "interestExpense": 27000000,
    "depreciationAndAmortization": 76000000,
    "ebitda": 600000000,
    "ebitdaratio": 0.0652812534,
    "operatingIncome": 497000000,
    "operatingIncomeRatio": 0.0540746382,
    "totalOtherIncomeExpensesNet": 0,
    "incomeBeforeTax": 497000000,
    "incomeBeforeTaxRatio": 0.0540746382,
    "incomeTaxExpense": 182000000,
    "netIncome": 315000000,
    "netIncomeRatio": 0.034272658,
    "eps": 1.88,
    "epsdiluted": 1.86,
    "weightedAverageShsOut": 167270998,
    "weightedAverageShsOutDil": 169533998,
    "link": "https://www.sec.gov/Archives/edgar/data/49071/000119312511124060/0001193125-11-124060-index.htm",
    "finalLink": "https://www.sec.gov/Archives/edgar/data/49071/000119312511124060/d10q.htm"
  },
  {
    "date": "2010-12-31",
    "symbol": "HUM",
    "reportedCurrency": "USD",
    "cik": "0000049071",
    "fillingDate": "2011-02-18",
    "acceptedDate": "2011-02-17 17:46:43",
    "calendarYear": "2010",
    "period": "Q4",
    "revenue": 8350245000,
    "costOfRevenue": 0,
    "grossProfit": 8350245000,
    "grossProfitRatio": 1,
    "researchAndDevelopmentExpenses": 0,
    "generalAndAdministrativeExpenses": 0,
    "sellingAndMarketingExpenses": 0,
    "sellingGeneralAndAdministrativeExpenses": 1299781000,
    "otherExpenses": 6875972000,
    "operatingExpenses": 8175753000,
    "costAndExpenses": 8175753000,
    "interestIncome": 0,
    "interestExpense": 26381000,
    "depreciationAndAmortization": 66307000,
    "ebitda": 267180000,
    "ebitdaratio": 0.031996666,
    "operatingIncome": 174492000,
    "operatingIncomeRatio": 0.0208966324,
    "totalOtherIncomeExpensesNet": 0,
    "incomeBeforeTax": 174492000,
    "incomeBeforeTaxRatio": 0.0208966324,
    "incomeTaxExpense": 67167000,
    "netIncome": 107325000,
    "netIncomeRatio": 0.0128529163,
    "eps": 0.65,
    "epsdiluted": 0.63,
    "weightedAverageShsOut": 166881998,
    "weightedAverageShsOutDil": 169299998,
    "link": "https://www.sec.gov/Archives/edgar/data/49071/000119312511039288/0001193125-11-039288-index.htm",
    "finalLink": "https://www.sec.gov/Archives/edgar/data/49071/000119312511039288/d10k.htm"
  },
  {
    "date": "2010-09-30",
    "symbol": "HUM",
    "reportedCurrency": "USD",
    "cik": "0000049071",
    "fillingDate": "2010-11-01",
    "acceptedDate": "2010-11-01 16:36:59",
    "calendarYear": "2010",
    "period": "Q3",
    "revenue": 8350812000,
    "costOfRevenue": 0,
    "grossProfit": 8350812000,
    "grossProfitRatio": 1,
    "researchAndDevelopmentExpenses": 0,
    "generalAndAdministrativeExpenses": 0,
    "sellingAndMarketingExpenses": 0,
    "sellingGeneralAndAdministrativeExpenses": 1002398000,
    "otherExpenses": 6726124000,
    "operatingExpenses": 7728522000,
    "costAndExpenses": 7728522000,
    "interestIncome": 0,
    "interestExpense": 26143000,
    "depreciationAndAmortization": 64557000,
    "ebitda": 712990000,
    "ebitdaratio": 0.0853797212,
    "operatingIncome": 622290000,
    "operatingIncomeRatio": 0.0745185019,
    "totalOtherIncomeExpensesNet": 0,
    "incomeBeforeTax": 622290000,
    "incomeBeforeTaxRatio": 0.0745185019,
    "incomeTaxExpense": 229069000,
    "netIncome": 393221000,
    "netIncomeRatio": 0.0470877563,
    "eps": 2.35,
    "epsdiluted": 2.32,
    "weightedAverageShsOut": 167573998,
    "weightedAverageShsOutDil": 169581998,
    "link": "https://www.sec.gov/Archives/edgar/data/49071/000119312510242671/0001193125-10-242671-index.htm",
    "finalLink": "https://www.sec.gov/Archives/edgar/data/49071/000119312510242671/d10q.htm"
  },
  {
    "date": "2010-06-30",
    "symbol": "HUM",
    "reportedCurrency": "USD",
    "cik": "0000049071",
    "fillingDate": "2010-08-02",
    "acceptedDate": "2010-08-02 16:31:26",
    "calendarYear": "2010",
    "period": "Q2",
    "revenue": 8589243000,
    "costOfRevenue": 0,
    "grossProfit": 8589243000,
    "grossProfitRatio": 1,
    "researchAndDevelopmentExpenses": 0,
    "generalAndAdministrativeExpenses": 0,
    "sellingAndMarketingExpenses": 0,
    "sellingGeneralAndAdministrativeExpenses": 1093690000,
    "otherExpenses": 6959699000,
    "operatingExpenses": 8053389000,
    "costAndExpenses": 8053389000,
    "interestIncome": 0,
    "interestExpense": 26222000,
    "depreciationAndAmortization": 69290000,
    "ebitda": 631366000,
    "ebitdaratio": 0.0735065942,
    "operatingIncome": 535854000,
    "operatingIncomeRatio": 0.0623866387,
    "totalOtherIncomeExpensesNet": 0,
    "incomeBeforeTax": 535854000,
    "incomeBeforeTaxRatio": 0.0623866387,
    "incomeTaxExpense": 195778000,
    "netIncome": 340076000,
    "netIncomeRatio": 0.0395932447,
    "eps": 2.02,
    "epsdiluted": 2,
    "weightedAverageShsOut": 168471998,
    "weightedAverageShsOutDil": 170228998,
    "link": "https://www.sec.gov/Archives/edgar/data/49071/000119312510173680/0001193125-10-173680-index.htm",
    "finalLink": "https://www.sec.gov/Archives/edgar/data/49071/000119312510173680/d10q.htm"
  },
  {
    "date": "2010-03-31",
    "symbol": "HUM",
    "reportedCurrency": "USD",
    "cik": "0000049071",
    "fillingDate": "2010-04-27",
    "acceptedDate": "2010-04-27 14:31:05",
    "calendarYear": "2010",
    "period": "Q1",
    "revenue": 8380338000,
    "costOfRevenue": 0,
    "grossProfit": 8380338000,
    "grossProfitRatio": 1,
    "researchAndDevelopmentExpenses": 0,
    "generalAndAdministrativeExpenses": 0,
    "sellingAndMarketingExpenses": 0,
    "sellingGeneralAndAdministrativeExpenses": 1060857000,
    "otherExpenses": 6902555000,
    "operatingExpenses": 7963412000,
    "costAndExpenses": 7963412000,
    "interestIncome": 0,
    "interestExpense": 26314000,
    "depreciationAndAmortization": 62756000,
    "ebitda": 505996000,
    "ebitdaratio": 0.0603789489,
    "operatingIncome": 416926000,
    "operatingIncomeRatio": 0.0497504993,
    "totalOtherIncomeExpensesNet": 0,
    "incomeBeforeTax": 416926000,
    "incomeBeforeTaxRatio": 0.0497504993,
    "incomeTaxExpense": 158158000,
    "netIncome": 258768000,
    "netIncomeRatio": 0.0308779908,
    "eps": 1.54,
    "epsdiluted": 1.52,
    "weightedAverageShsOut": 168199998,
    "weightedAverageShsOutDil": 170079998,
    "link": "https://www.sec.gov/Archives/edgar/data/49071/000119312510094663/0001193125-10-094663-index.htm",
    "finalLink": "https://www.sec.gov/Archives/edgar/data/49071/000119312510094663/d10q.htm"
  },
  {
    "date": "2009-12-31",
    "symbol": "HUM",
    "reportedCurrency": "USD",
    "cik": "0000049071",
    "fillingDate": "2010-02-19",
    "acceptedDate": "2010-02-19 13:17:27",
    "calendarYear": "2009",
    "period": "Q4",
    "revenue": 7633045000,
    "costOfRevenue": 0,
    "grossProfit": 7633045000,
    "grossProfitRatio": 1,
    "researchAndDevelopmentExpenses": 0,
    "generalAndAdministrativeExpenses": 0,
    "sellingAndMarketingExpenses": 0,
    "sellingGeneralAndAdministrativeExpenses": 1111617000,
    "otherExpenses": 6122728000,
    "operatingExpenses": 7234345000,
    "costAndExpenses": 7234345000,
    "interestIncome": 0,
    "interestExpense": 26238000,
    "depreciationAndAmortization": 69694000,
    "ebitda": 494632000,
    "ebitdaratio": 0.0648013997,
    "operatingIncome": 398700000,
    "operatingIncomeRatio": 0.0522334141,
    "totalOtherIncomeExpensesNet": 0,
    "incomeBeforeTax": 398700000,
    "incomeBeforeTaxRatio": 0.0522334141,
    "incomeTaxExpense": 148041000,
    "netIncome": 250659000,
    "netIncomeRatio": 0.032838664,
    "eps": 1.49,
    "epsdiluted": 1.48,
    "weightedAverageShsOut": 167705998,
    "weightedAverageShsOutDil": 169709998,
    "link": "https://www.sec.gov/Archives/edgar/data/49071/000119312510035019/0001193125-10-035019-index.htm",
    "finalLink": "https://www.sec.gov/Archives/edgar/data/49071/000119312510035019/d10k.htm"
  },
  {
    "date": "2009-09-30",
    "symbol": "HUM",
    "reportedCurrency": "USD",
    "cik": "0000049071",
    "fillingDate": "2009-11-03",
    "acceptedDate": "2009-11-03 10:12:33",
    "calendarYear": "2009",
    "period": "Q3",
    "revenue": 7716819000,
    "costOfRevenue": 0,
    "grossProfit": 7716819000,
    "grossProfitRatio": 1,
    "researchAndDevelopmentExpenses": 0,
    "generalAndAdministrativeExpenses": 0,
    "sellingAndMarketingExpenses": 0,
    "sellingGeneralAndAdministrativeExpenses": 1047773000,
    "otherExpenses": 6199698000,
    "operatingExpenses": 7247471000,
    "costAndExpenses": 7247471000,
    "interestIncome": 0,
    "interestExpense": 26259000,
    "depreciationAndAmortization": 62088000,
    "ebitda": 557695000,
    "ebitdaratio": 0.0722700636,
    "operatingIncome": 469348000,
    "operatingIncomeRatio": 0.0608214343,
    "totalOtherIncomeExpensesNet": 0,
    "incomeBeforeTax": 469348000,
    "incomeBeforeTaxRatio": 0.0608214343,
    "incomeTaxExpense": 167829000,
    "netIncome": 301519000,
    "netIncomeRatio": 0.0390729652,
    "eps": 1.8,
    "epsdiluted": 1.78,
    "weightedAverageShsOut": 167403998,
    "weightedAverageShsOutDil": 169245998,
    "link": "https://www.sec.gov/Archives/edgar/data/49071/000119312509221456/0001193125-09-221456-index.htm",
    "finalLink": "https://www.sec.gov/Archives/edgar/data/49071/000119312509221456/d10q.htm"
  },
  {
    "date": "2009-06-30",
    "symbol": "HUM",
    "reportedCurrency": "USD",
    "cik": "0000049071",
    "fillingDate": "2009-08-03",
    "acceptedDate": "2009-08-03 17:03:39",
    "calendarYear": "2009",
    "period": "Q2",
    "revenue": 7898889000,
    "costOfRevenue": 0,
    "grossProfit": 7898889000,
    "grossProfitRatio": 1,
    "researchAndDevelopmentExpenses": 0,
    "generalAndAdministrativeExpenses": 0,
    "sellingAndMarketingExpenses": 0,
    "sellingGeneralAndAdministrativeExpenses": 1004342000,
    "otherExpenses": 6454597000,
    "operatingExpenses": 7458939000,
    "costAndExpenses": 7458939000,
    "interestIncome": 0,
    "interestExpense": 26574000,
    "depreciationAndAmortization": 60478000,
    "ebitda": 527002000,
    "ebitdaratio": 0.0667184967,
    "operatingIncome": 439950000,
    "operatingIncomeRatio": 0.0556977063,
    "totalOtherIncomeExpensesNet": 0,
    "incomeBeforeTax": 439950000,
    "incomeBeforeTaxRatio": 0.0556977063,
    "incomeTaxExpense": 158170000,
    "netIncome": 281780000,
    "netIncomeRatio": 0.0356733713,
    "eps": 1.68,
    "epsdiluted": 1.67,
    "weightedAverageShsOut": 167300998,
    "weightedAverageShsOutDil": 168668998,
    "link": "https://www.sec.gov/Archives/edgar/data/49071/000119312509162305/0001193125-09-162305-index.htm",
    "finalLink": "https://www.sec.gov/Archives/edgar/data/49071/000119312509162305/d10q.htm"
  },
  {
    "date": "2009-03-31",
    "symbol": "HUM",
    "reportedCurrency": "USD",
    "cik": "0000049071",
    "fillingDate": "2009-04-27",
    "acceptedDate": "2009-04-27 17:18:30",
    "calendarYear": "2009",
    "period": "Q1",
    "revenue": 7711661000,
    "costOfRevenue": 0,
    "grossProfit": 7711661000,
    "grossProfitRatio": 1,
    "researchAndDevelopmentExpenses": 0,
    "generalAndAdministrativeExpenses": 0,
    "sellingAndMarketingExpenses": 0,
    "sellingGeneralAndAdministrativeExpenses": 1063803000,
    "otherExpenses": 6354096000,
    "operatingExpenses": 7417899000,
    "costAndExpenses": 7417899000,
    "interestIncome": 0,
    "interestExpense": 26772000,
    "depreciationAndAmortization": 58014000,
    "ebitda": 378548000,
    "ebitdaratio": 0.0490877387,
    "operatingIncome": 293762000,
    "operatingIncomeRatio": 0.0380932201,
    "totalOtherIncomeExpensesNet": 0,
    "incomeBeforeTax": 293762000,
    "incomeBeforeTaxRatio": 0.0380932201,
    "incomeTaxExpense": 88045000,
    "netIncome": 205717000,
    "netIncomeRatio": 0.0266760948,
    "eps": 1.23,
    "epsdiluted": 1.22,
    "weightedAverageShsOut": 167042998,
    "weightedAverageShsOutDil": 168657998,
    "link": "https://www.sec.gov/Archives/edgar/data/49071/000119312509088648/0001193125-09-088648-index.htm",
    "finalLink": "https://www.sec.gov/Archives/edgar/data/49071/000119312509088648/d10q.htm"
  },
  {
    "date": "2008-12-31",
    "symbol": "HUM",
    "reportedCurrency": "USD",
    "cik": "0000049071",
    "fillingDate": "2009-02-20",
    "acceptedDate": "2009-02-20 16:05:15",
    "calendarYear": "2008",
    "period": "Q4",
    "revenue": 7487636000,
    "costOfRevenue": 0,
    "grossProfit": 7487636000,
    "grossProfitRatio": 1,
    "researchAndDevelopmentExpenses": 0,
    "generalAndAdministrativeExpenses": 0,
    "sellingAndMarketingExpenses": 0,
    "sellingGeneralAndAdministrativeExpenses": 1098943000,
    "otherExpenses": 6127647000,
    "operatingExpenses": 7226590000,
    "costAndExpenses": 7226590000,
    "interestIncome": 0,
    "interestExpense": 26735000,
    "depreciationAndAmortization": 59808000,
    "ebitda": 347589000,
    "ebitdaratio": 0.0464217278,
    "operatingIncome": 261046000,
    "operatingIncomeRatio": 0.0348636072,
    "totalOtherIncomeExpensesNet": 0,
    "incomeBeforeTax": 261046000,
    "incomeBeforeTaxRatio": 0.0348636072,
    "incomeTaxExpense": 86966000,
    "netIncome": 174080000,
    "netIncomeRatio": 0.0232489934,
    "eps": 1.04,
    "epsdiluted": 1.04,
    "weightedAverageShsOut": 166703998,
    "weightedAverageShsOutDil": 167702850,
    "link": "https://www.sec.gov/Archives/edgar/data/49071/000119312509034123/0001193125-09-034123-index.htm",
    "finalLink": "https://www.sec.gov/Archives/edgar/data/49071/000119312509034123/d10k.htm"
  },
  {
    "date": "2008-09-30",
    "symbol": "HUM",
    "reportedCurrency": "USD",
    "cik": "0000049071",
    "fillingDate": "2008-11-03",
    "acceptedDate": "2008-11-03 16:21:36",
    "calendarYear": "2008",
    "period": "Q3",
    "revenue": 7148170000,
    "costOfRevenue": 0,
    "grossProfit": 7148170000,
    "grossProfitRatio": 1,
    "researchAndDevelopmentExpenses": 0,
    "generalAndAdministrativeExpenses": 0,
    "sellingAndMarketingExpenses": 0,
    "sellingGeneralAndAdministrativeExpenses": 979223000,
    "otherExpenses": 5886087000,
    "operatingExpenses": 6865310000,
    "costAndExpenses": 6865310000,
    "interestIncome": 0,
    "interestExpense": 19348000,
    "depreciationAndAmortization": 56126000,
    "ebitda": 358334000,
    "ebitdaratio": 0.0501294737,
    "operatingIncome": 282860000,
    "operatingIncomeRatio": 0.0395709671,
    "totalOtherIncomeExpensesNet": 0,
    "incomeBeforeTax": 282860000,
    "incomeBeforeTaxRatio": 0.0395709671,
    "incomeTaxExpense": 99852000,
    "netIncome": 183008000,
    "netIncomeRatio": 0.0256020772,
    "eps": 1.1,
    "epsdiluted": 1.09,
    "weightedAverageShsOut": 166646998,
    "weightedAverageShsOutDil": 168577998,
    "link": "https://www.sec.gov/Archives/edgar/data/49071/000119312508222923/0001193125-08-222923-index.htm",
    "finalLink": "https://www.sec.gov/Archives/edgar/data/49071/000119312508222923/d10q.htm"
  },
  {
    "date": "2008-06-30",
    "symbol": "HUM",
    "reportedCurrency": "USD",
    "cik": "0000049071",
    "fillingDate": "2008-08-04",
    "acceptedDate": "2008-08-04 17:04:32",
    "calendarYear": "2008",
    "period": "Q2",
    "revenue": 7350862000,
    "costOfRevenue": 0,
    "grossProfit": 7350862000,
    "grossProfitRatio": 1,
    "researchAndDevelopmentExpenses": 0,
    "generalAndAdministrativeExpenses": 0,
    "sellingAndMarketingExpenses": 0,
    "sellingGeneralAndAdministrativeExpenses": 916041000,
    "otherExpenses": 6109807000,
    "operatingExpenses": 7025848000,
    "costAndExpenses": 7025848000,
    "interestIncome": 0,
    "interestExpense": 17867000,
    "depreciationAndAmortization": 53458000,
    "ebitda": 396339000,
    "ebitdaratio": 0.0539173501,
    "operatingIncome": 325014000,
    "operatingIncomeRatio": 0.0442144064,
    "totalOtherIncomeExpensesNet": 0,
    "incomeBeforeTax": 325014000,
    "incomeBeforeTaxRatio": 0.0442144064,
    "incomeTaxExpense": 115118000,
    "netIncome": 209896000,
    "netIncomeRatio": 0.0285539301,
    "eps": 1.26,
    "epsdiluted": 1.24,
    "weightedAverageShsOut": 167145998,
    "weightedAverageShsOutDil": 168996998,
    "link": "https://www.sec.gov/Archives/edgar/data/49071/000119312508165049/0001193125-08-165049-index.htm",
    "finalLink": "https://www.sec.gov/Archives/edgar/data/49071/000119312508165049/d10q.htm"
  },
  {
    "date": "2008-03-31",
    "symbol": "HUM",
    "reportedCurrency": "USD",
    "cik": "0000049071",
    "fillingDate": "2008-04-29",
    "acceptedDate": "2008-04-29 15:20:28",
    "calendarYear": "2008",
    "period": "Q1",
    "revenue": 6959704000,
    "costOfRevenue": 0,
    "grossProfit": 6959704000,
    "grossProfitRatio": 1,
    "researchAndDevelopmentExpenses": 0,
    "generalAndAdministrativeExpenses": 950445000,
    "sellingAndMarketingExpenses": 0,
    "sellingGeneralAndAdministrativeExpenses": 950445000,
    "otherExpenses": 5885331000,
    "operatingExpenses": 6835776000,
    "costAndExpenses": 6835776000,
    "interestIncome": 0,
    "interestExpense": 16339000,
    "depreciationAndAmortization": 50958000,
    "ebitda": 191225000,
    "ebitdaratio": 0.0274760248,
    "operatingIncome": 123928000,
    "operatingIncomeRatio": 0.0178065044,
    "totalOtherIncomeExpensesNet": 0,
    "incomeBeforeTax": 123928000,
    "incomeBeforeTaxRatio": 0.0178065044,
    "incomeTaxExpense": 43758000,
    "netIncome": 80170000,
    "netIncomeRatio": 0.0115191681,
    "eps": 0.48,
    "epsdiluted": 0.47,
    "weightedAverageShsOut": 168189998,
    "weightedAverageShsOutDil": 170601998,
    "link": "https://www.sec.gov/Archives/edgar/data/49071/000119312508094878/0001193125-08-094878-index.htm",
    "finalLink": "https://www.sec.gov/Archives/edgar/data/49071/000119312508094878/d10q.htm"
  },
  {
    "date": "2007-12-31",
    "symbol": "HUM",
    "reportedCurrency": "USD",
    "cik": "0000049071",
    "fillingDate": "2008-02-25",
    "acceptedDate": "2008-02-25 15:37:17",
    "calendarYear": "2007",
    "period": "Q4",
    "revenue": 6338795000,
    "costOfRevenue": 0,
    "grossProfit": 6338795000,
    "grossProfitRatio": 1,
    "researchAndDevelopmentExpenses": 0,
    "generalAndAdministrativeExpenses": 1000376000,
    "sellingAndMarketingExpenses": 0,
    "sellingGeneralAndAdministrativeExpenses": 1000376000,
    "otherExpenses": 4979432000,
    "operatingExpenses": 5979808000,
    "costAndExpenses": 5979808000,
    "interestIncome": 0,
    "interestExpense": 18947000,
    "depreciationAndAmortization": 48234000,
    "ebitda": 426168000,
    "ebitdaratio": 0.0672317057,
    "operatingIncome": 358987000,
    "operatingIncomeRatio": 0.0566333191,
    "totalOtherIncomeExpensesNet": 0,
    "incomeBeforeTax": 358987000,
    "incomeBeforeTaxRatio": 0.0566333191,
    "incomeTaxExpense": 115768000,
    "netIncome": 243219000,
    "netIncomeRatio": 0.038369911,
    "eps": 1.45,
    "epsdiluted": 1.43,
    "weightedAverageShsOut": 167869998,
    "weightedAverageShsOutDil": 170258445,
    "link": "https://www.sec.gov/Archives/edgar/data/49071/000119312508037394/0001193125-08-037394-index.htm",
    "finalLink": "https://www.sec.gov/Archives/edgar/data/49071/000119312508037394/d10k.htm"
  },
  {
    "date": "2007-09-30",
    "symbol": "HUM",
    "reportedCurrency": "USD",
    "cik": "0000049071",
    "fillingDate": "2007-10-29",
    "acceptedDate": "2007-10-29 16:38:03",
    "calendarYear": "2007",
    "period": "Q3",
    "revenue": 6319584000,
    "costOfRevenue": 0,
    "grossProfit": 6319584000,
    "grossProfitRatio": 1,
    "researchAndDevelopmentExpenses": 0,
    "generalAndAdministrativeExpenses": 829023000,
    "sellingAndMarketingExpenses": 0,
    "sellingGeneralAndAdministrativeExpenses": 829023000,
    "otherExpenses": 5012059000,
    "operatingExpenses": 5841082000,
    "costAndExpenses": 5841082000,
    "interestIncome": 0,
    "interestExpense": 15947000,
    "depreciationAndAmortization": 42250000,
    "ebitda": 536699000,
    "ebitdaratio": 0.0849263179,
    "operatingIncome": 478502000,
    "operatingIncomeRatio": 0.0757173257,
    "totalOtherIncomeExpensesNet": 0,
    "incomeBeforeTax": 478502000,
    "incomeBeforeTaxRatio": 0.0757173257,
    "incomeTaxExpense": 176124000,
    "netIncome": 302378000,
    "netIncomeRatio": 0.0478477697,
    "eps": 1.81,
    "epsdiluted": 1.78,
    "weightedAverageShsOut": 167187998,
    "weightedAverageShsOutDil": 169875279,
    "link": "https://www.sec.gov/Archives/edgar/data/49071/000119312507228283/0001193125-07-228283-index.htm",
    "finalLink": "https://www.sec.gov/Archives/edgar/data/49071/000119312507228283/d10q.htm"
  },
  {
    "date": "2007-06-30",
    "symbol": "HUM",
    "reportedCurrency": "USD",
    "cik": "0000049071",
    "fillingDate": "2007-08-03",
    "acceptedDate": "2007-08-03 13:43:03",
    "calendarYear": "2007",
    "period": "Q2",
    "revenue": 6426797000,
    "costOfRevenue": 0,
    "grossProfit": 6426797000,
    "grossProfitRatio": 1,
    "researchAndDevelopmentExpenses": 0,
    "generalAndAdministrativeExpenses": 826459000,
    "sellingAndMarketingExpenses": 0,
    "sellingGeneralAndAdministrativeExpenses": 826459000,
    "otherExpenses": 5260748000,
    "operatingExpenses": 6087207000,
    "costAndExpenses": 6087207000,
    "interestIncome": 0,
    "interestExpense": 16066000,
    "depreciationAndAmortization": 54264000,
    "ebitda": 409920000,
    "ebitdaratio": 0.0637829388,
    "operatingIncome": 339590000,
    "operatingIncomeRatio": 0.052839696,
    "totalOtherIncomeExpensesNet": 0,
    "incomeBeforeTax": 339590000,
    "incomeBeforeTaxRatio": 0.052839696,
    "incomeTaxExpense": 122744000,
    "netIncome": 216846000,
    "netIncomeRatio": 0.0337409132,
    "eps": 1.3,
    "epsdiluted": 1.28,
    "weightedAverageShsOut": 166613998,
    "weightedAverageShsOutDil": 169595998,
    "link": "https://www.sec.gov/Archives/edgar/data/49071/000119312507170458/0001193125-07-170458-index.htm",
    "finalLink": "https://www.sec.gov/Archives/edgar/data/49071/000119312507170458/d10q.htm"
  },
  {
    "date": "2007-03-31",
    "symbol": "HUM",
    "reportedCurrency": "USD",
    "cik": "0000049071",
    "fillingDate": "2007-05-03",
    "acceptedDate": "2007-05-03 11:16:33",
    "calendarYear": "2007",
    "period": "Q1",
    "revenue": 6204813000,
    "costOfRevenue": 0,
    "grossProfit": 6204813000,
    "grossProfitRatio": 1,
    "researchAndDevelopmentExpenses": 0,
    "generalAndAdministrativeExpenses": 820610000,
    "sellingAndMarketingExpenses": 0,
    "sellingGeneralAndAdministrativeExpenses": 820610000,
    "otherExpenses": 5271982000,
    "operatingExpenses": 6092592000,
    "costAndExpenses": 6092592000,
    "interestIncome": 0,
    "interestExpense": 17918000,
    "depreciationAndAmortization": 40064000,
    "ebitda": 170203000,
    "ebitdaratio": 0.0274308025,
    "operatingIncome": 112221000,
    "operatingIncomeRatio": 0.0180861212,
    "totalOtherIncomeExpensesNet": 0,
    "incomeBeforeTax": 112221000,
    "incomeBeforeTaxRatio": 0.0180861212,
    "incomeTaxExpense": 40980000,
    "netIncome": 71241000,
    "netIncomeRatio": 0.0114815708,
    "eps": 0.43,
    "epsdiluted": 0.42,
    "weightedAverageShsOut": 165676743,
    "weightedAverageShsOutDil": 169621427,
    "link": "https://www.sec.gov/Archives/edgar/data/49071/000119312507100761/0001193125-07-100761-index.htm",
    "finalLink": "https://www.sec.gov/Archives/edgar/data/49071/000119312507100761/d10q.htm"
  },
  {
    "date": "2006-12-31",
    "symbol": "HUM",
    "reportedCurrency": "USD",
    "cik": "0000049071",
    "fillingDate": "2007-02-23",
    "acceptedDate": "2007-02-23 15:50:26",
    "calendarYear": "2006",
    "period": "Q4",
    "revenue": 5655219000,
    "costOfRevenue": 0,
    "grossProfit": 5655219000,
    "grossProfitRatio": 1,
    "researchAndDevelopmentExpenses": 0,
    "generalAndAdministrativeExpenses": 817038000,
    "sellingAndMarketingExpenses": 0,
    "sellingGeneralAndAdministrativeExpenses": 817038000,
    "otherExpenses": 4597000000,
    "operatingExpenses": 5414038000,
    "costAndExpenses": 5414038000,
    "interestIncome": 0,
    "interestExpense": 15806000,
    "depreciationAndAmortization": 39419000,
    "ebitda": 296406000,
    "ebitdaratio": 0.0524128243,
    "operatingIncome": 241181000,
    "operatingIncomeRatio": 0.0426475084,
    "totalOtherIncomeExpensesNet": 0,
    "incomeBeforeTax": 241181000,
    "incomeBeforeTaxRatio": 0.0426475084,
    "incomeTaxExpense": 86160000,
    "netIncome": 155021000,
    "netIncomeRatio": 0.0274120242,
    "eps": 0.94,
    "epsdiluted": 0.92,
    "weightedAverageShsOut": 165227468,
    "weightedAverageShsOutDil": 168668191,
    "link": "https://www.sec.gov/Archives/edgar/data/49071/000119312507038330/0001193125-07-038330-index.htm",
    "finalLink": "https://www.sec.gov/Archives/edgar/data/49071/000119312507038330/d10k.htm"
  },
  {
    "date": "2006-09-30",
    "symbol": "HUM",
    "reportedCurrency": "USD",
    "cik": "0000049071",
    "fillingDate": "2006-11-07",
    "acceptedDate": "2006-11-07 15:14:26",
    "calendarYear": "2006",
    "period": "Q3",
    "revenue": 5649784000,
    "costOfRevenue": 0,
    "grossProfit": 5649784000,
    "grossProfitRatio": 1,
    "researchAndDevelopmentExpenses": 0,
    "generalAndAdministrativeExpenses": 729722000,
    "sellingAndMarketingExpenses": 0,
    "sellingGeneralAndAdministrativeExpenses": 729722000,
    "otherExpenses": 4670688000,
    "operatingExpenses": 5400410000,
    "costAndExpenses": 5400410000,
    "interestIncome": 0,
    "interestExpense": 17009000,
    "depreciationAndAmortization": 37677000,
    "ebitda": 304060000,
    "ebitdaratio": 0.0538179867,
    "operatingIncome": 249374000,
    "operatingIncomeRatio": 0.0441386786,
    "totalOtherIncomeExpensesNet": 0,
    "incomeBeforeTax": 249374000,
    "incomeBeforeTaxRatio": 0.0441386786,
    "incomeTaxExpense": 90176000,
    "netIncome": 159198000,
    "netIncomeRatio": 0.0281777144,
    "eps": 0.97,
    "epsdiluted": 0.95,
    "weightedAverageShsOut": 164121648,
    "weightedAverageShsOutDil": 167576840,
    "link": "https://www.sec.gov/Archives/edgar/data/49071/000119312506226537/0001193125-06-226537-index.htm",
    "finalLink": "https://www.sec.gov/Archives/edgar/data/49071/000119312506226537/d10q.htm"
  },
  {
    "date": "2006-06-30",
    "symbol": "HUM",
    "reportedCurrency": "USD",
    "cik": "0000049071",
    "fillingDate": "2006-08-03",
    "acceptedDate": "2006-08-02 17:45:53",
    "calendarYear": "2006",
    "period": "Q2",
    "revenue": 5407169000,
    "costOfRevenue": 0,
    "grossProfit": 5407169000,
    "grossProfitRatio": 1,
    "researchAndDevelopmentExpenses": 0,
    "generalAndAdministrativeExpenses": 733863000,
    "sellingAndMarketingExpenses": 0,
    "sellingGeneralAndAdministrativeExpenses": 733863000,
    "otherExpenses": 4532984000,
    "operatingExpenses": 5266847000,
    "costAndExpenses": 5266847000,
    "interestIncome": 0,
    "interestExpense": 16887000,
    "depreciationAndAmortization": 36596000,
    "ebitda": 193805000,
    "ebitdaratio": 0.0358422309,
    "operatingIncome": 140322000,
    "operatingIncomeRatio": 0.0259511031,
    "totalOtherIncomeExpensesNet": 0,
    "incomeBeforeTax": 140322000,
    "incomeBeforeTaxRatio": 0.0259511031,
    "incomeTaxExpense": 50833000,
    "netIncome": 89489000,
    "netIncomeRatio": 0.0165500653,
    "eps": 0.55,
    "epsdiluted": 0.53,
    "weightedAverageShsOut": 162707271,
    "weightedAverageShsOutDil": 168847168,
    "link": "https://www.sec.gov/Archives/edgar/data/49071/000119312506159490/0001193125-06-159490-index.htm",
    "finalLink": "https://www.sec.gov/Archives/edgar/data/49071/000119312506159490/d10q.htm"
  },
  {
    "date": "2006-03-31",
    "symbol": "HUM",
    "reportedCurrency": "USD",
    "cik": "0000049071",
    "fillingDate": "2006-05-03",
    "acceptedDate": "2006-05-02 18:38:37",
    "calendarYear": "2006",
    "period": "Q1",
    "revenue": 4704365000,
    "costOfRevenue": 0,
    "grossProfit": 4704365000,
    "grossProfitRatio": 1,
    "researchAndDevelopmentExpenses": 0,
    "generalAndAdministrativeExpenses": 740886000,
    "sellingAndMarketingExpenses": 0,
    "sellingGeneralAndAdministrativeExpenses": 740886000,
    "otherExpenses": 3832271000,
    "operatingExpenses": 4573157000,
    "costAndExpenses": 4573157000,
    "interestIncome": 0,
    "interestExpense": 13439000,
    "depreciationAndAmortization": 34906000,
    "ebitda": 179553000,
    "ebitdaratio": 0.0381673191,
    "operatingIncome": 131208000,
    "operatingIncomeRatio": 0.027890693,
    "totalOtherIncomeExpensesNet": 0,
    "incomeBeforeTax": 131208000,
    "incomeBeforeTaxRatio": 0.027890693,
    "incomeTaxExpense": 47493000,
    "netIncome": 83715000,
    "netIncomeRatio": 0.0177951753,
    "eps": 0.51,
    "epsdiluted": 0.5,
    "weightedAverageShsOut": 164147057,
    "weightedAverageShsOutDil": 167429998,
    "link": "https://www.sec.gov/Archives/edgar/data/49071/000119312506097012/0001193125-06-097012-index.htm",
    "finalLink": "https://www.sec.gov/Archives/edgar/data/49071/000119312506097012/d10q.htm"
  },
  {
    "date": "2005-12-31",
    "symbol": "HUM",
    "reportedCurrency": "USD",
    "cik": "0000049071",
    "fillingDate": "2006-03-03",
    "acceptedDate": "2006-03-03 16:59:00",
    "calendarYear": "2005",
    "period": "Q4",
    "revenue": 3663080000,
    "costOfRevenue": 0,
    "grossProfit": 3663080000,
    "grossProfitRatio": 1,
    "researchAndDevelopmentExpenses": 0,
    "generalAndAdministrativeExpenses": 604977000,
    "sellingAndMarketingExpenses": 0,
    "sellingGeneralAndAdministrativeExpenses": 604977000,
    "otherExpenses": 2958887000,
    "operatingExpenses": 3563864000,
    "costAndExpenses": 3563864000,
    "interestIncome": 0,
    "interestExpense": 10329000,
    "depreciationAndAmortization": 33727000,
    "ebitda": 143272000,
    "ebitdaratio": 0.0391124409,
    "operatingIncome": 99216000,
    "operatingIncomeRatio": 0.0270854035,
    "totalOtherIncomeExpensesNet": 0,
    "incomeBeforeTax": 99216000,
    "incomeBeforeTaxRatio": 0.0270854035,
    "incomeTaxExpense": 34609000,
    "netIncome": 64607000,
    "netIncomeRatio": 0.0176373434,
    "eps": 0.46,
    "epsdiluted": 0.45,
    "weightedAverageShsOut": 159925971,
    "weightedAverageShsOutDil": 163474993,
    "link": "https://www.sec.gov/Archives/edgar/data/49071/000119312506045135/0001193125-06-045135-index.htm",
    "finalLink": "https://www.sec.gov/Archives/edgar/data/49071/000119312506045135/d10k.htm"
  },
  {
    "date": "2005-09-30",
    "symbol": "HUM",
    "reportedCurrency": "USD",
    "cik": "0000049071",
    "fillingDate": "2005-11-07",
    "acceptedDate": "2005-11-07 15:56:12",
    "calendarYear": "2005",
    "period": "Q3",
    "revenue": 3821461000,
    "costOfRevenue": 0,
    "grossProfit": 3821461000,
    "grossProfitRatio": 1,
    "researchAndDevelopmentExpenses": 0,
    "generalAndAdministrativeExpenses": 611300000,
    "sellingAndMarketingExpenses": 4826000,
    "sellingGeneralAndAdministrativeExpenses": 616126000,
    "otherExpenses": 3138657000,
    "operatingExpenses": 3754783000,
    "costAndExpenses": 3754783000,
    "interestIncome": 0,
    "interestExpense": 10141000,
    "depreciationAndAmortization": 34119000,
    "ebitda": 110938000,
    "ebitdaratio": 0.0290302583,
    "operatingIncome": 66678000,
    "operatingIncomeRatio": 0.0174483005,
    "totalOtherIncomeExpensesNet": 0,
    "incomeBeforeTax": 66678000,
    "incomeBeforeTaxRatio": 0.0174483005,
    "incomeTaxExpense": 19871000,
    "netIncome": 46807000,
    "netIncomeRatio": 0.0122484568,
    "eps": 0.29,
    "epsdiluted": 0.28,
    "weightedAverageShsOut": 161403447,
    "weightedAverageShsOutDil": 167167855,
    "link": "https://www.sec.gov/Archives/edgar/data/49071/000119312505218181/0001193125-05-218181-index.htm",
    "finalLink": "https://www.sec.gov/Archives/edgar/data/49071/000119312505218181/d10q.htm"
  },
  {
    "date": "2005-06-30",
    "symbol": "HUM",
    "reportedCurrency": "USD",
    "cik": "0000049071",
    "fillingDate": "2005-08-05",
    "acceptedDate": "2005-08-05 14:59:22",
    "calendarYear": "2005",
    "period": "Q2",
    "revenue": 3546361000,
    "costOfRevenue": 0,
    "grossProfit": 3546361000,
    "grossProfitRatio": 1,
    "researchAndDevelopmentExpenses": 0,
    "generalAndAdministrativeExpenses": 486460000,
    "sellingAndMarketingExpenses": 4459000,
    "sellingGeneralAndAdministrativeExpenses": 490919000,
    "otherExpenses": 2930594000,
    "operatingExpenses": 3421513000,
    "costAndExpenses": 3421513000,
    "interestIncome": 0,
    "interestExpense": 10322000,
    "depreciationAndAmortization": 31763000,
    "ebitda": 166933000,
    "ebitdaratio": 0.047071632,
    "operatingIncome": 124848000,
    "operatingIncomeRatio": 0.0352045378,
    "totalOtherIncomeExpensesNet": 0,
    "incomeBeforeTax": 124848000,
    "incomeBeforeTaxRatio": 0.0352045378,
    "incomeTaxExpense": 43436000,
    "netIncome": 81412000,
    "netIncomeRatio": 0.0229564898,
    "eps": 0.5,
    "epsdiluted": 0.49,
    "weightedAverageShsOut": 162823998,
    "weightedAverageShsOutDil": 166146937,
    "link": "https://www.sec.gov/Archives/edgar/data/49071/000119312505158977/0001193125-05-158977-index.htm",
    "finalLink": "https://www.sec.gov/Archives/edgar/data/49071/000119312505158977/d10q.htm"
  },
  {
    "date": "2005-03-31",
    "symbol": "HUM",
    "reportedCurrency": "USD",
    "cik": "0000049071",
    "fillingDate": "2005-05-05",
    "acceptedDate": "2005-05-05 16:19:21",
    "calendarYear": "2005",
    "period": "Q1",
    "revenue": 3387225000,
    "costOfRevenue": 0,
    "grossProfit": 3387225000,
    "grossProfitRatio": 1,
    "researchAndDevelopmentExpenses": 0,
    "generalAndAdministrativeExpenses": 479040000,
    "sellingAndMarketingExpenses": 0,
    "sellingGeneralAndAdministrativeExpenses": 479040000,
    "otherExpenses": 2791505000,
    "operatingExpenses": 3270545000,
    "costAndExpenses": 3270545000,
    "interestIncome": 0,
    "interestExpense": 8523000,
    "depreciationAndAmortization": 29249000,
    "ebitda": 154452000,
    "ebitdaratio": 0.0455983881,
    "operatingIncome": 116680000,
    "operatingIncomeRatio": 0.0344470769,
    "totalOtherIncomeExpensesNet": 0,
    "incomeBeforeTax": 116680000,
    "incomeBeforeTaxRatio": 0.0344470769,
    "incomeTaxExpense": 9945000,
    "netIncome": 106735000,
    "netIncomeRatio": 0.0315110452,
    "eps": 0.66,
    "epsdiluted": 0.65,
    "weightedAverageShsOut": 161719695,
    "weightedAverageShsOutDil": 164207691,
    "link": "https://www.sec.gov/Archives/edgar/data/49071/000119312505097472/0001193125-05-097472-index.htm",
    "finalLink": "https://www.sec.gov/Archives/edgar/data/49071/000119312505097472/d10q.htm"
  },
  {
    "date": "2004-12-31",
    "symbol": "HUM",
    "reportedCurrency": "USD",
    "cik": "0000049071",
    "fillingDate": "2005-03-02",
    "acceptedDate": "2005-03-01 18:59:46",
    "calendarYear": "2004",
    "period": "Q4",
    "revenue": 3209625000,
    "costOfRevenue": 0,
    "grossProfit": 3209625000,
    "grossProfitRatio": 1,
    "researchAndDevelopmentExpenses": 0,
    "generalAndAdministrativeExpenses": 461169000,
    "sellingAndMarketingExpenses": 0,
    "sellingGeneralAndAdministrativeExpenses": 461169000,
    "otherExpenses": 2685205000,
    "operatingExpenses": 3146374000,
    "costAndExpenses": 3146374000,
    "interestIncome": 0,
    "interestExpense": 6648000,
    "depreciationAndAmortization": 33077000,
    "ebitda": 102976000,
    "ebitdaratio": 0.0320834989,
    "operatingIncome": 63251000,
    "operatingIncomeRatio": 0.0197066636,
    "totalOtherIncomeExpensesNet": 0,
    "incomeBeforeTax": 63251000,
    "incomeBeforeTaxRatio": 0.0197066636,
    "incomeTaxExpense": 16125000,
    "netIncome": 47126000,
    "netIncomeRatio": 0.0146827122,
    "eps": 0.3,
    "epsdiluted": 0.29,
    "weightedAverageShsOut": 158194324,
    "weightedAverageShsOutDil": 162618668,
    "link": "https://www.sec.gov/Archives/edgar/data/49071/000119312505040063/0001193125-05-040063-index.htm",
    "finalLink": "https://www.sec.gov/Archives/edgar/data/49071/000119312505040063/d10k.htm"
  },
  {
    "date": "2004-09-30",
    "symbol": "HUM",
    "reportedCurrency": "USD",
    "cik": "0000049071",
    "fillingDate": "2004-11-05",
    "acceptedDate": "2004-11-05 17:13:58",
    "calendarYear": "2004",
    "period": "Q3",
    "revenue": 3176273000,
    "costOfRevenue": 0,
    "grossProfit": 3176273000,
    "grossProfitRatio": 1,
    "researchAndDevelopmentExpenses": 0,
    "generalAndAdministrativeExpenses": 460171000,
    "sellingAndMarketingExpenses": 0,
    "sellingGeneralAndAdministrativeExpenses": 460171000,
    "otherExpenses": 2588629000,
    "operatingExpenses": 3048800000,
    "costAndExpenses": 3048800000,
    "interestIncome": 0,
    "interestExpense": 6480000,
    "depreciationAndAmortization": 31238000,
    "ebitda": 165191000,
    "ebitdaratio": 0.0520078092,
    "operatingIncome": 127473000,
    "operatingIncomeRatio": 0.0401328853,
    "totalOtherIncomeExpensesNet": 0,
    "incomeBeforeTax": 127473000,
    "incomeBeforeTaxRatio": 0.0401328853,
    "incomeTaxExpense": 43170000,
    "netIncome": 84303000,
    "netIncomeRatio": 0.0265414843,
    "eps": 0.53,
    "epsdiluted": 0.52,
    "weightedAverageShsOut": 159062263,
    "weightedAverageShsOutDil": 162121152,
    "link": "https://www.sec.gov/Archives/edgar/data/49071/000119312504188013/0001193125-04-188013-index.htm",
    "finalLink": "https://www.sec.gov/Archives/edgar/data/49071/000119312504188013/d10q.htm"
  },
  {
    "date": "2004-06-30",
    "symbol": "HUM",
    "reportedCurrency": "USD",
    "cik": "0000049071",
    "fillingDate": "2004-08-06",
    "acceptedDate": "2004-08-06 11:27:34",
    "calendarYear": "2004",
    "period": "Q2",
    "revenue": 3431478000,
    "costOfRevenue": 0,
    "grossProfit": 3431478000,
    "grossProfitRatio": 1,
    "researchAndDevelopmentExpenses": 0,
    "generalAndAdministrativeExpenses": 486895000,
    "sellingAndMarketingExpenses": 0,
    "sellingGeneralAndAdministrativeExpenses": 486895000,
    "otherExpenses": 2822230000,
    "operatingExpenses": 3309125000,
    "costAndExpenses": 3309125000,
    "interestIncome": 0,
    "interestExpense": 5325000,
    "depreciationAndAmortization": 27165000,
    "ebitda": 154843000,
    "ebitdaratio": 0.0451242876,
    "operatingIncome": 122353000,
    "operatingIncomeRatio": 0.0356560642,
    "totalOtherIncomeExpensesNet": 0,
    "incomeBeforeTax": 122353000,
    "incomeBeforeTaxRatio": 0.0356560642,
    "incomeTaxExpense": 41600000,
    "netIncome": 80753000,
    "netIncomeRatio": 0.0235330082,
    "eps": 0.5,
    "epsdiluted": 0.5,
    "weightedAverageShsOut": 161505998,
    "weightedAverageShsOutDil": 161505998,
    "link": "https://www.sec.gov/Archives/edgar/data/49071/000119312504133892/0001193125-04-133892-index.htm",
    "finalLink": "https://www.sec.gov/Archives/edgar/data/49071/000119312504133892/d10q.htm"
  },
  {
    "date": "2004-03-31",
    "symbol": "HUM",
    "reportedCurrency": "USD",
    "cik": "0000049071",
    "fillingDate": "2004-05-07",
    "acceptedDate": "2004-05-07 12:47:43",
    "calendarYear": "2004",
    "period": "Q1",
    "revenue": 3286949000,
    "costOfRevenue": 0,
    "grossProfit": 3286949000,
    "grossProfitRatio": 1,
    "researchAndDevelopmentExpenses": 0,
    "generalAndAdministrativeExpenses": 469629000,
    "sellingAndMarketingExpenses": 0,
    "sellingGeneralAndAdministrativeExpenses": 469629000,
    "otherExpenses": 2714547000,
    "operatingExpenses": 3184176000,
    "costAndExpenses": 3184176000,
    "interestIncome": 0,
    "interestExpense": 4719000,
    "depreciationAndAmortization": 26312000,
    "ebitda": 133804000,
    "ebitdaratio": 0.0407076593,
    "operatingIncome": 102773000,
    "operatingIncomeRatio": 0.0312669895,
    "totalOtherIncomeExpensesNet": 0,
    "incomeBeforeTax": 102773000,
    "incomeBeforeTaxRatio": 0.0312669895,
    "incomeTaxExpense": 34943000,
    "netIncome": 67830000,
    "netIncomeRatio": 0.0206361583,
    "eps": 0.42,
    "epsdiluted": 0.41,
    "weightedAverageShsOut": 161499998,
    "weightedAverageShsOutDil": 165439023,
    "link": "https://www.sec.gov/Archives/edgar/data/49071/000119312504081732/0001193125-04-081732-index.htm",
    "finalLink": "https://www.sec.gov/Archives/edgar/data/49071/000119312504081732/d10q.htm"
  },
  {
    "date": "2003-12-31",
    "symbol": "HUM",
    "reportedCurrency": "USD",
    "cik": "0000049071",
    "fillingDate": "2004-03-05",
    "acceptedDate": "2004-03-05 14:59:16",
    "calendarYear": "2003",
    "period": "Q4",
    "revenue": 3152872000,
    "costOfRevenue": 0,
    "grossProfit": 3152872000,
    "grossProfitRatio": 1,
    "researchAndDevelopmentExpenses": 0,
    "generalAndAdministrativeExpenses": 486832000,
    "sellingAndMarketingExpenses": 0,
    "sellingGeneralAndAdministrativeExpenses": 486832000,
    "otherExpenses": 2566328000,
    "operatingExpenses": 3053160000,
    "costAndExpenses": 3053160000,
    "interestIncome": 0,
    "interestExpense": 4894000,
    "depreciationAndAmortization": 26547000,
    "ebitda": 131153000,
    "ebitdaratio": 0.0415979463,
    "operatingIncome": 99712000,
    "operatingIncomeRatio": 0.0316257685,
    "totalOtherIncomeExpensesNet": 0,
    "incomeBeforeTax": 99712000,
    "incomeBeforeTaxRatio": 0.0316257685,
    "incomeTaxExpense": 33403000,
    "netIncome": 66309000,
    "netIncomeRatio": 0.021031301,
    "eps": 0.38,
    "epsdiluted": 0.37,
    "weightedAverageShsOut": 161055517,
    "weightedAverageShsOutDil": 165474284,
    "link": "https://www.sec.gov/Archives/edgar/data/49071/000119312504035443/0001193125-04-035443-index.htm",
    "finalLink": "https://www.sec.gov/Archives/edgar/data/49071/000119312504035443/d10k.htm"
  },
  {
    "date": "2003-09-30",
    "symbol": "HUM",
    "reportedCurrency": "USD",
    "cik": "0000049071",
    "fillingDate": "2003-11-05",
    "acceptedDate": "2003-11-05 11:50:09",
    "calendarYear": "2003",
    "period": "Q3",
    "revenue": 3111765000,
    "costOfRevenue": 0,
    "grossProfit": 3111765000,
    "grossProfitRatio": 1,
    "researchAndDevelopmentExpenses": 0,
    "generalAndAdministrativeExpenses": 458381000,
    "sellingAndMarketingExpenses": 0,
    "sellingGeneralAndAdministrativeExpenses": 458381000,
    "otherExpenses": 2559972000,
    "operatingExpenses": 3018353000,
    "costAndExpenses": 3018353000,
    "interestIncome": 0,
    "interestExpense": 4737000,
    "depreciationAndAmortization": 27112000,
    "ebitda": 125261000,
    "ebitdaratio": 0.0402540038,
    "operatingIncome": 93412000,
    "operatingIncomeRatio": 0.0300189764,
    "totalOtherIncomeExpensesNet": 0,
    "incomeBeforeTax": 93412000,
    "incomeBeforeTaxRatio": 0.0300189764,
    "incomeTaxExpense": 31293000,
    "netIncome": 62119000,
    "netIncomeRatio": 0.0199626257,
    "eps": 0.39,
    "epsdiluted": 0.38,
    "weightedAverageShsOut": 159279486,
    "weightedAverageShsOutDil": 163471051,
    "link": "https://www.sec.gov/Archives/edgar/data/49071/000119312503073141/0001193125-03-073141-index.htm",
    "finalLink": "https://www.sec.gov/Archives/edgar/data/49071/000119312503073141/d10q.htm"
  },
  {
    "date": "2003-06-30",
    "symbol": "HUM",
    "reportedCurrency": "USD",
    "cik": "0000049071",
    "fillingDate": "2003-07-28",
    "acceptedDate": "2003-07-28 16:24:51",
    "calendarYear": "2003",
    "period": "Q2",
    "revenue": 3029958000,
    "costOfRevenue": 0,
    "grossProfit": 3029958000,
    "grossProfitRatio": 1,
    "researchAndDevelopmentExpenses": 0,
    "generalAndAdministrativeExpenses": 448537000,
    "sellingAndMarketingExpenses": 0,
    "sellingGeneralAndAdministrativeExpenses": 448537000,
    "otherExpenses": 2477231000,
    "operatingExpenses": 2925768000,
    "costAndExpenses": 2925768000,
    "interestIncome": 0,
    "interestExpense": 3801000,
    "depreciationAndAmortization": 28453000,
    "ebitda": 136444000,
    "ebitdaratio": 0.0450316473,
    "operatingIncome": 104190000,
    "operatingIncomeRatio": 0.0343866153,
    "totalOtherIncomeExpensesNet": 0,
    "incomeBeforeTax": 104190000,
    "incomeBeforeTaxRatio": 0.0343866153,
    "incomeTaxExpense": 34914000,
    "netIncome": 69276000,
    "netIncomeRatio": 0.0228636833,
    "eps": 0.44,
    "epsdiluted": 0.43,
    "weightedAverageShsOut": 157445453,
    "weightedAverageShsOutDil": 161106975,
    "link": "https://www.sec.gov/Archives/edgar/data/49071/000004907103000062/0000049071-03-000062-index.htm",
    "finalLink": "https://www.sec.gov/Archives/edgar/data/49071/000004907103000062/q203.htm"
  },
  {
    "date": "2003-03-31",
    "symbol": "HUM",
    "reportedCurrency": "USD",
    "cik": "0000049071",
    "fillingDate": "2003-05-14",
    "acceptedDate": "2003-05-14 15:07:31",
    "calendarYear": "2003",
    "period": "Q1",
    "revenue": 2931716000,
    "costOfRevenue": 0,
    "grossProfit": 2931716000,
    "grossProfitRatio": 1,
    "researchAndDevelopmentExpenses": 0,
    "generalAndAdministrativeExpenses": 464278000,
    "sellingAndMarketingExpenses": 0,
    "sellingGeneralAndAdministrativeExpenses": 464278000,
    "otherExpenses": 2420036000,
    "operatingExpenses": 2884314000,
    "costAndExpenses": 2884314000,
    "interestIncome": 0,
    "interestExpense": 3935000,
    "depreciationAndAmortization": 44667000,
    "ebitda": 96004000,
    "ebitdaratio": 0.0327466917,
    "operatingIncome": 47402000,
    "operatingIncomeRatio": 0.0161686876,
    "totalOtherIncomeExpensesNet": 0,
    "incomeBeforeTax": 47402000,
    "incomeBeforeTaxRatio": 0.0161686876,
    "incomeTaxExpense": 16172000,
    "netIncome": 31230000,
    "netIncomeRatio": 0.0106524643,
    "eps": 0.2,
    "epsdiluted": 0.19,
    "weightedAverageShsOut": 156149998,
    "weightedAverageShsOutDil": 164368419,
    "link": "https://www.sec.gov/Archives/edgar/data/49071/000004907103000044/0000049071-03-000044-index.htm",
    "finalLink": "https://www.sec.gov/Archives/edgar/data/49071/000004907103000044/q303.htm"
  },
  {
    "date": "2002-12-31",
    "symbol": "HUM",
    "reportedCurrency": "USD",
    "cik": "0000049071",
    "fillingDate": "2003-03-21",
    "acceptedDate": "2003-03-21 15:23:40",
    "calendarYear": "2002",
    "period": "Q4",
    "revenue": 2855032000,
    "costOfRevenue": 0,
    "grossProfit": 2855032000,
    "grossProfitRatio": 1,
    "researchAndDevelopmentExpenses": 0,
    "generalAndAdministrativeExpenses": 460676000,
    "sellingAndMarketingExpenses": 0,
    "sellingGeneralAndAdministrativeExpenses": 460676000,
    "otherExpenses": 2396863000,
    "operatingExpenses": 2857539000,
    "costAndExpenses": 2857539000,
    "interestIncome": 0,
    "interestExpense": 4364000,
    "depreciationAndAmortization": 30174000,
    "ebitda": 32031000,
    "ebitdaratio": 0.0112191387,
    "operatingIncome": -2507000,
    "operatingIncomeRatio": -0.0008780987,
    "totalOtherIncomeExpensesNet": 0,
    "incomeBeforeTax": -2507000,
    "incomeBeforeTaxRatio": -0.0008780987,
    "incomeTaxExpense": -802000,
    "netIncome": -1705000,
    "netIncomeRatio": -0.0005971912,
    "eps": -0.0095,
    "epsdiluted": -0.0093,
    "weightedAverageShsOut": 179310961,
    "weightedAverageShsOutDil": 184045669,
    "link": "https://www.sec.gov/Archives/edgar/data/49071/000093066103001145/0000930661-03-001145-index.htm",
    "finalLink": "https://www.sec.gov/Archives/edgar/data/49071/000093066103001145/d10k.htm"
  },
  {
    "date": "2002-09-30",
    "symbol": "HUM",
    "reportedCurrency": "USD",
    "cik": "0000049071",
    "fillingDate": "2002-11-12",
    "acceptedDate": "2002-11-12 15:49:19",
    "calendarYear": "2002",
    "period": "Q3",
    "revenue": 2841627000,
    "costOfRevenue": 0,
    "grossProfit": 2841627000,
    "grossProfitRatio": 1,
    "researchAndDevelopmentExpenses": 0,
    "generalAndAdministrativeExpenses": 429019000,
    "sellingAndMarketingExpenses": 0,
    "sellingGeneralAndAdministrativeExpenses": 429019000,
    "otherExpenses": 2335651000,
    "operatingExpenses": 2764670000,
    "costAndExpenses": 2764670000,
    "interestIncome": 0,
    "interestExpense": 4107000,
    "depreciationAndAmortization": 30523000,
    "ebitda": 111587000,
    "ebitdaratio": 0.0392687006,
    "operatingIncome": 76957000,
    "operatingIncomeRatio": 0.0270820203,
    "totalOtherIncomeExpensesNet": 0,
    "incomeBeforeTax": 76957000,
    "incomeBeforeTaxRatio": 0.0270820203,
    "incomeTaxExpense": 24626000,
    "netIncome": 52331000,
    "netIncomeRatio": 0.0184158582,
    "eps": 0.32,
    "epsdiluted": 0.31,
    "weightedAverageShsOut": 163534373,
    "weightedAverageShsOutDil": 168809676,
    "link": "https://www.sec.gov/Archives/edgar/data/49071/000004907102000085/0000049071-02-000085-index.htm",
    "finalLink": "https://www.sec.gov/Archives/edgar/data/49071/000004907102000085/q902.htm"
  },
  {
    "date": "2002-06-30",
    "symbol": "HUM",
    "reportedCurrency": "USD",
    "cik": "0000049071",
    "fillingDate": "2002-08-09",
    "acceptedDate": "2002-08-09 10:17:44",
    "calendarYear": "2002",
    "period": "Q2",
    "revenue": 2831940000,
    "costOfRevenue": 0,
    "grossProfit": 2831940000,
    "grossProfitRatio": 1,
    "researchAndDevelopmentExpenses": 0,
    "generalAndAdministrativeExpenses": 414433000,
    "sellingAndMarketingExpenses": 0,
    "sellingGeneralAndAdministrativeExpenses": 414433000,
    "otherExpenses": 2350802000,
    "operatingExpenses": 2765235000,
    "costAndExpenses": 2765235000,
    "interestIncome": 0,
    "interestExpense": 4377000,
    "depreciationAndAmortization": 30237000,
    "ebitda": 101319000,
    "ebitdaratio": 0.035777241,
    "operatingIncome": 66705000,
    "operatingIncomeRatio": 0.0235545245,
    "totalOtherIncomeExpensesNet": 0,
    "incomeBeforeTax": 66705000,
    "incomeBeforeTaxRatio": 0.0235545245,
    "incomeTaxExpense": 21346000,
    "netIncome": 45359000,
    "netIncomeRatio": 0.0160169354,
    "eps": 0.28,
    "epsdiluted": 0.27,
    "weightedAverageShsOut": 161996427,
    "weightedAverageShsOutDil": 167996295,
    "link": "https://www.sec.gov/Archives/edgar/data/49071/000004907102000062/0000049071-02-000062-index.htm",
    "finalLink": "https://www.sec.gov/Archives/edgar/data/49071/000004907102000062/q602.htm"
  },
  {
    "date": "2002-03-31",
    "symbol": "HUM",
    "reportedCurrency": "USD",
    "cik": "0000049071",
    "fillingDate": "2002-05-10",
    "acceptedDate": "2002-05-10 15:42:42",
    "calendarYear": "2002",
    "period": "Q1",
    "revenue": 2732582000,
    "costOfRevenue": 0,
    "grossProfit": 2732582000,
    "grossProfitRatio": 1,
    "researchAndDevelopmentExpenses": 0,
    "generalAndAdministrativeExpenses": 435064000,
    "sellingAndMarketingExpenses": 0,
    "sellingGeneralAndAdministrativeExpenses": 435064000,
    "otherExpenses": 2228739000,
    "operatingExpenses": 2663803000,
    "costAndExpenses": 2663803000,
    "interestIncome": 0,
    "interestExpense": 4404000,
    "depreciationAndAmortization": 29796000,
    "ebitda": 102979000,
    "ebitdaratio": 0.0376856028,
    "operatingIncome": 68779000,
    "operatingIncomeRatio": 0.0251699675,
    "totalOtherIncomeExpensesNet": 0,
    "incomeBeforeTax": 68779000,
    "incomeBeforeTaxRatio": 0.0251699675,
    "incomeTaxExpense": 22009000,
    "netIncome": 46770000,
    "netIncomeRatio": 0.0171156803,
    "eps": 0.28,
    "epsdiluted": 0.28,
    "weightedAverageShsOut": 167035713,
    "weightedAverageShsOutDil": 167035713,
    "link": "https://www.sec.gov/Archives/edgar/data/49071/000004907102000043/0000049071-02-000043-index.htm",
    "finalLink": "https://www.sec.gov/Archives/edgar/data/49071/000004907102000043/q102.htm"
  },
  {
    "date": "2001-12-31",
    "symbol": "HUM",
    "reportedCurrency": "USD",
    "cik": "0000049071",
    "fillingDate": "2002-03-28",
    "acceptedDate": "2002-03-28 00:00:00",
    "calendarYear": "2001",
    "period": "Q4",
    "revenue": 2622886000,
    "costOfRevenue": 0,
    "grossProfit": 2622886000,
    "grossProfitRatio": 1,
    "researchAndDevelopmentExpenses": 0,
    "generalAndAdministrativeExpenses": 412129000,
    "sellingAndMarketingExpenses": 0,
    "sellingGeneralAndAdministrativeExpenses": 412129000,
    "otherExpenses": 2155677000,
    "operatingExpenses": 2567806000,
    "costAndExpenses": 2567806000,
    "interestIncome": 0,
    "interestExpense": 5302000,
    "depreciationAndAmortization": 52023000,
    "ebitda": 112405000,
    "ebitdaratio": 0.0428554653,
    "operatingIncome": 55080000,
    "operatingIncomeRatio": 0.020999769,
    "totalOtherIncomeExpensesNet": 0,
    "incomeBeforeTax": 55080000,
    "incomeBeforeTaxRatio": 0.020999769,
    "incomeTaxExpense": 19909000,
    "netIncome": 35171000,
    "netIncomeRatio": 0.0134092751,
    "eps": 0.21,
    "epsdiluted": 0.21,
    "weightedAverageShsOut": 168118308,
    "weightedAverageShsOutDil": 168118308,
    "link": "https://www.sec.gov/Archives/edgar/data/49071/000095013102001193/0000950131-02-001193-index.htm",
    "finalLink": "https://www.sec.gov/Archives/edgar/data/49071/000095013102001193/d10k405.htm"
  },
  {
    "date": "2001-09-30",
    "symbol": "HUM",
    "reportedCurrency": "USD",
    "cik": "0000049071",
    "fillingDate": "2001-11-14",
    "acceptedDate": "2001-11-14 00:00:00",
    "calendarYear": "2001",
    "period": "Q3",
    "revenue": 2611000000,
    "costOfRevenue": 0,
    "grossProfit": 2611000000,
    "grossProfitRatio": 1,
    "researchAndDevelopmentExpenses": 0,
    "generalAndAdministrativeExpenses": 399000000,
    "sellingAndMarketingExpenses": 0,
    "sellingGeneralAndAdministrativeExpenses": 399000000,
    "otherExpenses": 2165000000,
    "operatingExpenses": 2564000000,
    "costAndExpenses": 2564000000,
    "interestIncome": 0,
    "interestExpense": 6000000,
    "depreciationAndAmortization": 41295000,
    "ebitda": 94295000,
    "ebitdaratio": 0.0361145155,
    "operatingIncome": 47000000,
    "operatingIncomeRatio": 0.018000766,
    "totalOtherIncomeExpensesNet": 0,
    "incomeBeforeTax": 47000000,
    "incomeBeforeTaxRatio": 0.018000766,
    "incomeTaxExpense": 17000000,
    "netIncome": 30000000,
    "netIncomeRatio": 0.0114898506,
    "eps": 0.18,
    "epsdiluted": 0.18,
    "weightedAverageShsOut": 166666665,
    "weightedAverageShsOutDil": 166666665,
    "link": "https://www.sec.gov/Archives/edgar/data/49071/000004907101500045/0000049071-01-500045-index.htm",
    "finalLink": "https://www.sec.gov/Archives/edgar/data/49071/000004907101500045/livq901.htm"
  },
  {
    "date": "2001-06-30",
    "symbol": "HUM",
    "reportedCurrency": "USD",
    "cik": "0000049071",
    "fillingDate": "2001-08-14",
    "acceptedDate": "2001-08-14 00:00:00",
    "calendarYear": "2001",
    "period": "Q2",
    "revenue": 2470311000,
    "costOfRevenue": 0,
    "grossProfit": 2470311000,
    "grossProfitRatio": 1,
    "researchAndDevelopmentExpenses": 0,
    "generalAndAdministrativeExpenses": 365088000,
    "sellingAndMarketingExpenses": 0,
    "sellingGeneralAndAdministrativeExpenses": 365088000,
    "otherExpenses": 6845000,
    "operatingExpenses": 371933000,
    "costAndExpenses": 371933000,
    "interestIncome": 0,
    "interestExpense": 6845000,
    "depreciationAndAmortization": 38929000,
    "ebitda": 45774000,
    "ebitdaratio": 0.0185296507,
    "operatingIncome": 2098378000,
    "operatingIncomeRatio": 0.8494387954,
    "totalOtherIncomeExpensesNet": -2098378000,
    "incomeBeforeTax": 0,
    "incomeBeforeTaxRatio": 0,
    "incomeTaxExpense": 14109000,
    "netIncome": 25082000,
    "netIncomeRatio": 0.0101533774,
    "eps": 0.15,
    "epsdiluted": 0.15,
    "weightedAverageShsOut": 164099423,
    "weightedAverageShsOutDil": 166474624,
    "link": "https://www.sec.gov/Archives/edgar/data/49071/000004907101500033/0000049071-01-500033-index.htm",
    "finalLink": "https://www.sec.gov/Archives/edgar/data/49071/000004907101500033/qliv601.htm"
  },
  {
    "date": "2001-03-31",
    "symbol": "HUM",
    "reportedCurrency": "USD",
    "cik": "0000049071",
    "fillingDate": "2001-05-15",
    "acceptedDate": "2001-05-15 00:00:00",
    "calendarYear": "2001",
    "period": "Q1",
    "revenue": 2443155000,
    "costOfRevenue": 0,
    "grossProfit": 2443155000,
    "grossProfitRatio": 1,
    "researchAndDevelopmentExpenses": 0,
    "generalAndAdministrativeExpenses": 368773000,
    "sellingAndMarketingExpenses": 0,
    "sellingGeneralAndAdministrativeExpenses": 368773000,
    "otherExpenses": 7678000,
    "operatingExpenses": 376451000,
    "costAndExpenses": 376451000,
    "interestIncome": 0,
    "interestExpense": 7678000,
    "depreciationAndAmortization": 38776000,
    "ebitda": 46454000,
    "ebitdaratio": 0.0190139389,
    "operatingIncome": 2066704000,
    "operatingIncomeRatio": 0.8459160389,
    "totalOtherIncomeExpensesNet": -2066704000,
    "incomeBeforeTax": 0,
    "incomeBeforeTaxRatio": 0,
    "incomeTaxExpense": 14991000,
    "netIncome": 26651000,
    "netIncomeRatio": 0.010908436,
    "eps": 0.16,
    "epsdiluted": 0.16,
    "weightedAverageShsOut": 164054722,
    "weightedAverageShsOutDil": 167373334,
    "link": "https://www.sec.gov/Archives/edgar/data/49071/000004907101500009/0000049071-01-500009-index.htm",
    "finalLink": "https://www.sec.gov/Archives/edgar/data/49071/000004907101500009/marq01.htm"
  },
  {
    "date": "2000-12-31",
    "symbol": "HUM",
    "reportedCurrency": "USD",
    "cik": "0000049071",
    "fillingDate": "2001-03-30",
    "acceptedDate": "2001-03-30 00:00:00",
    "calendarYear": "2000",
    "period": "Q4",
    "revenue": 2560000000,
    "costOfRevenue": 0,
    "grossProfit": 2560000000,
    "grossProfitRatio": 1,
    "researchAndDevelopmentExpenses": 0,
    "generalAndAdministrativeExpenses": 363000000,
    "sellingAndMarketingExpenses": 0,
    "sellingGeneralAndAdministrativeExpenses": 363000000,
    "otherExpenses": 2163000000,
    "operatingExpenses": 2526000000,
    "costAndExpenses": 2526000000,
    "interestIncome": 0,
    "interestExpense": 7000000,
    "depreciationAndAmortization": 38000000,
    "ebitda": 79000000,
    "ebitdaratio": 0.030859375,
    "operatingIncome": 34000000,
    "operatingIncomeRatio": 0.01328125,
    "totalOtherIncomeExpensesNet": 0,
    "incomeBeforeTax": 34000000,
    "incomeBeforeTaxRatio": 0.01328125,
    "incomeTaxExpense": 7000000,
    "netIncome": 27000000,
    "netIncomeRatio": 0.010546875,
    "eps": 0.16,
    "epsdiluted": 0.16,
    "weightedAverageShsOut": 166180503,
    "weightedAverageShsOutDil": 166180503,
    "link": "https://www.sec.gov/Archives/edgar/data/49071/000095013101500403/0000950131-01-500403-index.htm",
    "finalLink": "https://www.sec.gov/Archives/edgar/data/49071/000095013101500403/d10k405.htm"
  },
  {
    "date": "2000-09-30",
    "symbol": "HUM",
    "reportedCurrency": "USD",
    "cik": "0000049071",
    "fillingDate": "2000-11-14",
    "acceptedDate": "2000-11-14 00:00:00",
    "calendarYear": "2000",
    "period": "Q3",
    "revenue": 2616000000,
    "costOfRevenue": 0,
    "grossProfit": 2616000000,
    "grossProfitRatio": 1,
    "researchAndDevelopmentExpenses": 0,
    "generalAndAdministrativeExpenses": 382000000,
    "sellingAndMarketingExpenses": 0,
    "sellingGeneralAndAdministrativeExpenses": 382000000,
    "otherExpenses": 7000000,
    "operatingExpenses": 389000000,
    "costAndExpenses": 389000000,
    "interestIncome": 0,
    "interestExpense": 7000000,
    "depreciationAndAmortization": 38000000,
    "ebitda": 45000000,
    "ebitdaratio": 0.0172018349,
    "operatingIncome": 2227000000,
    "operatingIncomeRatio": 0.8512996942,
    "totalOtherIncomeExpensesNet": -2227000000,
    "incomeBeforeTax": 0,
    "incomeBeforeTaxRatio": 0,
    "incomeTaxExpense": 6000000,
    "netIncome": 23000000,
    "netIncomeRatio": 0.0087920489,
    "eps": 0.14,
    "epsdiluted": 0.14,
    "weightedAverageShsOut": 169137624,
    "weightedAverageShsOutDil": 165690253,
    "link": "https://www.sec.gov/Archives/edgar/data/49071/000004907100500009/0000049071-00-500009-index.htm",
    "finalLink": "https://www.sec.gov/Archives/edgar/data/49071/000004907100500009/q900.htm"
  },
  {
    "date": "2000-06-30",
    "symbol": "HUM",
    "reportedCurrency": "USD",
    "cik": "0000049071",
    "fillingDate": "2000-08-14",
    "acceptedDate": "2000-08-14 00:00:00",
    "calendarYear": "2000",
    "period": "Q2",
    "revenue": 2696000000,
    "costOfRevenue": 0,
    "grossProfit": 2696000000,
    "grossProfitRatio": 1,
    "researchAndDevelopmentExpenses": 0,
    "generalAndAdministrativeExpenses": 363000000,
    "sellingAndMarketingExpenses": 0,
    "sellingGeneralAndAdministrativeExpenses": 363000000,
    "otherExpenses": 2309000000,
    "operatingExpenses": 2672000000,
    "costAndExpenses": 2672000000,
    "interestIncome": 0,
    "interestExpense": 7000000,
    "depreciationAndAmortization": 37000000,
    "ebitda": 68000000,
    "ebitdaratio": 0.0252225519,
    "operatingIncome": 24000000,
    "operatingIncomeRatio": 0.0089020772,
    "totalOtherIncomeExpensesNet": 0,
    "incomeBeforeTax": 24000000,
    "incomeBeforeTaxRatio": 0.0089020772,
    "incomeTaxExpense": 5000000,
    "netIncome": 19000000,
    "netIncomeRatio": 0.0070474777,
    "eps": 0.11,
    "epsdiluted": 0.11,
    "weightedAverageShsOut": 172727271,
    "weightedAverageShsOutDil": 172727271,
    "link": "https://www.sec.gov/Archives/edgar/data/49071/000004907100000064/0000049071-00-000064-index.htm",
    "finalLink": "https://www.sec.gov/Archives/edgar/data/49071/000004907100000064/0000049071-00-000064-0001.htm"
  },
  {
    "date": "2000-03-31",
    "symbol": "HUM",
    "reportedCurrency": "USD",
    "cik": "0000049071",
    "fillingDate": "2000-05-15",
    "acceptedDate": "2000-05-15 00:00:00",
    "calendarYear": "2000",
    "period": "Q1",
    "revenue": 2642000000,
    "costOfRevenue": 0,
    "grossProfit": 2642000000,
    "grossProfitRatio": 1,
    "researchAndDevelopmentExpenses": 0,
    "generalAndAdministrativeExpenses": 353000000,
    "sellingAndMarketingExpenses": 0,
    "sellingGeneralAndAdministrativeExpenses": 353000000,
    "otherExpenses": 8000000,
    "operatingExpenses": 361000000,
    "costAndExpenses": 361000000,
    "interestIncome": 0,
    "interestExpense": 8000000,
    "depreciationAndAmortization": 34000000,
    "ebitda": 42000000,
    "ebitdaratio": 0.0158970477,
    "operatingIncome": 2281000000,
    "operatingIncomeRatio": 0.8633610901,
    "totalOtherIncomeExpensesNet": -2281000000,
    "incomeBeforeTax": 0,
    "incomeBeforeTaxRatio": 0,
    "incomeTaxExpense": 6000000,
    "netIncome": 21000000,
    "netIncomeRatio": 0.0079485238,
    "eps": 0.13,
    "epsdiluted": 0.13,
    "weightedAverageShsOut": 167752400,
    "weightedAverageShsOutDil": 167851646,
    "link": "https://www.sec.gov/Archives/edgar/data/49071/000004907100000041/0000049071-00-000041-index.html",
    "finalLink": "https://www.sec.gov/Archives/edgar/data/49071/000004907100000041/0000049071-00-000041-d1.html"
  },
  {
    "date": "1999-12-31",
    "symbol": "HUM",
    "reportedCurrency": "USD",
    "cik": "0000049071",
    "fillingDate": "2000-03-30",
    "acceptedDate": "2000-03-30 00:00:00",
    "calendarYear": "1999",
    "period": "Q4",
    "revenue": 2574000000,
    "costOfRevenue": 0,
    "grossProfit": 2574000000,
    "grossProfitRatio": 1,
    "researchAndDevelopmentExpenses": 0,
    "generalAndAdministrativeExpenses": 376000000,
    "sellingAndMarketingExpenses": 0,
    "sellingGeneralAndAdministrativeExpenses": 376000000,
    "otherExpenses": 9124000000,
    "operatingExpenses": 9500000000,
    "costAndExpenses": 9500000000,
    "interestIncome": 0,
    "interestExpense": 8000000,
    "depreciationAndAmortization": 0,
    "ebitda": 0,
    "ebitdaratio": 0,
    "operatingIncome": -6926000000,
    "operatingIncomeRatio": -2.6907536908,
    "totalOtherIncomeExpensesNet": 6522000000,
    "incomeBeforeTax": -404000000,
    "incomeBeforeTaxRatio": -0.156954157,
    "incomeTaxExpense": -41000000,
    "netIncome": -416000000,
    "netIncomeRatio": -0.1616161616,
    "eps": -2.47,
    "epsdiluted": -2.47,
    "weightedAverageShsOut": 168206102,
    "weightedAverageShsOutDil": 168206102,
    "link": "https://www.sec.gov/Archives/edgar/data/49071/000093066100000839/0000930661-00-000839-index.html",
    "finalLink": "https://www.sec.gov/Archives/edgar/data/49071/000093066100000839/0000930661-00-000839-d1.html"
  },
  {
    "date": "1999-09-30",
    "symbol": "HUM",
    "reportedCurrency": "USD",
    "cik": "0000049071",
    "fillingDate": "1999-11-15",
    "acceptedDate": "1999-11-15 00:00:00",
    "calendarYear": "1999",
    "period": "Q3",
    "revenue": 2557000000,
    "costOfRevenue": 0,
    "grossProfit": 2557000000,
    "grossProfitRatio": 1,
    "researchAndDevelopmentExpenses": 0,
    "generalAndAdministrativeExpenses": 338000000,
    "sellingAndMarketingExpenses": 0,
    "sellingGeneralAndAdministrativeExpenses": 338000000,
    "otherExpenses": 7000000,
    "operatingExpenses": 345000000,
    "costAndExpenses": 345000000,
    "interestIncome": 0,
    "interestExpense": 7000000,
    "depreciationAndAmortization": 0,
    "ebitda": 0,
    "ebitdaratio": 0,
    "operatingIncome": 2212000000,
    "operatingIncomeRatio": 0.8650762612,
    "totalOtherIncomeExpensesNet": -2212000000,
    "incomeBeforeTax": 0,
    "incomeBeforeTaxRatio": 0,
    "incomeTaxExpense": 12000000,
    "netIncome": 22000000,
    "netIncomeRatio": 0.0086038326,
    "eps": 0.13,
    "epsdiluted": 0.13,
    "weightedAverageShsOut": 167570886,
    "weightedAverageShsOutDil": 168029845,
    "link": "https://www.sec.gov/Archives/edgar/data/49071/000004907199000078/0000049071-99-000078-index.html",
    "finalLink": "https://www.sec.gov/Archives/edgar/data/49071/000004907199000078/"
  },
  {
    "date": "1999-06-30",
    "symbol": "HUM",
    "reportedCurrency": "USD",
    "cik": "0000049071",
    "fillingDate": "1999-08-16",
    "acceptedDate": "1999-08-16 00:00:00",
    "calendarYear": "1999",
    "period": "Q2",
    "revenue": 2505000000,
    "costOfRevenue": 0,
    "grossProfit": 2505000000,
    "grossProfitRatio": 1,
    "researchAndDevelopmentExpenses": 0,
    "generalAndAdministrativeExpenses": 329000000,
    "sellingAndMarketingExpenses": 0,
    "sellingGeneralAndAdministrativeExpenses": 329000000,
    "otherExpenses": 8000000,
    "operatingExpenses": 337000000,
    "costAndExpenses": 337000000,
    "interestIncome": 0,
    "interestExpense": 8000000,
    "depreciationAndAmortization": 0,
    "ebitda": 0,
    "ebitdaratio": 0,
    "operatingIncome": 2168000000,
    "operatingIncomeRatio": 0.8654690619,
    "totalOtherIncomeExpensesNet": -2168000000,
    "incomeBeforeTax": 0,
    "incomeBeforeTaxRatio": 0,
    "incomeTaxExpense": 16000000,
    "netIncome": 28000000,
    "netIncomeRatio": 0.0111776447,
    "eps": 0.17,
    "epsdiluted": 0.17,
    "weightedAverageShsOut": 167575861,
    "weightedAverageShsOutDil": 168153385,
    "link": "https://www.sec.gov/Archives/edgar/data/49071/000004907199000049/0000049071-99-000049-index.html",
    "finalLink": "https://www.sec.gov/Archives/edgar/data/49071/000004907199000049/"
  },
  {
    "date": "1999-03-31",
    "symbol": "HUM",
    "reportedCurrency": "USD",
    "cik": "0000049071",
    "fillingDate": "1999-05-17",
    "acceptedDate": "1999-05-17 00:00:00",
    "calendarYear": "1999",
    "period": "Q1",
    "revenue": 2477000000,
    "costOfRevenue": 0,
    "grossProfit": 2477000000,
    "grossProfitRatio": 1,
    "researchAndDevelopmentExpenses": 0,
    "generalAndAdministrativeExpenses": 325000000,
    "sellingAndMarketingExpenses": 0,
    "sellingGeneralAndAdministrativeExpenses": 325000000,
    "otherExpenses": 10000000,
    "operatingExpenses": 335000000,
    "costAndExpenses": 335000000,
    "interestIncome": 0,
    "interestExpense": 10000000,
    "depreciationAndAmortization": 0,
    "ebitda": 0,
    "ebitdaratio": 0,
    "operatingIncome": 2142000000,
    "operatingIncomeRatio": 0.8647557529,
    "totalOtherIncomeExpensesNet": -2142000000,
    "incomeBeforeTax": 0,
    "incomeBeforeTaxRatio": 0,
    "incomeTaxExpense": -9000000,
    "netIncome": -16000000,
    "netIncomeRatio": -0.0064594267,
    "eps": -0.0955,
    "epsdiluted": -0.0955,
    "weightedAverageShsOut": 167559426,
    "weightedAverageShsOutDil": 167559426,
    "link": "https://www.sec.gov/Archives/edgar/data/49071/000004907199000038/0000049071-99-000038-index.html",
    "finalLink": "https://www.sec.gov/Archives/edgar/data/49071/"
  },
  {
    "date": "1998-12-31",
    "symbol": "HUM",
    "reportedCurrency": "USD",
    "cik": "0000049071",
    "fillingDate": "1999-03-31",
    "acceptedDate": "1999-03-31 00:00:00",
    "calendarYear": "1998",
    "period": "Q4",
    "revenue": 2469000000,
    "costOfRevenue": 0,
    "grossProfit": 2469000000,
    "grossProfitRatio": 1,
    "researchAndDevelopmentExpenses": 0,
    "generalAndAdministrativeExpenses": 327000000,
    "sellingAndMarketingExpenses": 0,
    "sellingGeneralAndAdministrativeExpenses": 327000000,
    "otherExpenses": 8181000000,
    "operatingExpenses": 8508000000,
    "costAndExpenses": 8508000000,
    "interestIncome": 0,
    "interestExpense": 12000000,
    "depreciationAndAmortization": 0,
    "ebitda": 0,
    "ebitdaratio": 0,
    "operatingIncome": -6039000000,
    "operatingIncomeRatio": -2.4459295261,
    "totalOtherIncomeExpensesNet": 6242000000,
    "incomeBeforeTax": 203000000,
    "incomeBeforeTaxRatio": 0.0822195221,
    "incomeTaxExpense": 32000000,
    "netIncome": 57000000,
    "netIncomeRatio": 0.0230862697,
    "eps": 0.34,
    "epsdiluted": 0.34,
    "weightedAverageShsOut": 171425497,
    "weightedAverageShsOutDil": 171425497,
    "link": "https://www.sec.gov/Archives/edgar/data/49071/000093066199000640/0000930661-99-000640-index.html",
    "finalLink": "https://www.sec.gov/Archives/edgar/data/49071/"
  },
  {
    "date": "1998-09-30",
    "symbol": "HUM",
    "reportedCurrency": "USD",
    "cik": "0000049071",
    "fillingDate": "1998-11-16",
    "acceptedDate": "1998-11-16 00:00:00",
    "calendarYear": "1998",
    "period": "Q3",
    "revenue": 2464000000,
    "costOfRevenue": 0,
    "grossProfit": 2464000000,
    "grossProfitRatio": 1,
    "researchAndDevelopmentExpenses": 0,
    "generalAndAdministrativeExpenses": 351000000,
    "sellingAndMarketingExpenses": 0,
    "sellingGeneralAndAdministrativeExpenses": 351000000,
    "otherExpenses": 47000000,
    "operatingExpenses": 398000000,
    "costAndExpenses": 398000000,
    "interestIncome": 0,
    "interestExpense": 13000000,
    "depreciationAndAmortization": 0,
    "ebitda": 0,
    "ebitdaratio": 0,
    "operatingIncome": 2066000000,
    "operatingIncomeRatio": 0.838474026,
    "totalOtherIncomeExpensesNet": -2066000000,
    "incomeBeforeTax": 0,
    "incomeBeforeTaxRatio": 0,
    "incomeTaxExpense": -17000000,
    "netIncome": -30000000,
    "netIncomeRatio": -0.0121753247,
    "eps": -0.18,
    "epsdiluted": -0.18,
    "weightedAverageShsOut": 167023420,
    "weightedAverageShsOutDil": 167023420,
    "link": "https://www.sec.gov/Archives/edgar/data/49071/000004907198000076/0000049071-98-000076-index.html",
    "finalLink": "https://www.sec.gov/Archives/edgar/data/49071/"
  },
  {
    "date": "1998-06-30",
    "symbol": "HUM",
    "reportedCurrency": "USD",
    "cik": "0000049071",
    "fillingDate": "1998-08-14",
    "acceptedDate": "1998-08-14 00:00:00",
    "calendarYear": "1998",
    "period": "Q2",
    "revenue": 2446000000,
    "costOfRevenue": 0,
    "grossProfit": 2446000000,
    "grossProfitRatio": 1,
    "researchAndDevelopmentExpenses": 0,
    "generalAndAdministrativeExpenses": 326000000,
    "sellingAndMarketingExpenses": 0,
    "sellingGeneralAndAdministrativeExpenses": 326000000,
    "otherExpenses": 10000000,
    "operatingExpenses": 336000000,
    "costAndExpenses": 336000000,
    "interestIncome": 0,
    "interestExpense": 10000000,
    "depreciationAndAmortization": 0,
    "ebitda": 0,
    "ebitdaratio": 0,
    "operatingIncome": 2110000000,
    "operatingIncomeRatio": 0.86263287,
    "totalOtherIncomeExpensesNet": -2110000000,
    "incomeBeforeTax": 0,
    "incomeBeforeTaxRatio": 0,
    "incomeTaxExpense": 30000000,
    "netIncome": 52000000,
    "netIncomeRatio": 0.0212591987,
    "eps": 0.31,
    "epsdiluted": 0.31,
    "weightedAverageShsOut": 166600045,
    "weightedAverageShsOutDil": 169117892,
    "link": "https://www.sec.gov/Archives/edgar/data/49071/000004907198000053/0000049071-98-000053-index.html",
    "finalLink": "https://www.sec.gov/Archives/edgar/data/49071/"
  },
  {
    "date": "1998-03-31",
    "symbol": "HUM",
    "reportedCurrency": "USD",
    "cik": "0000049071",
    "fillingDate": "1998-05-15",
    "acceptedDate": "1998-05-15 00:00:00",
    "calendarYear": "1998",
    "period": "Q1",
    "revenue": 2402000000,
    "costOfRevenue": 0,
    "grossProfit": 2402000000,
    "grossProfitRatio": 1,
    "researchAndDevelopmentExpenses": 0,
    "generalAndAdministrativeExpenses": 324000000,
    "sellingAndMarketingExpenses": 0,
    "sellingGeneralAndAdministrativeExpenses": 324000000,
    "otherExpenses": 12000000,
    "operatingExpenses": 336000000,
    "costAndExpenses": 336000000,
    "interestIncome": 0,
    "interestExpense": 12000000,
    "depreciationAndAmortization": 0,
    "ebitda": 0,
    "ebitdaratio": 0,
    "operatingIncome": 2066000000,
    "operatingIncomeRatio": 0.8601165695,
    "totalOtherIncomeExpensesNet": -2066000000,
    "incomeBeforeTax": 0,
    "incomeBeforeTaxRatio": 0,
    "incomeTaxExpense": 29000000,
    "netIncome": 50000000,
    "netIncomeRatio": 0.0208159867,
    "eps": 0.3,
    "epsdiluted": 0.3,
    "weightedAverageShsOut": 164857524,
    "weightedAverageShsOutDil": 167189454,
    "link": "https://www.sec.gov/Archives/edgar/data/49071/000004907198000040/0000049071-98-000040-index.html",
    "finalLink": "https://www.sec.gov/Archives/edgar/data/49071/"
  },
  {
    "date": "1997-12-31",
    "symbol": "HUM",
    "reportedCurrency": "USD",
    "cik": "0000049071",
    "fillingDate": "1998-03-31",
    "acceptedDate": "1998-03-31 00:00:00",
    "calendarYear": "1997",
    "period": "Q4",
    "revenue": 2411000000,
    "costOfRevenue": 0,
    "grossProfit": 2411000000,
    "grossProfitRatio": 1,
    "researchAndDevelopmentExpenses": 0,
    "generalAndAdministrativeExpenses": 323000000,
    "sellingAndMarketingExpenses": 0,
    "sellingGeneralAndAdministrativeExpenses": 323000000,
    "otherExpenses": 6643000000,
    "operatingExpenses": 6966000000,
    "costAndExpenses": 6966000000,
    "interestIncome": 0,
    "interestExpense": 13000000,
    "depreciationAndAmortization": 33000000,
    "ebitda": 316000000,
    "ebitdaratio": 0.1310659477,
    "operatingIncome": -4555000000,
    "operatingIncomeRatio": -1.8892575695,
    "totalOtherIncomeExpensesNet": 4825000000,
    "incomeBeforeTax": 270000000,
    "incomeBeforeTaxRatio": 0.1119867275,
    "incomeTaxExpense": 28000000,
    "netIncome": 48000000,
    "netIncomeRatio": 0.0199087516,
    "eps": 0.29,
    "epsdiluted": 0.29,
    "weightedAverageShsOut": 163961287,
    "weightedAverageShsOutDil": 166299941,
    "link": "https://www.sec.gov/Archives/edgar/data/49071/000095013198002266/0000950131-98-002266-index.html",
    "finalLink": "https://www.sec.gov/Archives/edgar/data/49071/"
  },
  {
    "date": "1997-09-30",
    "symbol": "HUM",
    "reportedCurrency": "USD",
    "cik": "0000049071",
    "fillingDate": "1997-11-14",
    "acceptedDate": "1997-11-14 00:00:00",
    "calendarYear": "1997",
    "period": "Q3",
    "revenue": 1968000000,
    "costOfRevenue": 0,
    "grossProfit": 1968000000,
    "grossProfitRatio": 1,
    "researchAndDevelopmentExpenses": 0,
    "generalAndAdministrativeExpenses": 274000000,
    "sellingAndMarketingExpenses": 0,
    "sellingGeneralAndAdministrativeExpenses": 274000000,
    "otherExpenses": 3000000,
    "operatingExpenses": 277000000,
    "costAndExpenses": 277000000,
    "interestIncome": 0,
    "interestExpense": 3000000,
    "depreciationAndAmortization": 26000000,
    "ebitda": 29000000,
    "ebitdaratio": 0.0147357724,
    "operatingIncome": 1691000000,
    "operatingIncomeRatio": 0.8592479675,
    "totalOtherIncomeExpensesNet": -1691000000,
    "incomeBeforeTax": 0,
    "incomeBeforeTaxRatio": 0,
    "incomeTaxExpense": 25000000,
    "netIncome": 44000000,
    "netIncomeRatio": 0.0223577236,
    "eps": 0.27,
    "epsdiluted": 0.27,
    "weightedAverageShsOut": 163705428,
    "weightedAverageShsOutDil": 166284347,
    "link": "https://www.sec.gov/Archives/edgar/data/49071/000004907197000079/0000049071-97-000079-index.html",
    "finalLink": "https://www.sec.gov/Archives/edgar/data/49071/"
  },
  {
    "date": "1997-06-30",
    "symbol": "HUM",
    "reportedCurrency": "USD",
    "cik": "0000049071",
    "fillingDate": "1997-08-14",
    "acceptedDate": "1997-08-14 00:00:00",
    "calendarYear": "1997",
    "period": "Q2",
    "revenue": 1836000000,
    "costOfRevenue": 0,
    "grossProfit": 1836000000,
    "grossProfitRatio": 1,
    "researchAndDevelopmentExpenses": 0,
    "generalAndAdministrativeExpenses": 258000000,
    "sellingAndMarketingExpenses": 0,
    "sellingGeneralAndAdministrativeExpenses": 258000000,
    "otherExpenses": 1000000,
    "operatingExpenses": 259000000,
    "costAndExpenses": 259000000,
    "interestIncome": 0,
    "interestExpense": 1000000,
    "depreciationAndAmortization": 25000000,
    "ebitda": 26000000,
    "ebitdaratio": 0.01416122,
    "operatingIncome": 1577000000,
    "operatingIncomeRatio": 0.8589324619,
    "totalOtherIncomeExpensesNet": -1577000000,
    "incomeBeforeTax": 0,
    "incomeBeforeTaxRatio": 0,
    "incomeTaxExpense": 23000000,
    "netIncome": 42000000,
    "netIncomeRatio": 0.022875817,
    "eps": 0.26,
    "epsdiluted": 0.25,
    "weightedAverageShsOut": 163158146,
    "weightedAverageShsOutDil": 165768820,
    "link": "https://www.sec.gov/Archives/edgar/data/49071/000004907197000060/0000049071-97-000060-index.html",
    "finalLink": "https://www.sec.gov/Archives/edgar/data/49071/"
  },
  {
    "date": "1997-03-31",
    "symbol": "HUM",
    "reportedCurrency": "USD",
    "cik": "0000049071",
    "fillingDate": "1997-05-15",
    "acceptedDate": "1997-05-15 00:00:00",
    "calendarYear": "1997",
    "period": "Q1",
    "revenue": 1832000000,
    "costOfRevenue": 0,
    "grossProfit": 1832000000,
    "grossProfitRatio": 1,
    "researchAndDevelopmentExpenses": 0,
    "generalAndAdministrativeExpenses": 261000000,
    "sellingAndMarketingExpenses": 0,
    "sellingGeneralAndAdministrativeExpenses": 261000000,
    "otherExpenses": 3000000,
    "operatingExpenses": 264000000,
    "costAndExpenses": 264000000,
    "interestIncome": 0,
    "interestExpense": 3000000,
    "depreciationAndAmortization": 24000000,
    "ebitda": 27000000,
    "ebitdaratio": 0.0147379913,
    "operatingIncome": 1568000000,
    "operatingIncomeRatio": 0.8558951965,
    "totalOtherIncomeExpensesNet": -1568000000,
    "incomeBeforeTax": 0,
    "incomeBeforeTaxRatio": 0,
    "incomeTaxExpense": 21000000,
    "netIncome": 39000000,
    "netIncomeRatio": 0.0212882096,
    "eps": 0.24,
    "epsdiluted": 0.24,
    "weightedAverageShsOut": 162800971,
    "weightedAverageShsOutDil": 165016800,
    "link": "https://www.sec.gov/Archives/edgar/data/49071/000004907197000048/0000049071-97-000048-index.html",
    "finalLink": "https://www.sec.gov/Archives/edgar/data/49071/"
  },
  {
    "date": "1996-12-31",
    "symbol": "HUM",
    "reportedCurrency": "USD",
    "cik": "0000049071",
    "fillingDate": "1997-03-28",
    "acceptedDate": "1997-03-28 00:00:00",
    "calendarYear": "1996",
    "period": "Q4",
    "revenue": 1819000000,
    "costOfRevenue": 0,
    "grossProfit": 1819000000,
    "grossProfitRatio": 1,
    "researchAndDevelopmentExpenses": 0,
    "generalAndAdministrativeExpenses": 260000000,
    "sellingAndMarketingExpenses": 0,
    "sellingGeneralAndAdministrativeExpenses": 260000000,
    "otherExpenses": 5739000000,
    "operatingExpenses": 5999000000,
    "costAndExpenses": 5999000000,
    "interestIncome": 0,
    "interestExpense": 1000000,
    "depreciationAndAmortization": 24000000,
    "ebitda": 43000000,
    "ebitdaratio": 0.0236393623,
    "operatingIncome": -4180000000,
    "operatingIncomeRatio": -2.2979659153,
    "totalOtherIncomeExpensesNet": 4198000000,
    "incomeBeforeTax": 18000000,
    "incomeBeforeTaxRatio": 0.009895547,
    "incomeTaxExpense": 13000000,
    "netIncome": 22000000,
    "netIncomeRatio": 0.0120945574,
    "eps": 0.13,
    "epsdiluted": 0.13,
    "weightedAverageShsOut": 162713094,
    "weightedAverageShsOutDil": 173702270,
    "link": "https://www.sec.gov/Archives/edgar/data/49071/000095013197002198/0000950131-97-002198-index.html",
    "finalLink": "https://www.sec.gov/Archives/edgar/data/49071/"
  },
  {
    "date": "1996-09-30",
    "symbol": "HUM",
    "reportedCurrency": "USD",
    "cik": "0000049071",
    "fillingDate": "1996-11-14",
    "acceptedDate": "1996-11-14 00:00:00",
    "calendarYear": "1996",
    "period": "Q3",
    "revenue": 1781000000,
    "costOfRevenue": 0,
    "grossProfit": 1781000000,
    "grossProfitRatio": 1,
    "researchAndDevelopmentExpenses": 0,
    "generalAndAdministrativeExpenses": 249000000,
    "sellingAndMarketingExpenses": 0,
    "sellingGeneralAndAdministrativeExpenses": 249000000,
    "otherExpenses": 2000000,
    "operatingExpenses": 251000000,
    "costAndExpenses": 251000000,
    "interestIncome": 0,
    "interestExpense": 2000000,
    "depreciationAndAmortization": 25000000,
    "ebitda": 27000000,
    "ebitdaratio": 0.0151600225,
    "operatingIncome": 1530000000,
    "operatingIncomeRatio": 0.8590679394,
    "totalOtherIncomeExpensesNet": -1530000000,
    "incomeBeforeTax": 0,
    "incomeBeforeTaxRatio": 0,
    "incomeTaxExpense": 16000000,
    "netIncome": 32000000,
    "netIncomeRatio": 0.017967434,
    "eps": 0.2,
    "epsdiluted": 0.2,
    "weightedAverageShsOut": 162578998,
    "weightedAverageShsOutDil": 162578998,
    "link": "https://www.sec.gov/Archives/edgar/data/49071/000004907196000038/0000049071-96-000038-index.html",
    "finalLink": "https://www.sec.gov/Archives/edgar/data/49071/"
  },
  {
    "date": "1996-06-30",
    "symbol": "HUM",
    "reportedCurrency": "USD",
    "cik": "0000049071",
    "fillingDate": "1996-08-14",
    "acceptedDate": "1996-08-14 00:00:00",
    "calendarYear": "1996",
    "period": "Q2",
    "revenue": 1603000000,
    "costOfRevenue": 0,
    "grossProfit": 1603000000,
    "grossProfitRatio": 1,
    "researchAndDevelopmentExpenses": 0,
    "generalAndAdministrativeExpenses": 228000000,
    "sellingAndMarketingExpenses": 0,
    "sellingGeneralAndAdministrativeExpenses": 228000000,
    "otherExpenses": 84000000,
    "operatingExpenses": 312000000,
    "costAndExpenses": 312000000,
    "interestIncome": 0,
    "interestExpense": 3000000,
    "depreciationAndAmortization": 24000000,
    "ebitda": 27000000,
    "ebitdaratio": 0.0168434186,
    "operatingIncome": 1291000000,
    "operatingIncomeRatio": 0.8053649407,
    "totalOtherIncomeExpensesNet": -1291000000,
    "incomeBeforeTax": 0,
    "incomeBeforeTaxRatio": 0,
    "incomeTaxExpense": -51000000,
    "netIncome": -95000000,
    "netIncomeRatio": -0.0592638802,
    "eps": -0.58,
    "epsdiluted": -0.58,
    "weightedAverageShsOut": 162454998,
    "weightedAverageShsOutDil": 162454998,
    "link": "https://www.sec.gov/Archives/edgar/data/49071/000004907196000025/0000049071-96-000025-index.html",
    "finalLink": "https://www.sec.gov/Archives/edgar/data/49071/"
  },
  {
    "date": "1996-03-31",
    "symbol": "HUM",
    "reportedCurrency": "USD",
    "cik": "0000049071",
    "fillingDate": "1996-05-15",
    "acceptedDate": "1996-05-15 00:00:00",
    "calendarYear": "1996",
    "period": "Q1",
    "revenue": 1585000000,
    "costOfRevenue": 0,
    "grossProfit": 1585000000,
    "grossProfitRatio": 1,
    "researchAndDevelopmentExpenses": 0,
    "generalAndAdministrativeExpenses": 203000000,
    "sellingAndMarketingExpenses": 0,
    "sellingGeneralAndAdministrativeExpenses": 203000000,
    "otherExpenses": 5000000,
    "operatingExpenses": 208000000,
    "costAndExpenses": 208000000,
    "interestIncome": 0,
    "interestExpense": 5000000,
    "depreciationAndAmortization": 25000000,
    "ebitda": 30000000,
    "ebitdaratio": 0.0189274448,
    "operatingIncome": 1377000000,
    "operatingIncomeRatio": 0.8687697161,
    "totalOtherIncomeExpensesNet": -1377000000,
    "incomeBeforeTax": 0,
    "incomeBeforeTaxRatio": 0,
    "incomeTaxExpense": 28000000,
    "netIncome": 53000000,
    "netIncomeRatio": 0.0334384858,
    "eps": 0.32,
    "epsdiluted": 0.32,
    "weightedAverageShsOut": 162378998,
    "weightedAverageShsOutDil": 162378998,
    "link": "https://www.sec.gov/Archives/edgar/data/49071/000004907196000015/0000049071-96-000015-index.html",
    "finalLink": "https://www.sec.gov/Archives/edgar/data/49071/"
  },
  {
    "date": "1995-12-31",
    "symbol": "HUM",
    "reportedCurrency": "USD",
    "cik": "0000049071",
    "fillingDate": "1996-03-29",
    "acceptedDate": "1996-03-29 00:00:00",
    "calendarYear": "1995",
    "period": "Q4",
    "revenue": 1499000000,
    "costOfRevenue": 0,
    "grossProfit": 1499000000,
    "grossProfitRatio": 1,
    "researchAndDevelopmentExpenses": 0,
    "generalAndAdministrativeExpenses": 195000000,
    "sellingAndMarketingExpenses": 0,
    "sellingGeneralAndAdministrativeExpenses": 195000000,
    "otherExpenses": 3837000000,
    "operatingExpenses": 4032000000,
    "costAndExpenses": 4032000000,
    "interestIncome": 0,
    "interestExpense": 5000000,
    "depreciationAndAmortization": 24000000,
    "ebitda": 317000000,
    "ebitdaratio": 0.2114743162,
    "operatingIncome": -2533000000,
    "operatingIncomeRatio": -1.6897931955,
    "totalOtherIncomeExpensesNet": 2821000000,
    "incomeBeforeTax": 288000000,
    "incomeBeforeTaxRatio": 0.1921280854,
    "incomeTaxExpense": 26000000,
    "netIncome": 49000000,
    "netIncomeRatio": 0.032688459,
    "eps": 0.3,
    "epsdiluted": 0.29,
    "weightedAverageShsOut": 162445258,
    "weightedAverageShsOutDil": 171747806,
    "link": "https://www.sec.gov/Archives/edgar/data/49071/000095012396001406/0000950123-96-001406-index.html",
    "finalLink": "https://www.sec.gov/Archives/edgar/data/49071/"
  },
  {
    "date": "1995-09-30",
    "symbol": "HUM",
    "reportedCurrency": "USD",
    "cik": "0000049071",
    "fillingDate": "1995-11-13",
    "acceptedDate": "1995-11-13 00:00:00",
    "calendarYear": "1995",
    "period": "Q3",
    "revenue": 1092000000,
    "costOfRevenue": 0,
    "grossProfit": 1092000000,
    "grossProfitRatio": 1,
    "researchAndDevelopmentExpenses": 0,
    "generalAndAdministrativeExpenses": 126000000,
    "sellingAndMarketingExpenses": 0,
    "sellingGeneralAndAdministrativeExpenses": 126000000,
    "otherExpenses": 2000000,
    "operatingExpenses": 128000000,
    "costAndExpenses": 128000000,
    "interestIncome": 0,
    "interestExpense": 2000000,
    "depreciationAndAmortization": 16000000,
    "ebitda": 18000000,
    "ebitdaratio": 0.0164835165,
    "operatingIncome": 964000000,
    "operatingIncomeRatio": 0.8827838828,
    "totalOtherIncomeExpensesNet": -964000000,
    "incomeBeforeTax": 0,
    "incomeBeforeTaxRatio": 0,
    "incomeTaxExpense": 22000000,
    "netIncome": 43000000,
    "netIncomeRatio": 0.0393772894,
    "eps": 0.27,
    "epsdiluted": 0.27,
    "weightedAverageShsOut": 162333998,
    "weightedAverageShsOutDil": 162333998,
    "link": "https://www.sec.gov/Archives/edgar/data/49071/000004907195000027/0000049071-95-000027-index.html",
    "finalLink": "https://www.sec.gov/Archives/edgar/data/49071/"
  }
]