[
  {
    "date": "2024-12-31",
    "symbol": "HUM",
    "reportedCurrency": "USD",
    "cik": "0000049071",
    "fillingDate": "2025-02-20",
    "acceptedDate": "2025-02-20 14:34:08",
    "calendarYear": "2024",
    "period": "FY",
    "revenue": 117761000000,
    "costOfRevenue": 0,
    "grossProfit": 117761000000,
    "grossProfitRatio": 1,
    "researchAndDevelopmentExpenses": 0,
    "generalAndAdministrativeExpenses": 0,
    "sellingAndMarketingExpenses": 0,
    "sellingGeneralAndAdministrativeExpenses": 0,
    "otherExpenses": 116040000000,
    "operatingExpenses": 116040000000,
    "costAndExpenses": 116040000000,
    "interestIncome": 0,
    "interestExpense": 660000000,
    "depreciationAndAmortization": 968000000,
    "ebitda": 3349000000,
    "ebitdaratio": 0.0284389569,
    "operatingIncome": 1721000000,
    "operatingIncomeRatio": 0.014614346,
    "totalOtherIncomeExpensesNet": 0,
    "incomeBeforeTax": 1721000000,
    "incomeBeforeTaxRatio": 0.014614346,
    "incomeTaxExpense": 413000000,
    "netIncome": 1207000000,
    "netIncomeRatio": 0.0102495733,
    "eps": 10.01,
    "epsdiluted": 9.98,
    "weightedAverageShsOut": 120571000,
    "weightedAverageShsOutDil": 120869000,
    "link": "https://www.sec.gov/Archives/edgar/data/49071/000004907125000007/0000049071-25-000007-index.htm",
    "finalLink": "https://www.sec.gov/Archives/edgar/data/49071/000004907125000007/hum-20241231.htm"
  },
  {
    "date": "2023-12-31",
    "symbol": "HUM",
    "reportedCurrency": "USD",
    "cik": "0000049071",
    "fillingDate": "2024-02-15",
    "acceptedDate": "2024-02-15 16:55:39",
    "calendarYear": "2023",
    "period": "FY",
    "revenue": 106374000000,
    "costOfRevenue": 0,
    "grossProfit": 106374000000,
    "grossProfitRatio": 1,
    "researchAndDevelopmentExpenses": 0,
    "generalAndAdministrativeExpenses": 0,
    "sellingAndMarketingExpenses": 0,
    "sellingGeneralAndAdministrativeExpenses": 0,
    "otherExpenses": 102991000000,
    "operatingExpenses": 102991000000,
    "costAndExpenses": 102991000000,
    "interestIncome": 0,
    "interestExpense": 493000000,
    "depreciationAndAmortization": 917000000,
    "ebitda": 4793000000,
    "ebitdaratio": 0.0450580029,
    "operatingIncome": 3383000000,
    "operatingIncomeRatio": 0.0318028842,
    "totalOtherIncomeExpensesNet": 0,
    "incomeBeforeTax": 3383000000,
    "incomeBeforeTaxRatio": 0.0318028842,
    "incomeTaxExpense": 836000000,
    "netIncome": 2489000000,
    "netIncomeRatio": 0.0233985748,
    "eps": 20.09,
    "epsdiluted": 20,
    "weightedAverageShsOut": 123866000,
    "weightedAverageShsOutDil": 124441000,
    "link": "https://www.sec.gov/Archives/edgar/data/49071/000004907124000012/0000049071-24-000012-index.htm",
    "finalLink": "https://www.sec.gov/Archives/edgar/data/49071/000004907124000012/hum-20231231.htm"
  },
  {
    "date": "2022-12-31",
    "symbol": "HUM",
    "reportedCurrency": "USD",
    "cik": "0000049071",
    "fillingDate": "2023-02-16",
    "acceptedDate": "2023-02-16 15:11:58",
    "calendarYear": "2022",
    "period": "FY",
    "revenue": 92870000000,
    "costOfRevenue": 0,
    "grossProfit": 92870000000,
    "grossProfitRatio": 1,
    "researchAndDevelopmentExpenses": 0,
    "generalAndAdministrativeExpenses": 0,
    "sellingAndMarketingExpenses": 0,
    "sellingGeneralAndAdministrativeExpenses": 0,
    "otherExpenses": 89302000000,
    "operatingExpenses": 89302000000,
    "costAndExpenses": 89302000000,
    "interestIncome": 0,
    "interestExpense": 401000000,
    "depreciationAndAmortization": 845000000,
    "ebitda": 4814000000,
    "ebitdaratio": 0.0518358996,
    "operatingIncome": 3568000000,
    "operatingIncomeRatio": 0.0384192958,
    "totalOtherIncomeExpensesNet": 0,
    "incomeBeforeTax": 3568000000,
    "incomeBeforeTaxRatio": 0.0384192958,
    "incomeTaxExpense": 762000000,
    "netIncome": 2806000000,
    "netIncomeRatio": 0.030214278,
    "eps": 22.2,
    "epsdiluted": 22.08,
    "weightedAverageShsOut": 126419000,
    "weightedAverageShsOutDil": 127094000,
    "link": "https://www.sec.gov/Archives/edgar/data/49071/000004907123000011/0000049071-23-000011-index.htm",
    "finalLink": "https://www.sec.gov/Archives/edgar/data/49071/000004907123000011/hum-20221231.htm"
  },
  {
    "date": "2021-12-31",
    "symbol": "HUM",
    "reportedCurrency": "USD",
    "cik": "0000049071",
    "fillingDate": "2022-02-17",
    "acceptedDate": "2022-02-17 16:23:04",
    "calendarYear": "2021",
    "period": "FY",
    "revenue": 83064000000,
    "costOfRevenue": 0,
    "grossProfit": 83064000000,
    "grossProfitRatio": 1,
    "researchAndDevelopmentExpenses": 0,
    "generalAndAdministrativeExpenses": 0,
    "sellingAndMarketingExpenses": 0,
    "sellingGeneralAndAdministrativeExpenses": 0,
    "otherExpenses": 79710000000,
    "operatingExpenses": 79710000000,
    "costAndExpenses": 79710000000,
    "interestIncome": 0,
    "interestExpense": 326000000,
    "depreciationAndAmortization": 713000000,
    "ebitda": 4393000000,
    "ebitdaratio": 0.0528869306,
    "operatingIncome": 3354000000,
    "operatingIncomeRatio": 0.0403785033,
    "totalOtherIncomeExpensesNet": 0,
    "incomeBeforeTax": 3354000000,
    "incomeBeforeTaxRatio": 0.0403785033,
    "incomeTaxExpense": 485000000,
    "netIncome": 2933000000,
    "netIncomeRatio": 0.0353101223,
    "eps": 22.79,
    "epsdiluted": 22.67,
    "weightedAverageShsOut": 128688000,
    "weightedAverageShsOutDil": 129396000,
    "link": "https://www.sec.gov/Archives/edgar/data/49071/000004907122000017/0000049071-22-000017-index.htm",
    "finalLink": "https://www.sec.gov/Archives/edgar/data/49071/000004907122000017/hum-20211231.htm"
  },
  {
    "date": "2020-12-31",
    "symbol": "HUM",
    "reportedCurrency": "USD",
    "cik": "0000049071",
    "fillingDate": "2021-02-18",
    "acceptedDate": "2021-02-18 16:59:52",
    "calendarYear": "2020",
    "period": "FY",
    "revenue": 77155000000,
    "costOfRevenue": 0,
    "grossProfit": 77155000000,
    "grossProfitRatio": 1,
    "researchAndDevelopmentExpenses": 0,
    "generalAndAdministrativeExpenses": 0,
    "sellingAndMarketingExpenses": 0,
    "sellingGeneralAndAdministrativeExpenses": 10052000000,
    "otherExpenses": 62503000000,
    "operatingExpenses": 72555000000,
    "costAndExpenses": 72555000000,
    "interestIncome": 0,
    "interestExpense": 283000000,
    "depreciationAndAmortization": 616000000,
    "ebitda": 5499000000,
    "ebitdaratio": 0.0712721146,
    "operatingIncome": 4600000000,
    "operatingIncomeRatio": 0.059620245,
    "totalOtherIncomeExpensesNet": 0,
    "incomeBeforeTax": 4600000000,
    "incomeBeforeTaxRatio": 0.059620245,
    "incomeTaxExpense": 1307000000,
    "netIncome": 3367000000,
    "netIncomeRatio": 0.0436394271,
    "eps": 25.47,
    "epsdiluted": 25.31,
    "weightedAverageShsOut": 132199000,
    "weightedAverageShsOutDil": 133012000,
    "link": "https://www.sec.gov/Archives/edgar/data/49071/000004907121000039/0000049071-21-000039-index.htm",
    "finalLink": "https://www.sec.gov/Archives/edgar/data/49071/000004907121000039/hum-20201231.htm"
  },
  {
    "date": "2019-12-31",
    "symbol": "HUM",
    "reportedCurrency": "USD",
    "cik": "0000049071",
    "fillingDate": "2020-02-20",
    "acceptedDate": "2020-02-20 15:38:56",
    "calendarYear": "2019",
    "period": "FY",
    "revenue": 64888000000,
    "costOfRevenue": 0,
    "grossProfit": 64888000000,
    "grossProfitRatio": 1,
    "researchAndDevelopmentExpenses": 0,
    "generalAndAdministrativeExpenses": 0,
    "sellingAndMarketingExpenses": 0,
    "sellingGeneralAndAdministrativeExpenses": 7381000000,
    "otherExpenses": 54051000000,
    "operatingExpenses": 61432000000,
    "costAndExpenses": 61432000000,
    "interestIncome": 0,
    "interestExpense": 242000000,
    "depreciationAndAmortization": 575000000,
    "ebitda": 4273000000,
    "ebitdaratio": 0.0658519295,
    "operatingIncome": 3456000000,
    "operatingIncomeRatio": 0.0532610036,
    "totalOtherIncomeExpensesNet": 0,
    "incomeBeforeTax": 3456000000,
    "incomeBeforeTaxRatio": 0.0532610036,
    "incomeTaxExpense": 763000000,
    "netIncome": 2707000000,
    "netIncomeRatio": 0.0417180372,
    "eps": 20.19,
    "epsdiluted": 20.1,
    "weightedAverageShsOut": 134054998,
    "weightedAverageShsOutDil": 134726998,
    "link": "https://www.sec.gov/Archives/edgar/data/49071/000004907120000032/0000049071-20-000032-index.htm",
    "finalLink": "https://www.sec.gov/Archives/edgar/data/49071/000004907120000032/hum-20191231x10k.htm"
  },
  {
    "date": "2018-12-31",
    "symbol": "HUM",
    "reportedCurrency": "USD",
    "cik": "0000049071",
    "fillingDate": "2019-02-21",
    "acceptedDate": "2019-02-21 16:23:36",
    "calendarYear": "2018",
    "period": "FY",
    "revenue": 56912000000,
    "costOfRevenue": 0,
    "grossProfit": 56912000000,
    "grossProfitRatio": 1,
    "researchAndDevelopmentExpenses": 0,
    "generalAndAdministrativeExpenses": 0,
    "sellingAndMarketingExpenses": 0,
    "sellingGeneralAndAdministrativeExpenses": 7525000000,
    "otherExpenses": 47324000000,
    "operatingExpenses": 54849000000,
    "costAndExpenses": 54849000000,
    "interestIncome": 0,
    "interestExpense": 218000000,
    "depreciationAndAmortization": 534000000,
    "ebitda": 2815000000,
    "ebitdaratio": 0.0494623278,
    "operatingIncome": 2063000000,
    "operatingIncomeRatio": 0.0362489457,
    "totalOtherIncomeExpensesNet": 0,
    "incomeBeforeTax": 2063000000,
    "incomeBeforeTaxRatio": 0.0362489457,
    "incomeTaxExpense": 391000000,
    "netIncome": 1683000000,
    "netIncomeRatio": 0.0295719708,
    "eps": 12.24,
    "epsdiluted": 12.16,
    "weightedAverageShsOut": 137485998,
    "weightedAverageShsOutDil": 138402998,
    "link": "https://www.sec.gov/Archives/edgar/data/49071/000004907119000023/0000049071-19-000023-index.htm",
    "finalLink": "https://www.sec.gov/Archives/edgar/data/49071/000004907119000023/hum-20181231x10k.htm"
  },
  {
    "date": "2017-12-31",
    "symbol": "HUM",
    "reportedCurrency": "USD",
    "cik": "0000049071",
    "fillingDate": "2018-02-16",
    "acceptedDate": "2018-02-16 13:05:51",
    "calendarYear": "2017",
    "period": "FY",
    "revenue": 53767000000,
    "costOfRevenue": 0,
    "grossProfit": 53767000000,
    "grossProfitRatio": 1,
    "researchAndDevelopmentExpenses": 0,
    "generalAndAdministrativeExpenses": 0,
    "sellingAndMarketingExpenses": 0,
    "sellingGeneralAndAdministrativeExpenses": 6567000000,
    "otherExpenses": 43180000000,
    "operatingExpenses": 49747000000,
    "costAndExpenses": 49747000000,
    "interestIncome": 0,
    "interestExpense": 242000000,
    "depreciationAndAmortization": 485000000,
    "ebitda": 4747000000,
    "ebitdaratio": 0.0882883553,
    "operatingIncome": 4020000000,
    "operatingIncomeRatio": 0.0747670504,
    "totalOtherIncomeExpensesNet": 0,
    "incomeBeforeTax": 4020000000,
    "incomeBeforeTaxRatio": 0.0747670504,
    "incomeTaxExpense": 1572000000,
    "netIncome": 2448000000,
    "netIncomeRatio": 0.0455297859,
    "eps": 16.94,
    "epsdiluted": 16.81,
    "weightedAverageShsOut": 144492998,
    "weightedAverageShsOutDil": 145584998,
    "link": "https://www.sec.gov/Archives/edgar/data/49071/000004907118000014/0000049071-18-000014-index.htm",
    "finalLink": "https://www.sec.gov/Archives/edgar/data/49071/000004907118000014/hum-20171231x10k.htm"
  },
  {
    "date": "2016-12-31",
    "symbol": "HUM",
    "reportedCurrency": "USD",
    "cik": "0000049071",
    "fillingDate": "2017-02-17",
    "acceptedDate": "2017-02-17 08:40:44",
    "calendarYear": "2016",
    "period": "FY",
    "revenue": 54379000000,
    "costOfRevenue": 0,
    "grossProfit": 54379000000,
    "grossProfitRatio": 1,
    "researchAndDevelopmentExpenses": 0,
    "generalAndAdministrativeExpenses": 0,
    "sellingAndMarketingExpenses": 0,
    "sellingGeneralAndAdministrativeExpenses": 7173000000,
    "otherExpenses": 45654000000,
    "operatingExpenses": 52827000000,
    "costAndExpenses": 52827000000,
    "interestIncome": 0,
    "interestExpense": 189000000,
    "depreciationAndAmortization": 465000000,
    "ebitda": 2206000000,
    "ebitdaratio": 0.0405671307,
    "operatingIncome": 1552000000,
    "operatingIncomeRatio": 0.0285404292,
    "totalOtherIncomeExpensesNet": 0,
    "incomeBeforeTax": 1552000000,
    "incomeBeforeTaxRatio": 0.0285404292,
    "incomeTaxExpense": 938000000,
    "netIncome": 614000000,
    "netIncomeRatio": 0.0112911234,
    "eps": 4.11,
    "epsdiluted": 4.07,
    "weightedAverageShsOut": 149374998,
    "weightedAverageShsOutDil": 150916998,
    "link": "https://www.sec.gov/Archives/edgar/data/49071/000004907117000019/0000049071-17-000019-index.htm",
    "finalLink": "https://www.sec.gov/Archives/edgar/data/49071/000004907117000019/hum-20161231x10k.htm"
  },
  {
    "date": "2015-12-31",
    "symbol": "HUM",
    "reportedCurrency": "USD",
    "cik": "0000049071",
    "fillingDate": "2016-02-18",
    "acceptedDate": "2016-02-18 16:14:12",
    "calendarYear": "2015",
    "period": "FY",
    "revenue": 54289000000,
    "costOfRevenue": 0,
    "grossProfit": 54289000000,
    "grossProfitRatio": 1,
    "researchAndDevelopmentExpenses": 0,
    "generalAndAdministrativeExpenses": 0,
    "sellingAndMarketingExpenses": 0,
    "sellingGeneralAndAdministrativeExpenses": 7295000000,
    "otherExpenses": 44563000000,
    "operatingExpenses": 51858000000,
    "costAndExpenses": 51858000000,
    "interestIncome": 0,
    "interestExpense": 186000000,
    "depreciationAndAmortization": 447000000,
    "ebitda": 3064000000,
    "ebitdaratio": 0.0564386892,
    "operatingIncome": 2431000000,
    "operatingIncomeRatio": 0.0447788686,
    "totalOtherIncomeExpensesNet": 0,
    "incomeBeforeTax": 2431000000,
    "incomeBeforeTaxRatio": 0.0447788686,
    "incomeTaxExpense": 1155000000,
    "netIncome": 1276000000,
    "netIncomeRatio": 0.0235038406,
    "eps": 8.54,
    "epsdiluted": 8.44,
    "weightedAverageShsOut": 149454998,
    "weightedAverageShsOutDil": 151141998,
    "link": "https://www.sec.gov/Archives/edgar/data/49071/000004907116000117/0000049071-16-000117-index.htm",
    "finalLink": "https://www.sec.gov/Archives/edgar/data/49071/000004907116000117/hum-20151231x10k.htm"
  },
  {
    "date": "2014-12-31",
    "symbol": "HUM",
    "reportedCurrency": "USD",
    "cik": "0000049071",
    "fillingDate": "2015-02-18",
    "acceptedDate": "2015-02-18 16:27:38",
    "calendarYear": "2014",
    "period": "FY",
    "revenue": 48500000000,
    "costOfRevenue": 0,
    "grossProfit": 48500000000,
    "grossProfitRatio": 1,
    "researchAndDevelopmentExpenses": 0,
    "generalAndAdministrativeExpenses": 0,
    "sellingAndMarketingExpenses": 0,
    "sellingGeneralAndAdministrativeExpenses": 7639000000,
    "otherExpenses": 38691000000,
    "operatingExpenses": 46330000000,
    "costAndExpenses": 46330000000,
    "interestIncome": 0,
    "interestExpense": 192000000,
    "depreciationAndAmortization": 449000000,
    "ebitda": 2811000000,
    "ebitdaratio": 0.0579587629,
    "operatingIncome": 2170000000,
    "operatingIncomeRatio": 0.044742268,
    "totalOtherIncomeExpensesNet": 0,
    "incomeBeforeTax": 2170000000,
    "incomeBeforeTaxRatio": 0.044742268,
    "incomeTaxExpense": 1023000000,
    "netIncome": 1147000000,
    "netIncomeRatio": 0.0236494845,
    "eps": 7.44,
    "epsdiluted": 7.36,
    "weightedAverageShsOut": 154186998,
    "weightedAverageShsOutDil": 155873998,
    "link": "https://www.sec.gov/Archives/edgar/data/49071/000004907115000019/0000049071-15-000019-index.htm",
    "finalLink": "https://www.sec.gov/Archives/edgar/data/49071/000004907115000019/hum-20141231x10k.htm"
  },
  {
    "date": "2013-12-31",
    "symbol": "HUM",
    "reportedCurrency": "USD",
    "cik": "0000049071",
    "fillingDate": "2014-02-19",
    "acceptedDate": "2014-02-19 13:56:54",
    "calendarYear": "2013",
    "period": "FY",
    "revenue": 41313000000,
    "costOfRevenue": 0,
    "grossProfit": 41313000000,
    "grossProfitRatio": 1,
    "researchAndDevelopmentExpenses": 0,
    "generalAndAdministrativeExpenses": 0,
    "sellingAndMarketingExpenses": 0,
    "sellingGeneralAndAdministrativeExpenses": 6355000000,
    "otherExpenses": 33037000000,
    "operatingExpenses": 39392000000,
    "costAndExpenses": 39392000000,
    "interestIncome": 0,
    "interestExpense": 140000000,
    "depreciationAndAmortization": 426000000,
    "ebitda": 2487000000,
    "ebitdaratio": 0.0601989688,
    "operatingIncome": 1921000000,
    "operatingIncomeRatio": 0.0464986808,
    "totalOtherIncomeExpensesNet": 0,
    "incomeBeforeTax": 1921000000,
    "incomeBeforeTaxRatio": 0.0464986808,
    "incomeTaxExpense": 690000000,
    "netIncome": 1231000000,
    "netIncomeRatio": 0.0297969162,
    "eps": 7.82,
    "epsdiluted": 7.73,
    "weightedAverageShsOut": 157502998,
    "weightedAverageShsOutDil": 159150998,
    "link": "https://www.sec.gov/Archives/edgar/data/49071/000119312514058508/0001193125-14-058508-index.htm",
    "finalLink": "https://www.sec.gov/Archives/edgar/data/49071/000119312514058508/d637615d10k.htm"
  },
  {
    "date": "2012-12-31",
    "symbol": "HUM",
    "reportedCurrency": "USD",
    "cik": "0000049071",
    "fillingDate": "2013-02-22",
    "acceptedDate": "2013-02-21 20:52:34",
    "calendarYear": "2012",
    "period": "FY",
    "revenue": 39126000000,
    "costOfRevenue": 0,
    "grossProfit": 39126000000,
    "grossProfitRatio": 1,
    "researchAndDevelopmentExpenses": 0,
    "generalAndAdministrativeExpenses": 0,
    "sellingAndMarketingExpenses": 0,
    "sellingGeneralAndAdministrativeExpenses": 5830000000,
    "otherExpenses": 31385000000,
    "operatingExpenses": 37215000000,
    "costAndExpenses": 37215000000,
    "interestIncome": 0,
    "interestExpense": 105000000,
    "depreciationAndAmortization": 338000000,
    "ebitda": 2354000000,
    "ebitdaratio": 0.0601645964,
    "operatingIncome": 1911000000,
    "operatingIncomeRatio": 0.0488422021,
    "totalOtherIncomeExpensesNet": 0,
    "incomeBeforeTax": 1911000000,
    "incomeBeforeTaxRatio": 0.0488422021,
    "incomeTaxExpense": 689000000,
    "netIncome": 1222000000,
    "netIncomeRatio": 0.0312324286,
    "eps": 7.57,
    "epsdiluted": 7.47,
    "weightedAverageShsOut": 161483998,
    "weightedAverageShsOutDil": 163456998,
    "link": "https://www.sec.gov/Archives/edgar/data/49071/000119312513069911/0001193125-13-069911-index.htm",
    "finalLink": "https://www.sec.gov/Archives/edgar/data/49071/000119312513069911/d446200d10k.htm"
  },
  {
    "date": "2011-12-31",
    "symbol": "HUM",
    "reportedCurrency": "USD",
    "cik": "0000049071",
    "fillingDate": "2012-02-24",
    "acceptedDate": "2012-02-24 08:44:31",
    "calendarYear": "2011",
    "period": "FY",
    "revenue": 36832000000,
    "costOfRevenue": 0,
    "grossProfit": 36832000000,
    "grossProfitRatio": 1,
    "researchAndDevelopmentExpenses": 0,
    "generalAndAdministrativeExpenses": 0,
    "sellingAndMarketingExpenses": 0,
    "sellingGeneralAndAdministrativeExpenses": 5395000000,
    "otherExpenses": 29202000000,
    "operatingExpenses": 34597000000,
    "costAndExpenses": 34597000000,
    "interestIncome": 0,
    "interestExpense": 109000000,
    "depreciationAndAmortization": 303000000,
    "ebitda": 2647000000,
    "ebitdaratio": 0.0718668549,
    "operatingIncome": 2235000000,
    "operatingIncomeRatio": 0.0606809296,
    "totalOtherIncomeExpensesNet": 0,
    "incomeBeforeTax": 2235000000,
    "incomeBeforeTaxRatio": 0.0606809296,
    "incomeTaxExpense": 816000000,
    "netIncome": 1419000000,
    "netIncomeRatio": 0.0385262815,
    "eps": 8.58,
    "epsdiluted": 8.46,
    "weightedAverageShsOut": 165412998,
    "weightedAverageShsOutDil": 167826998,
    "link": "https://www.sec.gov/Archives/edgar/data/49071/000119312512076885/0001193125-12-076885-index.htm",
    "finalLink": "https://www.sec.gov/Archives/edgar/data/49071/000119312512076885/d267727d10k.htm"
  },
  {
    "date": "2010-12-31",
    "symbol": "HUM",
    "reportedCurrency": "USD",
    "cik": "0000049071",
    "fillingDate": "2011-02-18",
    "acceptedDate": "2011-02-17 17:46:43",
    "calendarYear": "2010",
    "period": "FY",
    "revenue": 33596000000,
    "costOfRevenue": 0,
    "grossProfit": 33596000000,
    "grossProfitRatio": 1,
    "researchAndDevelopmentExpenses": 0,
    "generalAndAdministrativeExpenses": 0,
    "sellingAndMarketingExpenses": 0,
    "sellingGeneralAndAdministrativeExpenses": 4380000000,
    "otherExpenses": 27467000000,
    "operatingExpenses": 31847000000,
    "costAndExpenses": 31847000000,
    "interestIncome": 0,
    "interestExpense": 105000000,
    "depreciationAndAmortization": 263000000,
    "ebitda": 2117000000,
    "ebitdaratio": 0.063013454,
    "operatingIncome": 1749000000,
    "operatingIncomeRatio": 0.052059769,
    "totalOtherIncomeExpensesNet": 0,
    "incomeBeforeTax": 1749000000,
    "incomeBeforeTaxRatio": 0.052059769,
    "incomeTaxExpense": 650000000,
    "netIncome": 1099000000,
    "netIncomeRatio": 0.0327122276,
    "eps": 6.55,
    "epsdiluted": 6.47,
    "weightedAverageShsOut": 167781998,
    "weightedAverageShsOutDil": 169797998,
    "link": "https://www.sec.gov/Archives/edgar/data/49071/000119312511039288/0001193125-11-039288-index.htm",
    "finalLink": "https://www.sec.gov/Archives/edgar/data/49071/000119312511039288/d10k.htm"
  },
  {
    "date": "2009-12-31",
    "symbol": "HUM",
    "reportedCurrency": "USD",
    "cik": "0000049071",
    "fillingDate": "2010-02-19",
    "acceptedDate": "2010-02-19 13:17:27",
    "calendarYear": "2009",
    "period": "FY",
    "revenue": 30960414000,
    "costOfRevenue": 0,
    "grossProfit": 30960414000,
    "grossProfitRatio": 1,
    "researchAndDevelopmentExpenses": 0,
    "generalAndAdministrativeExpenses": 0,
    "sellingAndMarketingExpenses": 0,
    "sellingGeneralAndAdministrativeExpenses": 4227535000,
    "otherExpenses": 25131119000,
    "operatingExpenses": 29358654000,
    "costAndExpenses": 29358654000,
    "interestIncome": 0,
    "interestExpense": 105843000,
    "depreciationAndAmortization": 250274000,
    "ebitda": 1957877000,
    "ebitdaratio": 0.0632380756,
    "operatingIncome": 1601760000,
    "operatingIncomeRatio": 0.0517357423,
    "totalOtherIncomeExpensesNet": 0,
    "incomeBeforeTax": 1601760000,
    "incomeBeforeTaxRatio": 0.0517357423,
    "incomeTaxExpense": 562085000,
    "netIncome": 1039675000,
    "netIncomeRatio": 0.0335807848,
    "eps": 6.21,
    "epsdiluted": 6.15,
    "weightedAverageShsOut": 167363998,
    "weightedAverageShsOutDil": 169070998,
    "link": "https://www.sec.gov/Archives/edgar/data/49071/000119312510035019/0001193125-10-035019-index.htm",
    "finalLink": "https://www.sec.gov/Archives/edgar/data/49071/000119312510035019/d10k.htm"
  },
  {
    "date": "2008-12-31",
    "symbol": "HUM",
    "reportedCurrency": "USD",
    "cik": "0000049071",
    "fillingDate": "2009-02-20",
    "acceptedDate": "2009-02-20 16:05:15",
    "calendarYear": "2008",
    "period": "FY",
    "revenue": 28946372000,
    "costOfRevenue": 0,
    "grossProfit": 28946372000,
    "grossProfitRatio": 1,
    "researchAndDevelopmentExpenses": 0,
    "generalAndAdministrativeExpenses": 0,
    "sellingAndMarketingExpenses": 0,
    "sellingGeneralAndAdministrativeExpenses": 3944652000,
    "otherExpenses": 24008872000,
    "operatingExpenses": 27953524000,
    "costAndExpenses": 27953524000,
    "interestIncome": 0,
    "interestExpense": 80289000,
    "depreciationAndAmortization": 220350000,
    "ebitda": 1293487000,
    "ebitdaratio": 0.0446856345,
    "operatingIncome": 992848000,
    "operatingIncomeRatio": 0.0342995661,
    "totalOtherIncomeExpensesNet": 0,
    "incomeBeforeTax": 992848000,
    "incomeBeforeTaxRatio": 0.0342995661,
    "incomeTaxExpense": 345694000,
    "netIncome": 647154000,
    "netIncomeRatio": 0.0223569987,
    "eps": 3.87,
    "epsdiluted": 3.83,
    "weightedAverageShsOut": 167171998,
    "weightedAverageShsOutDil": 168969711,
    "link": "https://www.sec.gov/Archives/edgar/data/49071/000119312509034123/0001193125-09-034123-index.htm",
    "finalLink": "https://www.sec.gov/Archives/edgar/data/49071/000119312509034123/d10k.htm"
  },
  {
    "date": "2007-12-31",
    "symbol": "HUM",
    "reportedCurrency": "USD",
    "cik": "0000049071",
    "fillingDate": "2008-02-25",
    "acceptedDate": "2008-02-25 15:37:17",
    "calendarYear": "2007",
    "period": "FY",
    "revenue": 25289989000,
    "costOfRevenue": 0,
    "grossProfit": 25289989000,
    "grossProfitRatio": 1,
    "researchAndDevelopmentExpenses": 0,
    "generalAndAdministrativeExpenses": 3476468000,
    "sellingAndMarketingExpenses": 0,
    "sellingGeneralAndAdministrativeExpenses": 3476468000,
    "otherExpenses": 20524221000,
    "operatingExpenses": 24000689000,
    "costAndExpenses": 24000689000,
    "interestIncome": 0,
    "interestExpense": 68878000,
    "depreciationAndAmortization": 184812000,
    "ebitda": 1542990000,
    "ebitdaratio": 0.0610118889,
    "operatingIncome": 1289300000,
    "operatingIncomeRatio": 0.0509806469,
    "totalOtherIncomeExpensesNet": 0,
    "incomeBeforeTax": 1289300000,
    "incomeBeforeTaxRatio": 0.0509806469,
    "incomeTaxExpense": 455616000,
    "netIncome": 833684000,
    "netIncomeRatio": 0.0329649807,
    "eps": 5,
    "epsdiluted": 4.91,
    "weightedAverageShsOut": 166870998,
    "weightedAverageShsOutDil": 169819998,
    "link": "https://www.sec.gov/Archives/edgar/data/49071/000119312508037394/0001193125-08-037394-index.htm",
    "finalLink": "https://www.sec.gov/Archives/edgar/data/49071/000119312508037394/d10k.htm"
  },
  {
    "date": "2006-12-31",
    "symbol": "HUM",
    "reportedCurrency": "USD",
    "cik": "0000049071",
    "fillingDate": "2007-02-23",
    "acceptedDate": "2007-02-23 15:50:26",
    "calendarYear": "2006",
    "period": "FY",
    "revenue": 21416537000,
    "costOfRevenue": 0,
    "grossProfit": 21416537000,
    "grossProfitRatio": 1,
    "researchAndDevelopmentExpenses": 0,
    "generalAndAdministrativeExpenses": 3021509000,
    "sellingAndMarketingExpenses": 0,
    "sellingGeneralAndAdministrativeExpenses": 3021509000,
    "otherExpenses": 17632943000,
    "operatingExpenses": 20654452000,
    "costAndExpenses": 20654452000,
    "interestIncome": 0,
    "interestExpense": 63141000,
    "depreciationAndAmortization": 148598000,
    "ebitda": 973824000,
    "ebitdaratio": 0.0454706566,
    "operatingIncome": 762085000,
    "operatingIncomeRatio": 0.0355839509,
    "totalOtherIncomeExpensesNet": 0,
    "incomeBeforeTax": 762085000,
    "incomeBeforeTaxRatio": 0.0355839509,
    "incomeTaxExpense": 274662000,
    "netIncome": 487423000,
    "netIncomeRatio": 0.0227591884,
    "eps": 2.97,
    "epsdiluted": 2.9,
    "weightedAverageShsOut": 164115487,
    "weightedAverageShsOutDil": 168076895,
    "link": "https://www.sec.gov/Archives/edgar/data/49071/000119312507038330/0001193125-07-038330-index.htm",
    "finalLink": "https://www.sec.gov/Archives/edgar/data/49071/000119312507038330/d10k.htm"
  },
  {
    "date": "2005-12-31",
    "symbol": "HUM",
    "reportedCurrency": "USD",
    "cik": "0000049071",
    "fillingDate": "2006-03-03",
    "acceptedDate": "2006-03-03 16:59:00",
    "calendarYear": "2005",
    "period": "FY",
    "revenue": 14418127000,
    "costOfRevenue": 0,
    "grossProfit": 14418127000,
    "grossProfitRatio": 1,
    "researchAndDevelopmentExpenses": 0,
    "generalAndAdministrativeExpenses": 2176770000,
    "sellingAndMarketingExpenses": 0,
    "sellingGeneralAndAdministrativeExpenses": 2176770000,
    "otherExpenses": 11819643000,
    "operatingExpenses": 13996413000,
    "costAndExpenses": 13996413000,
    "interestIncome": 0,
    "interestExpense": 39315000,
    "depreciationAndAmortization": 128858000,
    "ebitda": 589887000,
    "ebitdaratio": 0.0409128731,
    "operatingIncome": 421714000,
    "operatingIncomeRatio": 0.0292488754,
    "totalOtherIncomeExpensesNet": 0,
    "incomeBeforeTax": 421714000,
    "incomeBeforeTaxRatio": 0.0292488754,
    "incomeTaxExpense": 113231000,
    "netIncome": 308483000,
    "netIncomeRatio": 0.0213954975,
    "eps": 1.91,
    "epsdiluted": 1.87,
    "weightedAverageShsOut": 161509422,
    "weightedAverageShsOutDil": 164964169,
    "link": "https://www.sec.gov/Archives/edgar/data/49071/000119312506045135/0001193125-06-045135-index.htm",
    "finalLink": "https://www.sec.gov/Archives/edgar/data/49071/000119312506045135/d10k.htm"
  },
  {
    "date": "2004-12-31",
    "symbol": "HUM",
    "reportedCurrency": "USD",
    "cik": "0000049071",
    "fillingDate": "2005-03-02",
    "acceptedDate": "2005-03-01 18:59:46",
    "calendarYear": "2004",
    "period": "FY",
    "revenue": 13104325000,
    "costOfRevenue": 0,
    "grossProfit": 13104325000,
    "grossProfitRatio": 1,
    "researchAndDevelopmentExpenses": 0,
    "generalAndAdministrativeExpenses": 1877864000,
    "sellingAndMarketingExpenses": 0,
    "sellingGeneralAndAdministrativeExpenses": 1877864000,
    "otherExpenses": 10810611000,
    "operatingExpenses": 12688475000,
    "costAndExpenses": 12688475000,
    "interestIncome": 0,
    "interestExpense": 23172000,
    "depreciationAndAmortization": 117792000,
    "ebitda": 556814000,
    "ebitdaratio": 0.042490857,
    "operatingIncome": 415850000,
    "operatingIncomeRatio": 0.0317337978,
    "totalOtherIncomeExpensesNet": 0,
    "incomeBeforeTax": 415850000,
    "incomeBeforeTaxRatio": 0.0317337978,
    "incomeTaxExpense": 135838000,
    "netIncome": 280012000,
    "netIncomeRatio": 0.0213679072,
    "eps": 1.75,
    "epsdiluted": 1.72,
    "weightedAverageShsOut": 160006856,
    "weightedAverageShsOutDil": 162797673,
    "link": "https://www.sec.gov/Archives/edgar/data/49071/000119312505040063/0001193125-05-040063-index.htm",
    "finalLink": "https://www.sec.gov/Archives/edgar/data/49071/000119312505040063/d10k.htm"
  },
  {
    "date": "2003-12-31",
    "symbol": "HUM",
    "reportedCurrency": "USD",
    "cik": "0000049071",
    "fillingDate": "2004-03-05",
    "acceptedDate": "2004-03-05 14:59:16",
    "calendarYear": "2003",
    "period": "FY",
    "revenue": 12226311000,
    "costOfRevenue": 0,
    "grossProfit": 12226311000,
    "grossProfitRatio": 1,
    "researchAndDevelopmentExpenses": 0,
    "generalAndAdministrativeExpenses": 1858028000,
    "sellingAndMarketingExpenses": 8503000,
    "sellingGeneralAndAdministrativeExpenses": 1866531000,
    "otherExpenses": 10023567000,
    "operatingExpenses": 11890098000,
    "costAndExpenses": 11890098000,
    "interestIncome": 0,
    "interestExpense": 17367000,
    "depreciationAndAmortization": 126779000,
    "ebitda": 480359000,
    "ebitdaratio": 0.0392889564,
    "operatingIncome": 336213000,
    "operatingIncomeRatio": 0.0274991369,
    "totalOtherIncomeExpensesNet": 0,
    "incomeBeforeTax": 336213000,
    "incomeBeforeTaxRatio": 0.0274991369,
    "incomeTaxExpense": 112474000,
    "netIncome": 223739000,
    "netIncomeRatio": 0.0182997962,
    "eps": 1.41,
    "epsdiluted": 1.38,
    "weightedAverageShsOut": 158680140,
    "weightedAverageShsOutDil": 162129709,
    "link": "https://www.sec.gov/Archives/edgar/data/49071/000119312504035443/0001193125-04-035443-index.htm",
    "finalLink": "https://www.sec.gov/Archives/edgar/data/49071/000119312504035443/d10k.htm"
  },
  {
    "date": "2002-12-31",
    "symbol": "HUM",
    "reportedCurrency": "USD",
    "cik": "0000049071",
    "fillingDate": "2003-03-21",
    "acceptedDate": "2003-03-21 15:23:40",
    "calendarYear": "2002",
    "period": "FY",
    "revenue": 11261181000,
    "costOfRevenue": 0,
    "grossProfit": 11261181000,
    "grossProfitRatio": 1,
    "researchAndDevelopmentExpenses": 0,
    "generalAndAdministrativeExpenses": 1781457000,
    "sellingAndMarketingExpenses": 0,
    "sellingGeneralAndAdministrativeExpenses": 1781457000,
    "otherExpenses": 9276178000,
    "operatingExpenses": 11057635000,
    "costAndExpenses": 11057635000,
    "interestIncome": 0,
    "interestExpense": 17252000,
    "depreciationAndAmortization": 120730000,
    "ebitda": 341528000,
    "ebitdaratio": 0.0303279026,
    "operatingIncome": 203546000,
    "operatingIncomeRatio": 0.0180750136,
    "totalOtherIncomeExpensesNet": 0,
    "incomeBeforeTax": 203546000,
    "incomeBeforeTaxRatio": 0.0180750136,
    "incomeTaxExpense": 67179000,
    "netIncome": 142755000,
    "netIncomeRatio": 0.0126767343,
    "eps": 0.85,
    "epsdiluted": 0.83,
    "weightedAverageShsOut": 167947057,
    "weightedAverageShsOutDil": 171993974,
    "link": "https://www.sec.gov/Archives/edgar/data/49071/000093066103001145/0000930661-03-001145-index.htm",
    "finalLink": "https://www.sec.gov/Archives/edgar/data/49071/000093066103001145/d10k.htm"
  },
  {
    "date": "2001-12-31",
    "symbol": "HUM",
    "reportedCurrency": "USD",
    "cik": "0000049071",
    "fillingDate": "2002-03-28",
    "acceptedDate": "2002-03-28 00:00:00",
    "calendarYear": "2001",
    "period": "FY",
    "revenue": 10194886000,
    "costOfRevenue": 0,
    "grossProfit": 10194886000,
    "grossProfitRatio": 1,
    "researchAndDevelopmentExpenses": 0,
    "generalAndAdministrativeExpenses": 1545129000,
    "sellingAndMarketingExpenses": 0,
    "sellingGeneralAndAdministrativeExpenses": 1545129000,
    "otherExpenses": 8466677000,
    "operatingExpenses": 10011806000,
    "costAndExpenses": 10011806000,
    "interestIncome": 0,
    "interestExpense": 25302000,
    "depreciationAndAmortization": 171023000,
    "ebitda": 379405000,
    "ebitdaratio": 0.0372152273,
    "operatingIncome": 183080000,
    "operatingIncomeRatio": 0.0179580233,
    "totalOtherIncomeExpensesNet": 0,
    "incomeBeforeTax": 183080000,
    "incomeBeforeTaxRatio": 0.0179580233,
    "incomeTaxExpense": 65909000,
    "netIncome": 117171000,
    "netIncomeRatio": 0.0114931153,
    "eps": 0.71,
    "epsdiluted": 0.7,
    "weightedAverageShsOut": 165029576,
    "weightedAverageShsOutDil": 167387141,
    "link": "https://www.sec.gov/Archives/edgar/data/49071/000095013102001193/0000950131-02-001193-index.htm",
    "finalLink": "https://www.sec.gov/Archives/edgar/data/49071/000095013102001193/d10k405.htm"
  },
  {
    "date": "2000-12-31",
    "symbol": "HUM",
    "reportedCurrency": "USD",
    "cik": "0000049071",
    "fillingDate": "2001-03-30",
    "acceptedDate": "2001-03-30 00:00:00",
    "calendarYear": "2000",
    "period": "FY",
    "revenue": 10595950000,
    "costOfRevenue": 0,
    "grossProfit": 10595950000,
    "grossProfitRatio": 1,
    "researchAndDevelopmentExpenses": 0,
    "generalAndAdministrativeExpenses": 1524799000,
    "sellingAndMarketingExpenses": 0,
    "sellingGeneralAndAdministrativeExpenses": 1524799000,
    "otherExpenses": 8957161000,
    "operatingExpenses": 10481960000,
    "costAndExpenses": 10481960000,
    "interestIncome": 0,
    "interestExpense": 28615000,
    "depreciationAndAmortization": 153617000,
    "ebitda": 296222000,
    "ebitdaratio": 0.0279561531,
    "operatingIncome": 113990000,
    "operatingIncomeRatio": 0.0107578839,
    "totalOtherIncomeExpensesNet": 0,
    "incomeBeforeTax": 113990000,
    "incomeBeforeTaxRatio": 0.0107578839,
    "incomeTaxExpense": 23938000,
    "netIncome": 90052000,
    "netIncomeRatio": 0.0084987189,
    "eps": 0.54,
    "epsdiluted": 0.54,
    "weightedAverageShsOut": 166762961,
    "weightedAverageShsOutDil": 166762961,
    "link": "https://www.sec.gov/Archives/edgar/data/49071/000095013101500403/0000950131-01-500403-index.htm",
    "finalLink": "https://www.sec.gov/Archives/edgar/data/49071/000095013101500403/d10k405.htm"
  },
  {
    "date": "1999-12-31",
    "symbol": "HUM",
    "reportedCurrency": "USD",
    "cik": "0000049071",
    "fillingDate": "2000-03-30",
    "acceptedDate": "2000-03-30 00:00:00",
    "calendarYear": "1999",
    "period": "FY",
    "revenue": 10211535000,
    "costOfRevenue": 0,
    "grossProfit": 10211535000,
    "grossProfitRatio": 1,
    "researchAndDevelopmentExpenses": 0,
    "generalAndAdministrativeExpenses": 1466181000,
    "sellingAndMarketingExpenses": 0,
    "sellingGeneralAndAdministrativeExpenses": 1466181000,
    "otherExpenses": 9150193000,
    "operatingExpenses": 10616374000,
    "costAndExpenses": 10616374000,
    "interestIncome": 0,
    "interestExpense": 33393000,
    "depreciationAndAmortization": 126962000,
    "ebitda": -244484000,
    "ebitdaratio": -0.0239419441,
    "operatingIncome": -404839000,
    "operatingIncomeRatio": -0.0396452639,
    "totalOtherIncomeExpensesNet": 0,
    "incomeBeforeTax": -404839000,
    "incomeBeforeTaxRatio": -0.0396452639,
    "incomeTaxExpense": -22419000,
    "netIncome": -382420000,
    "netIncomeRatio": -0.0374498055,
    "eps": -2.28,
    "epsdiluted": -2.28,
    "weightedAverageShsOut": 167728068,
    "weightedAverageShsOutDil": 167728068,
    "link": "https://www.sec.gov/Archives/edgar/data/49071/000093066100000839/0000930661-00-000839-index.html",
    "finalLink": "https://www.sec.gov/Archives/edgar/data/49071/000093066100000839/0000930661-00-000839-d1.html"
  },
  {
    "date": "1998-12-31",
    "symbol": "HUM",
    "reportedCurrency": "USD",
    "cik": "0000049071",
    "fillingDate": "1999-03-31",
    "acceptedDate": "1999-03-31 00:00:00",
    "calendarYear": "1998",
    "period": "FY",
    "revenue": 9866180000,
    "costOfRevenue": 0,
    "grossProfit": 9866180000,
    "grossProfitRatio": 1,
    "researchAndDevelopmentExpenses": 0,
    "generalAndAdministrativeExpenses": 1413329000,
    "sellingAndMarketingExpenses": 0,
    "sellingGeneralAndAdministrativeExpenses": 1413329000,
    "otherExpenses": 8249768000,
    "operatingExpenses": 9663097000,
    "costAndExpenses": 9663097000,
    "interestIncome": 0,
    "interestExpense": 46972000,
    "depreciationAndAmortization": 128000000,
    "ebitda": 378055000,
    "ebitdaratio": 0.0383182752,
    "operatingIncome": 203083000,
    "operatingIncomeRatio": 0.0205837518,
    "totalOtherIncomeExpensesNet": 0,
    "incomeBeforeTax": 203083000,
    "incomeBeforeTaxRatio": 0.0205837518,
    "incomeTaxExpense": 74000000,
    "netIncome": 128957000,
    "netIncomeRatio": 0.0130706109,
    "eps": 0.77,
    "epsdiluted": 0.77,
    "weightedAverageShsOut": 167476622,
    "weightedAverageShsOutDil": 167476622,
    "link": "https://www.sec.gov/Archives/edgar/data/49071/000093066199000640/0000930661-99-000640-index.html",
    "finalLink": "https://www.sec.gov/Archives/edgar/data/49071/"
  },
  {
    "date": "1997-12-31",
    "symbol": "HUM",
    "reportedCurrency": "USD",
    "cik": "0000049071",
    "fillingDate": "1998-03-31",
    "acceptedDate": "1998-03-31 00:00:00",
    "calendarYear": "1997",
    "period": "FY",
    "revenue": 8036000000,
    "costOfRevenue": 0,
    "grossProfit": 8036000000,
    "grossProfitRatio": 1,
    "researchAndDevelopmentExpenses": 0,
    "generalAndAdministrativeExpenses": 1116000000,
    "sellingAndMarketingExpenses": 0,
    "sellingGeneralAndAdministrativeExpenses": 1116000000,
    "otherExpenses": 20000000,
    "operatingExpenses": 1136000000,
    "costAndExpenses": 1136000000,
    "interestIncome": 0,
    "interestExpense": 20000000,
    "depreciationAndAmortization": 108000000,
    "ebitda": 128000000,
    "ebitdaratio": 0.0159283225,
    "operatingIncome": 6900000000,
    "operatingIncomeRatio": 0.8586361374,
    "totalOtherIncomeExpensesNet": -6900000000,
    "incomeBeforeTax": 0,
    "incomeBeforeTaxRatio": 0,
    "incomeTaxExpense": 97000000,
    "netIncome": 173000000,
    "netIncomeRatio": 0.0215281234,
    "eps": 1.06,
    "epsdiluted": 1.05,
    "weightedAverageShsOut": 163406458,
    "weightedAverageShsOutDil": 165842477,
    "link": "https://www.sec.gov/Archives/edgar/data/49071/000095013198002266/0000950131-98-002266-index.html",
    "finalLink": "https://www.sec.gov/Archives/edgar/data/49071/"
  },
  {
    "date": "1996-12-31",
    "symbol": "HUM",
    "reportedCurrency": "USD",
    "cik": "0000049071",
    "fillingDate": "1997-03-28",
    "acceptedDate": "1997-03-28 00:00:00",
    "calendarYear": "1996",
    "period": "FY",
    "revenue": 6788000000,
    "costOfRevenue": 0,
    "grossProfit": 6788000000,
    "grossProfitRatio": 1,
    "researchAndDevelopmentExpenses": 0,
    "generalAndAdministrativeExpenses": 940000000,
    "sellingAndMarketingExpenses": 0,
    "sellingGeneralAndAdministrativeExpenses": 940000000,
    "otherExpenses": 107000000,
    "operatingExpenses": 1047000000,
    "costAndExpenses": 1047000000,
    "interestIncome": 0,
    "interestExpense": 11000000,
    "depreciationAndAmortization": 98000000,
    "ebitda": 109000000,
    "ebitdaratio": 0.016057749,
    "operatingIncome": 5741000000,
    "operatingIncomeRatio": 0.8457572186,
    "totalOtherIncomeExpensesNet": -5741000000,
    "incomeBeforeTax": 0,
    "incomeBeforeTaxRatio": 0,
    "incomeTaxExpense": 6000000,
    "netIncome": 12000000,
    "netIncomeRatio": 0.0017678256,
    "eps": 0.07,
    "epsdiluted": 0.07,
    "weightedAverageShsOut": 162531522,
    "weightedAverageShsOutDil": 165278816,
    "link": "https://www.sec.gov/Archives/edgar/data/49071/000095013197002198/0000950131-97-002198-index.html",
    "finalLink": "https://www.sec.gov/Archives/edgar/data/49071/"
  },
  {
    "date": "1995-12-31",
    "symbol": "HUM",
    "reportedCurrency": "USD",
    "cik": "0000049071",
    "fillingDate": "1996-03-29",
    "acceptedDate": "1996-03-29 00:00:00",
    "calendarYear": "1995",
    "period": "FY",
    "revenue": 4702000000,
    "costOfRevenue": 0,
    "grossProfit": 4702000000,
    "grossProfitRatio": 1,
    "researchAndDevelopmentExpenses": 0,
    "generalAndAdministrativeExpenses": 571000000,
    "sellingAndMarketingExpenses": 0,
    "sellingGeneralAndAdministrativeExpenses": 571000000,
    "otherExpenses": 11000000,
    "operatingExpenses": 582000000,
    "costAndExpenses": 582000000,
    "interestIncome": 0,
    "interestExpense": 11000000,
    "depreciationAndAmortization": 70000000,
    "ebitda": 81000000,
    "ebitdaratio": 0.017226712,
    "operatingIncome": 4120000000,
    "operatingIncomeRatio": 0.8762228839,
    "totalOtherIncomeExpensesNet": -4120000000,
    "incomeBeforeTax": 0,
    "incomeBeforeTaxRatio": 0,
    "incomeTaxExpense": 98000000,
    "netIncome": 190000000,
    "netIncomeRatio": 0.0404083369,
    "eps": 1.17,
    "epsdiluted": 1.16,
    "weightedAverageShsOut": 162268813,
    "weightedAverageShsOutDil": 164594450,
    "link": "https://www.sec.gov/Archives/edgar/data/49071/000095012396001406/0000950123-96-001406-index.html",
    "finalLink": "https://www.sec.gov/Archives/edgar/data/49071/"
  },
  {
    "date": "1994-12-31",
    "symbol": "HUM",
    "reportedCurrency": "USD",
    "cik": "0000049071",
    "fillingDate": "1995-03-30",
    "acceptedDate": "1995-03-30 00:00:00",
    "calendarYear": "1994",
    "period": "FY",
    "revenue": 3654000000,
    "costOfRevenue": 0,
    "grossProfit": 3654000000,
    "grossProfitRatio": 1,
    "researchAndDevelopmentExpenses": 0,
    "generalAndAdministrativeExpenses": 436000000,
    "sellingAndMarketingExpenses": 0,
    "sellingGeneralAndAdministrativeExpenses": 436000000,
    "otherExpenses": 2961000000,
    "operatingExpenses": 3397000000,
    "costAndExpenses": 3397000000,
    "interestIncome": 0,
    "interestExpense": 25000000,
    "depreciationAndAmortization": 50000000,
    "ebitda": 332000000,
    "ebitdaratio": 0.0908593322,
    "operatingIncome": 257000000,
    "operatingIncomeRatio": 0.0703338807,
    "totalOtherIncomeExpensesNet": 0,
    "incomeBeforeTax": 257000000,
    "incomeBeforeTaxRatio": 0.0703338807,
    "incomeTaxExpense": 81000000,
    "netIncome": 176000000,
    "netIncomeRatio": 0.048166393,
    "eps": 1.1,
    "epsdiluted": 1.1,
    "weightedAverageShsOut": 159999998,
    "weightedAverageShsOutDil": 160789998,
    "link": "https://www.sec.gov/Archives/edgar/data/49071/000095012395000798/0000950123-95-000798-index.html",
    "finalLink": "https://www.sec.gov/Archives/edgar/data/49071/"
  },
  {
    "date": "1993-12-31",
    "symbol": "HUM",
    "reportedCurrency": "USD",
    "cik": "0000049071",
    "fillingDate": "1994-03-29",
    "acceptedDate": "1994-03-29 00:00:00",
    "calendarYear": "1993",
    "period": "FY",
    "revenue": 3137000000,
    "costOfRevenue": 0,
    "grossProfit": 3137000000,
    "grossProfitRatio": 1,
    "researchAndDevelopmentExpenses": 0,
    "generalAndAdministrativeExpenses": 0,
    "sellingAndMarketingExpenses": 0,
    "sellingGeneralAndAdministrativeExpenses": 368000000,
    "otherExpenses": 54000000,
    "operatingExpenses": 422000000,
    "costAndExpenses": 422000000,
    "interestIncome": 0,
    "interestExpense": 7000000,
    "depreciationAndAmortization": 47000000,
    "ebitda": 54000000,
    "ebitdaratio": 0.0172138986,
    "operatingIncome": 2715000000,
    "operatingIncomeRatio": 0.86547657,
    "totalOtherIncomeExpensesNet": -2715000000,
    "incomeBeforeTax": 0,
    "incomeBeforeTaxRatio": 0,
    "incomeTaxExpense": 54000000,
    "netIncome": 89000000,
    "netIncomeRatio": 0.0283710551,
    "eps": 0.56,
    "epsdiluted": 0.55,
    "weightedAverageShsOut": 158928570,
    "weightedAverageShsOutDil": 161818180,
    "link": "https://www.sec.gov/Archives/edgar/data/49071/000095012394000626/0000950123-94-000626-index.html",
    "finalLink": "https://www.sec.gov/Archives/edgar/data/49071/"
  },
  {
    "date": "1992-08-31",
    "symbol": "HUM",
    "reportedCurrency": "USD",
    "cik": "0000049071",
    "fillingDate": "1992-08-31",
    "acceptedDate": "1992-08-31 00:00:00",
    "calendarYear": "1992",
    "period": "FY",
    "revenue": 4043000000,
    "costOfRevenue": 0,
    "grossProfit": 4043000000,
    "grossProfitRatio": 1,
    "researchAndDevelopmentExpenses": 0,
    "generalAndAdministrativeExpenses": 0,
    "sellingAndMarketingExpenses": 0,
    "sellingGeneralAndAdministrativeExpenses": 371000000,
    "otherExpenses": 309000000,
    "operatingExpenses": 680000000,
    "costAndExpenses": 680000000,
    "interestIncome": 0,
    "interestExpense": 71000000,
    "depreciationAndAmortization": 238000000,
    "ebitda": 309000000,
    "ebitdaratio": 0.0764283948,
    "operatingIncome": 3363000000,
    "operatingIncomeRatio": 0.8318080633,
    "totalOtherIncomeExpensesNet": -3363000000,
    "incomeBeforeTax": 0,
    "incomeBeforeTaxRatio": 0,
    "incomeTaxExpense": 109000000,
    "netIncome": 122700000,
    "netIncomeRatio": 0.0303487509,
    "eps": 0.77,
    "epsdiluted": 0.77,
    "weightedAverageShsOut": 159350648,
    "weightedAverageShsOutDil": 159350648,
    "link": null,
    "finalLink": null
  },
  {
    "date": "1991-08-31",
    "symbol": "HUM",
    "reportedCurrency": "USD",
    "cik": "0000049071",
    "fillingDate": "1991-08-31",
    "acceptedDate": "1991-08-31 00:00:00",
    "calendarYear": "1991",
    "period": "FY",
    "revenue": 5865000000,
    "costOfRevenue": 0,
    "grossProfit": 5865000000,
    "grossProfitRatio": 1,
    "researchAndDevelopmentExpenses": 0,
    "generalAndAdministrativeExpenses": 0,
    "sellingAndMarketingExpenses": 0,
    "sellingGeneralAndAdministrativeExpenses": 226000000,
    "otherExpenses": 353000000,
    "operatingExpenses": 579000000,
    "costAndExpenses": 579000000,
    "interestIncome": 0,
    "interestExpense": 97000000,
    "depreciationAndAmortization": 256000000,
    "ebitda": 353000000,
    "ebitdaratio": 0.0601875533,
    "operatingIncome": 5286000000,
    "operatingIncomeRatio": 0.9012787724,
    "totalOtherIncomeExpensesNet": -5286000000,
    "incomeBeforeTax": 0,
    "incomeBeforeTaxRatio": 0,
    "incomeTaxExpense": 200000000,
    "netIncome": 355000000,
    "netIncomeRatio": 0.0605285592,
    "eps": 2.26,
    "epsdiluted": 2.26,
    "weightedAverageShsOut": 157079644,
    "weightedAverageShsOutDil": 157079644,
    "link": null,
    "finalLink": null
  },
  {
    "date": "1990-08-31",
    "symbol": "HUM",
    "reportedCurrency": "USD",
    "cik": "0000049071",
    "fillingDate": "1990-08-31",
    "acceptedDate": "1990-08-31 00:00:00",
    "calendarYear": "1990",
    "period": "FY",
    "revenue": 4852000000,
    "costOfRevenue": 0,
    "grossProfit": 4852000000,
    "grossProfitRatio": 1,
    "researchAndDevelopmentExpenses": 0,
    "generalAndAdministrativeExpenses": 0,
    "sellingAndMarketingExpenses": 0,
    "sellingGeneralAndAdministrativeExpenses": 226400000,
    "otherExpenses": 342200000,
    "operatingExpenses": 568600000,
    "costAndExpenses": 568600000,
    "interestIncome": 0,
    "interestExpense": 111300000,
    "depreciationAndAmortization": 230900000,
    "ebitda": 342200000,
    "ebitdaratio": 0.0705276175,
    "operatingIncome": 4283400000,
    "operatingIncomeRatio": 0.8828112119,
    "totalOtherIncomeExpensesNet": -4283400000,
    "incomeBeforeTax": 0,
    "incomeBeforeTaxRatio": 0,
    "incomeTaxExpense": 180500000,
    "netIncome": 309600000,
    "netIncomeRatio": 0.0638087387,
    "eps": 3,
    "epsdiluted": 3,
    "weightedAverageShsOut": 101126125,
    "weightedAverageShsOutDil": 101126125,
    "link": null,
    "finalLink": null
  }
]