[
  {
    "date": "2025-06-30",
    "symbol": "HWM",
    "reportedCurrency": "USD",
    "cik": "0000004281",
    "fillingDate": "2025-07-31",
    "acceptedDate": "2025-07-31 16:22:16",
    "calendarYear": "2025",
    "period": "Q2",
    "revenue": 2053000000,
    "costOfRevenue": 1434000000,
    "grossProfit": 619000000,
    "grossProfitRatio": 0.3015099854,
    "researchAndDevelopmentExpenses": 9000000,
    "generalAndAdministrativeExpenses": 96000000,
    "sellingAndMarketingExpenses": 0,
    "sellingGeneralAndAdministrativeExpenses": 96000000,
    "otherExpenses": -7000000,
    "operatingExpenses": 98000000,
    "costAndExpenses": 1532000000,
    "interestIncome": 4000000,
    "interestExpense": 38000000,
    "depreciationAndAmortization": 69000000,
    "ebitda": 576000000,
    "ebitdaratio": 0.2805650268,
    "operatingIncome": 521000000,
    "operatingIncomeRatio": 0.2537749635,
    "totalOtherIncomeExpensesNet": -52000000,
    "incomeBeforeTax": 469000000,
    "incomeBeforeTaxRatio": 0.2284461763,
    "incomeTaxExpense": 62000000,
    "netIncome": 407000000,
    "netIncomeRatio": 0.1982464686,
    "eps": 1.01,
    "epsdiluted": 1,
    "weightedAverageShsOut": 405000000,
    "weightedAverageShsOutDil": 407000000,
    "link": "https://www.sec.gov/Archives/edgar/data/4281/000000428125000033/0000004281-25-000033-index.htm",
    "finalLink": "https://www.sec.gov/Archives/edgar/data/4281/000000428125000033/hwm-20250630.htm"
  },
  {
    "date": "2025-03-31",
    "symbol": "HWM",
    "reportedCurrency": "USD",
    "cik": "0000004281",
    "fillingDate": "2025-05-01",
    "acceptedDate": "2025-05-01 16:42:19",
    "calendarYear": "2025",
    "period": "Q1",
    "revenue": 1942000000,
    "costOfRevenue": 1359000000,
    "grossProfit": 583000000,
    "grossProfitRatio": 0.3002059732,
    "researchAndDevelopmentExpenses": 8000000,
    "generalAndAdministrativeExpenses": 0,
    "sellingAndMarketingExpenses": 0,
    "sellingGeneralAndAdministrativeExpenses": 85000000,
    "otherExpenses": 0,
    "operatingExpenses": 93000000,
    "costAndExpenses": 1452000000,
    "interestIncome": 4000000,
    "interestExpense": 39000000,
    "depreciationAndAmortization": 69000000,
    "ebitda": 554000000,
    "ebitdaratio": 0.2852729145,
    "operatingIncome": 490000000,
    "operatingIncomeRatio": 0.2523171988,
    "totalOtherIncomeExpensesNet": -44000000,
    "incomeBeforeTax": 446000000,
    "incomeBeforeTaxRatio": 0.2296601442,
    "incomeTaxExpense": 102000000,
    "netIncome": 344000000,
    "netIncomeRatio": 0.1771369722,
    "eps": 0.85,
    "epsdiluted": 0.84,
    "weightedAverageShsOut": 405000000,
    "weightedAverageShsOutDil": 407000000,
    "link": "https://www.sec.gov/Archives/edgar/data/4281/000000428125000019/0000004281-25-000019-index.htm",
    "finalLink": "https://www.sec.gov/Archives/edgar/data/4281/000000428125000019/hwm-20250331.htm"
  },
  {
    "date": "2024-12-31",
    "symbol": "HWM",
    "reportedCurrency": "USD",
    "cik": "0000004281",
    "fillingDate": "2025-02-14",
    "acceptedDate": "2025-02-13 17:35:08",
    "calendarYear": "2024",
    "period": "Q4",
    "revenue": 1891000000,
    "costOfRevenue": 1350000000,
    "grossProfit": 541000000,
    "grossProfitRatio": 0.2860920148,
    "researchAndDevelopmentExpenses": 7000000,
    "generalAndAdministrativeExpenses": 0,
    "sellingAndMarketingExpenses": 0,
    "sellingGeneralAndAdministrativeExpenses": 77000000,
    "otherExpenses": 0,
    "operatingExpenses": 84000000,
    "costAndExpenses": 1434000000,
    "interestIncome": 5000000,
    "interestExpense": 40000000,
    "depreciationAndAmortization": 73000000,
    "ebitda": 505000000,
    "ebitdaratio": 0.2670544685,
    "operatingIncome": 457000000,
    "operatingIncomeRatio": 0.2416710735,
    "totalOtherIncomeExpensesNet": -65000000,
    "incomeBeforeTax": 392000000,
    "incomeBeforeTaxRatio": 0.2072977261,
    "incomeTaxExpense": 78000000,
    "netIncome": 314000000,
    "netIncomeRatio": 0.1660497091,
    "eps": 0.77,
    "epsdiluted": 0.77,
    "weightedAverageShsOut": 406000000,
    "weightedAverageShsOutDil": 408000000,
    "link": "https://www.sec.gov/Archives/edgar/data/4281/000000428125000011/0000004281-25-000011-index.htm",
    "finalLink": "https://www.sec.gov/Archives/edgar/data/4281/000000428125000011/hwm-20241231.htm"
  },
  {
    "date": "2024-09-30",
    "symbol": "HWM",
    "reportedCurrency": "USD",
    "cik": "0000004281",
    "fillingDate": "2024-11-07",
    "acceptedDate": "2024-11-06 17:42:04",
    "calendarYear": "2024",
    "period": "Q3",
    "revenue": 1835000000,
    "costOfRevenue": 1321000000,
    "grossProfit": 514000000,
    "grossProfitRatio": 0.2801089918,
    "researchAndDevelopmentExpenses": 9000000,
    "generalAndAdministrativeExpenses": 0,
    "sellingAndMarketingExpenses": 0,
    "sellingGeneralAndAdministrativeExpenses": 85000000,
    "otherExpenses": 0,
    "operatingExpenses": 94000000,
    "costAndExpenses": 1415000000,
    "interestIncome": 4000000,
    "interestExpense": 44000000,
    "depreciationAndAmortization": 68000000,
    "ebitda": 466000000,
    "ebitdaratio": 0.2539509537,
    "operatingIncome": 420000000,
    "operatingIncomeRatio": 0.2288828338,
    "totalOtherIncomeExpensesNet": -66000000,
    "incomeBeforeTax": 354000000,
    "incomeBeforeTaxRatio": 0.1929155313,
    "incomeTaxExpense": 22000000,
    "netIncome": 332000000,
    "netIncomeRatio": 0.1809264305,
    "eps": 0.81,
    "epsdiluted": 0.81,
    "weightedAverageShsOut": 408000000,
    "weightedAverageShsOutDil": 410000000,
    "link": "https://www.sec.gov/Archives/edgar/data/4281/000000428124000034/0000004281-24-000034-index.htm",
    "finalLink": "https://www.sec.gov/Archives/edgar/data/4281/000000428124000034/hwm-20240930.htm"
  },
  {
    "date": "2024-06-30",
    "symbol": "HWM",
    "reportedCurrency": "USD",
    "cik": "0000004281",
    "fillingDate": "2024-07-30",
    "acceptedDate": "2024-07-30 17:18:07",
    "calendarYear": "2024",
    "period": "Q2",
    "revenue": 1880000000,
    "costOfRevenue": 1356000000,
    "grossProfit": 524000000,
    "grossProfitRatio": 0.2787234043,
    "researchAndDevelopmentExpenses": 7000000,
    "generalAndAdministrativeExpenses": 0,
    "sellingAndMarketingExpenses": 0,
    "sellingGeneralAndAdministrativeExpenses": 97000000,
    "otherExpenses": 0,
    "operatingExpenses": 104000000,
    "costAndExpenses": 1460000000,
    "interestIncome": 6000000,
    "interestExpense": 49000000,
    "depreciationAndAmortization": 69000000,
    "ebitda": 452000000,
    "ebitdaratio": 0.2404255319,
    "operatingIncome": 420000000,
    "operatingIncomeRatio": 0.2234042553,
    "totalOtherIncomeExpensesNet": -86000000,
    "incomeBeforeTax": 334000000,
    "incomeBeforeTaxRatio": 0.1776595745,
    "incomeTaxExpense": 68000000,
    "netIncome": 266000000,
    "netIncomeRatio": 0.1414893617,
    "eps": 0.65,
    "epsdiluted": 0.65,
    "weightedAverageShsOut": 408000000,
    "weightedAverageShsOutDil": 411000000,
    "link": "https://www.sec.gov/Archives/edgar/data/4281/000000428124000026/0000004281-24-000026-index.htm",
    "finalLink": "https://www.sec.gov/Archives/edgar/data/4281/000000428124000026/hwm-20240630.htm"
  },
  {
    "date": "2024-03-31",
    "symbol": "HWM",
    "reportedCurrency": "USD",
    "cik": "0000004281",
    "fillingDate": "2024-05-02",
    "acceptedDate": "2024-05-02 16:31:49",
    "calendarYear": "2024",
    "period": "Q1",
    "revenue": 1824000000,
    "costOfRevenue": 1357000000,
    "grossProfit": 467000000,
    "grossProfitRatio": 0.2560307018,
    "researchAndDevelopmentExpenses": 10000000,
    "generalAndAdministrativeExpenses": 0,
    "sellingAndMarketingExpenses": 0,
    "sellingGeneralAndAdministrativeExpenses": 88000000,
    "otherExpenses": 0,
    "operatingExpenses": 98000000,
    "costAndExpenses": 1455000000,
    "interestIncome": 5000000,
    "interestExpense": 49000000,
    "depreciationAndAmortization": 67000000,
    "ebitda": 419000000,
    "ebitdaratio": 0.2297149123,
    "operatingIncome": 369000000,
    "operatingIncomeRatio": 0.2023026316,
    "totalOtherIncomeExpensesNet": -66000000,
    "incomeBeforeTax": 303000000,
    "incomeBeforeTaxRatio": 0.1661184211,
    "incomeTaxExpense": 60000000,
    "netIncome": 243000000,
    "netIncomeRatio": 0.1332236842,
    "eps": 0.59,
    "epsdiluted": 0.59,
    "weightedAverageShsOut": 410000000,
    "weightedAverageShsOutDil": 412000000,
    "link": "https://www.sec.gov/Archives/edgar/data/4281/000000428124000014/0000004281-24-000014-index.htm",
    "finalLink": "https://www.sec.gov/Archives/edgar/data/4281/000000428124000014/hwm-20240331.htm"
  },
  {
    "date": "2023-12-31",
    "symbol": "HWM",
    "reportedCurrency": "USD",
    "cik": "0000004281",
    "fillingDate": "2024-02-13",
    "acceptedDate": "2024-02-13 17:05:19",
    "calendarYear": "2023",
    "period": "Q4",
    "revenue": 1731000000,
    "costOfRevenue": 1280000000,
    "grossProfit": 451000000,
    "grossProfitRatio": 0.2605430387,
    "researchAndDevelopmentExpenses": 9000000,
    "generalAndAdministrativeExpenses": 0,
    "sellingAndMarketingExpenses": 0,
    "sellingGeneralAndAdministrativeExpenses": 83000000,
    "otherExpenses": 0,
    "operatingExpenses": 92000000,
    "costAndExpenses": 1372000000,
    "interestIncome": 8000000,
    "interestExpense": 52000000,
    "depreciationAndAmortization": 68000000,
    "ebitda": 390000000,
    "ebitdaratio": 0.2253032929,
    "operatingIncome": 359000000,
    "operatingIncomeRatio": 0.2073945696,
    "totalOtherIncomeExpensesNet": -89000000,
    "incomeBeforeTax": 270000000,
    "incomeBeforeTaxRatio": 0.1559792028,
    "incomeTaxExpense": 34000000,
    "netIncome": 236000000,
    "netIncomeRatio": 0.1363373772,
    "eps": 0.57,
    "epsdiluted": 0.57,
    "weightedAverageShsOut": 411218336,
    "weightedAverageShsOutDil": 413941353,
    "link": "https://www.sec.gov/Archives/edgar/data/4281/000000428124000007/0000004281-24-000007-index.htm",
    "finalLink": "https://www.sec.gov/Archives/edgar/data/4281/000000428124000007/hwm-20231231.htm"
  },
  {
    "date": "2023-09-30",
    "symbol": "HWM",
    "reportedCurrency": "USD",
    "cik": "0000004281",
    "fillingDate": "2023-11-02",
    "acceptedDate": "2023-11-02 16:26:11",
    "calendarYear": "2023",
    "period": "Q3",
    "revenue": 1658000000,
    "costOfRevenue": 1254000000,
    "grossProfit": 404000000,
    "grossProfitRatio": 0.2436670688,
    "researchAndDevelopmentExpenses": 9000000,
    "generalAndAdministrativeExpenses": 0,
    "sellingAndMarketingExpenses": 0,
    "sellingGeneralAndAdministrativeExpenses": 87000000,
    "otherExpenses": 0,
    "operatingExpenses": 96000000,
    "costAndExpenses": 1350000000,
    "interestIncome": 5000000,
    "interestExpense": 54000000,
    "depreciationAndAmortization": 68000000,
    "ebitda": 364000000,
    "ebitdaratio": 0.2195416164,
    "operatingIncome": 308000000,
    "operatingIncomeRatio": 0.1857659831,
    "totalOtherIncomeExpensesNet": -66000000,
    "incomeBeforeTax": 242000000,
    "incomeBeforeTaxRatio": 0.1459589867,
    "incomeTaxExpense": 54000000,
    "netIncome": 188000000,
    "netIncomeRatio": 0.1133896261,
    "eps": 0.45,
    "epsdiluted": 0.45,
    "weightedAverageShsOut": 412000000,
    "weightedAverageShsOutDil": 415000000,
    "link": "https://www.sec.gov/Archives/edgar/data/4281/000000428123000020/0000004281-23-000020-index.htm",
    "finalLink": "https://www.sec.gov/Archives/edgar/data/4281/000000428123000020/hwm-20230930.htm"
  },
  {
    "date": "2023-06-30",
    "symbol": "HWM",
    "reportedCurrency": "USD",
    "cik": "0000004281",
    "fillingDate": "2023-08-01",
    "acceptedDate": "2023-08-01 16:51:48",
    "calendarYear": "2023",
    "period": "Q2",
    "revenue": 1648000000,
    "costOfRevenue": 1263000000,
    "grossProfit": 385000000,
    "grossProfitRatio": 0.2336165049,
    "researchAndDevelopmentExpenses": 9000000,
    "generalAndAdministrativeExpenses": 0,
    "sellingAndMarketingExpenses": 0,
    "sellingGeneralAndAdministrativeExpenses": 88000000,
    "otherExpenses": 0,
    "operatingExpenses": 97000000,
    "costAndExpenses": 1360000000,
    "interestIncome": 5000000,
    "interestExpense": 55000000,
    "depreciationAndAmortization": 67000000,
    "ebitda": 365000000,
    "ebitdaratio": 0.2214805825,
    "operatingIncome": 288000000,
    "operatingIncomeRatio": 0.1747572816,
    "totalOtherIncomeExpensesNet": -45000000,
    "incomeBeforeTax": 243000000,
    "incomeBeforeTaxRatio": 0.1474514563,
    "incomeTaxExpense": 50000000,
    "netIncome": 193000000,
    "netIncomeRatio": 0.1171116505,
    "eps": 0.47,
    "epsdiluted": 0.46,
    "weightedAverageShsOut": 413000000,
    "weightedAverageShsOutDil": 417000000,
    "link": "https://www.sec.gov/Archives/edgar/data/4281/000000428123000016/0000004281-23-000016-index.htm",
    "finalLink": "https://www.sec.gov/Archives/edgar/data/4281/000000428123000016/hwm-20230630.htm"
  },
  {
    "date": "2023-03-31",
    "symbol": "HWM",
    "reportedCurrency": "USD",
    "cik": "0000004281",
    "fillingDate": "2023-05-02",
    "acceptedDate": "2023-05-02 16:24:00",
    "calendarYear": "2023",
    "period": "Q1",
    "revenue": 1603000000,
    "costOfRevenue": 1229000000,
    "grossProfit": 374000000,
    "grossProfitRatio": 0.233312539,
    "researchAndDevelopmentExpenses": 9000000,
    "generalAndAdministrativeExpenses": 0,
    "sellingAndMarketingExpenses": 0,
    "sellingGeneralAndAdministrativeExpenses": 75000000,
    "otherExpenses": 0,
    "operatingExpenses": 84000000,
    "costAndExpenses": 1313000000,
    "interestIncome": 5000000,
    "interestExpense": 57000000,
    "depreciationAndAmortization": 69000000,
    "ebitda": 346000000,
    "ebitdaratio": 0.2158452901,
    "operatingIncome": 290000000,
    "operatingIncomeRatio": 0.1809107923,
    "totalOtherIncomeExpensesNet": -70000000,
    "incomeBeforeTax": 220000000,
    "incomeBeforeTaxRatio": 0.13724267,
    "incomeTaxExpense": 72000000,
    "netIncome": 148000000,
    "netIncomeRatio": 0.0923268871,
    "eps": 0.36,
    "epsdiluted": 0.35,
    "weightedAverageShsOut": 412000000,
    "weightedAverageShsOutDil": 418000000,
    "link": "https://www.sec.gov/Archives/edgar/data/4281/000000428123000008/0000004281-23-000008-index.htm",
    "finalLink": "https://www.sec.gov/Archives/edgar/data/4281/000000428123000008/hwm-20230331.htm"
  },
  {
    "date": "2022-12-31",
    "symbol": "HWM",
    "reportedCurrency": "USD",
    "cik": "0000004281",
    "fillingDate": "2023-02-14",
    "acceptedDate": "2023-02-14 17:10:40",
    "calendarYear": "2022",
    "period": "Q4",
    "revenue": 1513000000,
    "costOfRevenue": 1150000000,
    "grossProfit": 363000000,
    "grossProfitRatio": 0.2399206874,
    "researchAndDevelopmentExpenses": 9000000,
    "generalAndAdministrativeExpenses": 0,
    "sellingAndMarketingExpenses": 0,
    "sellingGeneralAndAdministrativeExpenses": 63000000,
    "otherExpenses": 0,
    "operatingExpenses": 72000000,
    "costAndExpenses": 1222000000,
    "interestIncome": 3000000,
    "interestExpense": 57000000,
    "depreciationAndAmortization": 67000000,
    "ebitda": 272000000,
    "ebitdaratio": 0.1797752809,
    "operatingIncome": 291000000,
    "operatingIncomeRatio": 0.192333113,
    "totalOtherIncomeExpensesNet": -143000000,
    "incomeBeforeTax": 148000000,
    "incomeBeforeTaxRatio": 0.0978189028,
    "incomeTaxExpense": 37000000,
    "netIncome": 111000000,
    "netIncomeRatio": 0.0733641771,
    "eps": 0.27,
    "epsdiluted": 0.26,
    "weightedAverageShsOut": 413657108,
    "weightedAverageShsOutDil": 419082115,
    "link": "https://www.sec.gov/Archives/edgar/data/4281/000000428123000004/0000004281-23-000004-index.htm",
    "finalLink": "https://www.sec.gov/Archives/edgar/data/4281/000000428123000004/hwm-20221231.htm"
  },
  {
    "date": "2022-09-30",
    "symbol": "HWM",
    "reportedCurrency": "USD",
    "cik": "0000004281",
    "fillingDate": "2022-10-31",
    "acceptedDate": "2022-10-31 16:38:42",
    "calendarYear": "2022",
    "period": "Q3",
    "revenue": 1433000000,
    "costOfRevenue": 1096000000,
    "grossProfit": 337000000,
    "grossProfitRatio": 0.23517097,
    "researchAndDevelopmentExpenses": 7000000,
    "generalAndAdministrativeExpenses": 0,
    "sellingAndMarketingExpenses": 0,
    "sellingGeneralAndAdministrativeExpenses": 73000000,
    "otherExpenses": 0,
    "operatingExpenses": 80000000,
    "costAndExpenses": 1176000000,
    "interestIncome": 2000000,
    "interestExpense": 57000000,
    "depreciationAndAmortization": 65000000,
    "ebitda": 226000000,
    "ebitdaratio": 0.1577110956,
    "operatingIncome": 257000000,
    "operatingIncomeRatio": 0.1793440335,
    "totalOtherIncomeExpensesNet": -153000000,
    "incomeBeforeTax": 104000000,
    "incomeBeforeTaxRatio": 0.0725750174,
    "incomeTaxExpense": 24000000,
    "netIncome": 80000000,
    "netIncomeRatio": 0.0558269365,
    "eps": 0.19,
    "epsdiluted": 0.19,
    "weightedAverageShsOut": 415000000,
    "weightedAverageShsOutDil": 420000000,
    "link": "https://www.sec.gov/Archives/edgar/data/4281/000000428122000020/0000004281-22-000020-index.htm",
    "finalLink": "https://www.sec.gov/Archives/edgar/data/4281/000000428122000020/hwm-20220930.htm"
  },
  {
    "date": "2022-06-30",
    "symbol": "HWM",
    "reportedCurrency": "USD",
    "cik": "0000004281",
    "fillingDate": "2022-08-04",
    "acceptedDate": "2022-08-04 16:14:45",
    "calendarYear": "2022",
    "period": "Q2",
    "revenue": 1393000000,
    "costOfRevenue": 1052000000,
    "grossProfit": 341000000,
    "grossProfitRatio": 0.2447954056,
    "researchAndDevelopmentExpenses": 9000000,
    "generalAndAdministrativeExpenses": 0,
    "sellingAndMarketingExpenses": 0,
    "sellingGeneralAndAdministrativeExpenses": 83000000,
    "otherExpenses": 0,
    "operatingExpenses": 92000000,
    "costAndExpenses": 1144000000,
    "interestIncome": 1000000,
    "interestExpense": 57000000,
    "depreciationAndAmortization": 67000000,
    "ebitda": 307000000,
    "ebitdaratio": 0.2203876525,
    "operatingIncome": 249000000,
    "operatingIncomeRatio": 0.1787508973,
    "totalOtherIncomeExpensesNet": -66000000,
    "incomeBeforeTax": 183000000,
    "incomeBeforeTaxRatio": 0.1313711414,
    "incomeTaxExpense": 36000000,
    "netIncome": 147000000,
    "netIncomeRatio": 0.1055276382,
    "eps": 0.35,
    "epsdiluted": 0.35,
    "weightedAverageShsOut": 417000000,
    "weightedAverageShsOutDil": 422000000,
    "link": "https://www.sec.gov/Archives/edgar/data/4281/000000428122000017/0000004281-22-000017-index.htm",
    "finalLink": "https://www.sec.gov/Archives/edgar/data/4281/000000428122000017/hwm-20220630.htm"
  },
  {
    "date": "2022-03-31",
    "symbol": "HWM",
    "reportedCurrency": "USD",
    "cik": "0000004281",
    "fillingDate": "2022-05-03",
    "acceptedDate": "2022-05-03 16:28:45",
    "calendarYear": "2022",
    "period": "Q1",
    "revenue": 1324000000,
    "costOfRevenue": 1011000000,
    "grossProfit": 313000000,
    "grossProfitRatio": 0.2364048338,
    "researchAndDevelopmentExpenses": 7000000,
    "generalAndAdministrativeExpenses": 0,
    "sellingAndMarketingExpenses": 0,
    "sellingGeneralAndAdministrativeExpenses": 69000000,
    "otherExpenses": 0,
    "operatingExpenses": 76000000,
    "costAndExpenses": 1087000000,
    "interestIncome": 0,
    "interestExpense": 58000000,
    "depreciationAndAmortization": 66000000,
    "ebitda": 295000000,
    "ebitdaratio": 0.2228096677,
    "operatingIncome": 237000000,
    "operatingIncomeRatio": 0.1790030211,
    "totalOtherIncomeExpensesNet": -66000000,
    "incomeBeforeTax": 171000000,
    "incomeBeforeTaxRatio": 0.1291540785,
    "incomeTaxExpense": 40000000,
    "netIncome": 131000000,
    "netIncomeRatio": 0.0989425982,
    "eps": 0.31,
    "epsdiluted": 0.31,
    "weightedAverageShsOut": 419000000,
    "weightedAverageShsOutDil": 425000000,
    "link": "https://www.sec.gov/Archives/edgar/data/4281/000000428122000008/0000004281-22-000008-index.htm",
    "finalLink": "https://www.sec.gov/Archives/edgar/data/4281/000000428122000008/hwm-20220331.htm"
  },
  {
    "date": "2021-12-31",
    "symbol": "HWM",
    "reportedCurrency": "USD",
    "cik": "0000004281",
    "fillingDate": "2022-02-14",
    "acceptedDate": "2022-02-14 16:36:50",
    "calendarYear": "2021",
    "period": "Q4",
    "revenue": 1285000000,
    "costOfRevenue": 984000000,
    "grossProfit": 301000000,
    "grossProfitRatio": 0.2342412451,
    "researchAndDevelopmentExpenses": 4000000,
    "generalAndAdministrativeExpenses": 0,
    "sellingAndMarketingExpenses": 0,
    "sellingGeneralAndAdministrativeExpenses": 61000000,
    "otherExpenses": 0,
    "operatingExpenses": 65000000,
    "costAndExpenses": 1049000000,
    "interestIncome": 0,
    "interestExpense": 58000000,
    "depreciationAndAmortization": 67000000,
    "ebitda": 203000000,
    "ebitdaratio": 0.1579766537,
    "operatingIncome": 236000000,
    "operatingIncomeRatio": 0.1836575875,
    "totalOtherIncomeExpensesNet": -158000000,
    "incomeBeforeTax": 78000000,
    "incomeBeforeTaxRatio": 0.0607003891,
    "incomeTaxExpense": 1000000,
    "netIncome": 77000000,
    "netIncomeRatio": 0.059922179,
    "eps": 0.18,
    "epsdiluted": 0.18,
    "weightedAverageShsOut": 425660650,
    "weightedAverageShsOutDil": 431460887,
    "link": "https://www.sec.gov/Archives/edgar/data/4281/000000428122000004/0000004281-22-000004-index.htm",
    "finalLink": "https://www.sec.gov/Archives/edgar/data/4281/000000428122000004/hwm-20211231.htm"
  },
  {
    "date": "2021-09-30",
    "symbol": "HWM",
    "reportedCurrency": "USD",
    "cik": "0000004281",
    "fillingDate": "2021-11-04",
    "acceptedDate": "2021-11-04 16:50:34",
    "calendarYear": "2021",
    "period": "Q3",
    "revenue": 1283000000,
    "costOfRevenue": 995000000,
    "grossProfit": 288000000,
    "grossProfitRatio": 0.2244738893,
    "researchAndDevelopmentExpenses": 4000000,
    "generalAndAdministrativeExpenses": 0,
    "sellingAndMarketingExpenses": 0,
    "sellingGeneralAndAdministrativeExpenses": 70000000,
    "otherExpenses": 0,
    "operatingExpenses": 74000000,
    "costAndExpenses": 1069000000,
    "interestIncome": 1000000,
    "interestExpense": 63000000,
    "depreciationAndAmortization": 68000000,
    "ebitda": 154000000,
    "ebitdaratio": 0.1200311769,
    "operatingIncome": 214000000,
    "operatingIncomeRatio": 0.1667965705,
    "totalOtherIncomeExpensesNet": -191000000,
    "incomeBeforeTax": 23000000,
    "incomeBeforeTaxRatio": 0.0179267342,
    "incomeTaxExpense": -4000000,
    "netIncome": 27000000,
    "netIncomeRatio": 0.0210444271,
    "eps": 0.06,
    "epsdiluted": 0.06,
    "weightedAverageShsOut": 429000000,
    "weightedAverageShsOutDil": 434000000,
    "link": "https://www.sec.gov/Archives/edgar/data/4281/000000428121000073/0000004281-21-000073-index.htm",
    "finalLink": "https://www.sec.gov/Archives/edgar/data/4281/000000428121000073/hwm-20210930.htm"
  },
  {
    "date": "2021-06-30",
    "symbol": "HWM",
    "reportedCurrency": "USD",
    "cik": "0000004281",
    "fillingDate": "2021-08-04",
    "acceptedDate": "2021-08-04 16:52:54",
    "calendarYear": "2021",
    "period": "Q2",
    "revenue": 1195000000,
    "costOfRevenue": 927000000,
    "grossProfit": 268000000,
    "grossProfitRatio": 0.2242677824,
    "researchAndDevelopmentExpenses": 4000000,
    "generalAndAdministrativeExpenses": 0,
    "sellingAndMarketingExpenses": 0,
    "sellingGeneralAndAdministrativeExpenses": 55000000,
    "otherExpenses": 0,
    "operatingExpenses": 59000000,
    "costAndExpenses": 986000000,
    "interestIncome": 1000000,
    "interestExpense": 89000000,
    "depreciationAndAmortization": 67000000,
    "ebitda": 266000000,
    "ebitdaratio": 0.2225941423,
    "operatingIncome": 209000000,
    "operatingIncomeRatio": 0.1748953975,
    "totalOtherIncomeExpensesNet": -99000000,
    "incomeBeforeTax": 110000000,
    "incomeBeforeTaxRatio": 0.0920502092,
    "incomeTaxExpense": 36000000,
    "netIncome": 74000000,
    "netIncomeRatio": 0.0619246862,
    "eps": 0.17,
    "epsdiluted": 0.17,
    "weightedAverageShsOut": 432000000,
    "weightedAverageShsOutDil": 437000000,
    "link": "https://www.sec.gov/Archives/edgar/data/4281/000000428121000068/0000004281-21-000068-index.htm",
    "finalLink": "https://www.sec.gov/Archives/edgar/data/4281/000000428121000068/hwm-20210630.htm"
  },
  {
    "date": "2021-03-31",
    "symbol": "HWM",
    "reportedCurrency": "USD",
    "cik": "0000004281",
    "fillingDate": "2021-05-06",
    "acceptedDate": "2021-05-06 16:35:01",
    "calendarYear": "2021",
    "period": "Q1",
    "revenue": 1209000000,
    "costOfRevenue": 932000000,
    "grossProfit": 277000000,
    "grossProfitRatio": 0.2291149711,
    "researchAndDevelopmentExpenses": 5000000,
    "generalAndAdministrativeExpenses": 0,
    "sellingAndMarketingExpenses": 0,
    "sellingGeneralAndAdministrativeExpenses": 65000000,
    "otherExpenses": 0,
    "operatingExpenses": 70000000,
    "costAndExpenses": 1002000000,
    "interestIncome": 0,
    "interestExpense": 72000000,
    "depreciationAndAmortization": 68000000,
    "ebitda": 253000000,
    "ebitdaratio": 0.2092638544,
    "operatingIncome": 207000000,
    "operatingIncomeRatio": 0.1712158809,
    "totalOtherIncomeExpensesNet": -94000000,
    "incomeBeforeTax": 113000000,
    "incomeBeforeTaxRatio": 0.0934656741,
    "incomeTaxExpense": 33000000,
    "netIncome": 80000000,
    "netIncomeRatio": 0.0661703888,
    "eps": 0.18,
    "epsdiluted": 0.18,
    "weightedAverageShsOut": 434000000,
    "weightedAverageShsOutDil": 439000000,
    "link": "https://www.sec.gov/Archives/edgar/data/4281/000000428121000064/0000004281-21-000064-index.htm",
    "finalLink": "https://www.sec.gov/Archives/edgar/data/4281/000000428121000064/hwm-20210331.htm"
  },
  {
    "date": "2020-12-31",
    "symbol": "HWM",
    "reportedCurrency": "USD",
    "cik": "0000004281",
    "fillingDate": "2021-02-16",
    "acceptedDate": "2021-02-16 16:44:06",
    "calendarYear": "2020",
    "period": "Q4",
    "revenue": 1238000000,
    "costOfRevenue": 915000000,
    "grossProfit": 323000000,
    "grossProfitRatio": 0.260904685,
    "researchAndDevelopmentExpenses": 4000000,
    "generalAndAdministrativeExpenses": 0,
    "sellingAndMarketingExpenses": 0,
    "sellingGeneralAndAdministrativeExpenses": 58000000,
    "otherExpenses": 0,
    "operatingExpenses": 62000000,
    "costAndExpenses": 977000000,
    "interestIncome": 0,
    "interestExpense": 76000000,
    "depreciationAndAmortization": 67000000,
    "ebitda": 214000000,
    "ebitdaratio": 0.1728594507,
    "operatingIncome": 261000000,
    "operatingIncomeRatio": 0.2108239095,
    "totalOtherIncomeExpensesNet": -190000000,
    "incomeBeforeTax": 71000000,
    "incomeBeforeTaxRatio": 0.0573505654,
    "incomeTaxExpense": -35000000,
    "netIncome": 106000000,
    "netIncomeRatio": 0.0856219709,
    "eps": 0.24,
    "epsdiluted": 0.24,
    "weightedAverageShsOut": 432000000,
    "weightedAverageShsOutDil": 433598864,
    "link": "https://www.sec.gov/Archives/edgar/data/4281/000000428121000049/0000004281-21-000049-index.htm",
    "finalLink": "https://www.sec.gov/Archives/edgar/data/4281/000000428121000049/arnc-20201231.htm"
  },
  {
    "date": "2020-09-30",
    "symbol": "HWM",
    "reportedCurrency": "USD",
    "cik": "0000004281",
    "fillingDate": "2020-11-09",
    "acceptedDate": "2020-11-09 16:44:32",
    "calendarYear": "2020",
    "period": "Q3",
    "revenue": 1134000000,
    "costOfRevenue": 961000000,
    "grossProfit": 173000000,
    "grossProfitRatio": 0.1525573192,
    "researchAndDevelopmentExpenses": 5000000,
    "generalAndAdministrativeExpenses": 0,
    "sellingAndMarketingExpenses": 0,
    "sellingGeneralAndAdministrativeExpenses": 66000000,
    "otherExpenses": 0,
    "operatingExpenses": 71000000,
    "costAndExpenses": 1032000000,
    "interestIncome": 1000000,
    "interestExpense": 77000000,
    "depreciationAndAmortization": 68000000,
    "ebitda": 133000000,
    "ebitdaratio": 0.1172839506,
    "operatingIncome": 102000000,
    "operatingIncomeRatio": 0.0899470899,
    "totalOtherIncomeExpensesNet": -114000000,
    "incomeBeforeTax": -12000000,
    "incomeBeforeTaxRatio": -0.0105820106,
    "incomeTaxExpense": -48000000,
    "netIncome": 36000000,
    "netIncomeRatio": 0.0317460317,
    "eps": 0.08,
    "epsdiluted": 0.08,
    "weightedAverageShsOut": 436000000,
    "weightedAverageShsOutDil": 439000000,
    "link": "https://www.sec.gov/Archives/edgar/data/4281/000000428120000185/0000004281-20-000185-index.htm",
    "finalLink": "https://www.sec.gov/Archives/edgar/data/4281/000000428120000185/arnc-20200930.htm"
  },
  {
    "date": "2020-06-30",
    "symbol": "HWM",
    "reportedCurrency": "USD",
    "cik": "0000004281",
    "fillingDate": "2020-08-07",
    "acceptedDate": "2020-08-07 20:42:00",
    "calendarYear": "2020",
    "period": "Q2",
    "revenue": 1253000000,
    "costOfRevenue": 992000000,
    "grossProfit": 261000000,
    "grossProfitRatio": 0.2083000798,
    "researchAndDevelopmentExpenses": 4000000,
    "generalAndAdministrativeExpenses": 0,
    "sellingAndMarketingExpenses": 0,
    "sellingGeneralAndAdministrativeExpenses": 74000000,
    "otherExpenses": 0,
    "operatingExpenses": 78000000,
    "costAndExpenses": 1070000000,
    "interestIncome": 0,
    "interestExpense": 144000000,
    "depreciationAndAmortization": 73000000,
    "ebitda": 131000000,
    "ebitdaratio": 0.1045490822,
    "operatingIncome": 183000000,
    "operatingIncomeRatio": 0.1460494812,
    "totalOtherIncomeExpensesNet": -269000000,
    "incomeBeforeTax": -86000000,
    "incomeBeforeTaxRatio": -0.0686352753,
    "incomeTaxExpense": -2000000,
    "netIncome": -96000000,
    "netIncomeRatio": -0.0766161213,
    "eps": -0.22,
    "epsdiluted": -0.22,
    "weightedAverageShsOut": 436000000,
    "weightedAverageShsOutDil": 436000000,
    "link": "https://www.sec.gov/Archives/edgar/data/4281/000000428120000160/0000004281-20-000160-index.htm",
    "finalLink": "https://www.sec.gov/Archives/edgar/data/4281/000000428120000160/arnc-20200630.htm"
  },
  {
    "date": "2020-03-31",
    "symbol": "HWM",
    "reportedCurrency": "USD",
    "cik": "0000004281",
    "fillingDate": "2020-05-07",
    "acceptedDate": "2020-05-07 09:14:25",
    "calendarYear": "2020",
    "period": "Q1",
    "revenue": 1634000000,
    "costOfRevenue": 1254000000,
    "grossProfit": 380000000,
    "grossProfitRatio": 0.2325581395,
    "researchAndDevelopmentExpenses": 4000000,
    "generalAndAdministrativeExpenses": 0,
    "sellingAndMarketingExpenses": 0,
    "sellingGeneralAndAdministrativeExpenses": 79000000,
    "otherExpenses": 0,
    "operatingExpenses": 83000000,
    "costAndExpenses": 1337000000,
    "interestIncome": 4000000,
    "interestExpense": 84000000,
    "depreciationAndAmortization": 71000000,
    "ebitda": 353000000,
    "ebitdaratio": 0.2160342717,
    "operatingIncome": 297000000,
    "operatingIncomeRatio": 0.1817625459,
    "totalOtherIncomeExpensesNet": -99000000,
    "incomeBeforeTax": 198000000,
    "incomeBeforeTaxRatio": 0.1211750306,
    "incomeTaxExpense": 45000000,
    "netIncome": 215000000,
    "netIncomeRatio": 0.1315789474,
    "eps": 0.49,
    "epsdiluted": 0.49,
    "weightedAverageShsOut": 435000000,
    "weightedAverageShsOutDil": 440000000,
    "link": "https://www.sec.gov/Archives/edgar/data/4281/000000428120000109/0000004281-20-000109-index.htm",
    "finalLink": "https://www.sec.gov/Archives/edgar/data/4281/000000428120000109/arnc-20200331.htm"
  },
  {
    "date": "2019-12-31",
    "symbol": "HWM",
    "reportedCurrency": "USD",
    "cik": "0000004281",
    "fillingDate": "2020-02-27",
    "acceptedDate": "2020-02-26 17:48:56",
    "calendarYear": "2019",
    "period": "Q4",
    "revenue": 1134000000,
    "costOfRevenue": 968000000,
    "grossProfit": 166000000,
    "grossProfitRatio": 0.1463844797,
    "researchAndDevelopmentExpenses": 5000000,
    "generalAndAdministrativeExpenses": 0,
    "sellingAndMarketingExpenses": 0,
    "sellingGeneralAndAdministrativeExpenses": 66000000,
    "otherExpenses": 0,
    "operatingExpenses": 71000000,
    "costAndExpenses": 1039000000,
    "interestIncome": 4000000,
    "interestExpense": 77000000,
    "depreciationAndAmortization": 68000000,
    "ebitda": 133000000,
    "ebitdaratio": 0.1172839506,
    "operatingIncome": 95000000,
    "operatingIncomeRatio": 0.0837742504,
    "totalOtherIncomeExpensesNet": -107000000,
    "incomeBeforeTax": -12000000,
    "incomeBeforeTaxRatio": -0.0105820106,
    "incomeTaxExpense": -48000000,
    "netIncome": 36000000,
    "netIncomeRatio": 0.0317460317,
    "eps": 0.0826,
    "epsdiluted": 0.0819,
    "weightedAverageShsOut": 432802445,
    "weightedAverageShsOutDil": 441941647,
    "link": "https://www.sec.gov/Archives/edgar/data/4281/000000428120000038/0000004281-20-000038-index.htm",
    "finalLink": "https://www.sec.gov/Archives/edgar/data/4281/000000428120000038/form10k4q19.htm"
  },
  {
    "date": "2019-09-30",
    "symbol": "HWM",
    "reportedCurrency": "USD",
    "cik": "0000004281",
    "fillingDate": "2019-11-05",
    "acceptedDate": "2019-11-05 16:32:48",
    "calendarYear": "2019",
    "period": "Q3",
    "revenue": 1794000000,
    "costOfRevenue": 1387000000,
    "grossProfit": 407000000,
    "grossProfitRatio": 0.2268673356,
    "researchAndDevelopmentExpenses": 6000000,
    "generalAndAdministrativeExpenses": 0,
    "sellingAndMarketingExpenses": 0,
    "sellingGeneralAndAdministrativeExpenses": 89000000,
    "otherExpenses": 0,
    "operatingExpenses": 95000000,
    "costAndExpenses": 1482000000,
    "interestIncome": 5000000,
    "interestExpense": 85000000,
    "depreciationAndAmortization": 70000000,
    "ebitda": 318000000,
    "ebitdaratio": 0.1772575251,
    "operatingIncome": 312000000,
    "operatingIncomeRatio": 0.1739130435,
    "totalOtherIncomeExpensesNet": -149000000,
    "incomeBeforeTax": 163000000,
    "incomeBeforeTaxRatio": 0.0908584169,
    "incomeTaxExpense": 105000000,
    "netIncome": 95000000,
    "netIncomeRatio": 0.0529542921,
    "eps": 0.22,
    "epsdiluted": 0.21,
    "weightedAverageShsOut": 436000000,
    "weightedAverageShsOutDil": 457000000,
    "link": "https://www.sec.gov/Archives/edgar/data/4281/000000428119000121/0000004281-19-000121-index.htm",
    "finalLink": "https://www.sec.gov/Archives/edgar/data/4281/000000428119000121/form10q3q19.htm"
  },
  {
    "date": "2019-06-30",
    "symbol": "HWM",
    "reportedCurrency": "USD",
    "cik": "0000004281",
    "fillingDate": "2019-08-02",
    "acceptedDate": "2019-08-02 16:29:50",
    "calendarYear": "2019",
    "period": "Q2",
    "revenue": 1818000000,
    "costOfRevenue": 1413000000,
    "grossProfit": 405000000,
    "grossProfitRatio": 0.2227722772,
    "researchAndDevelopmentExpenses": 7000000,
    "generalAndAdministrativeExpenses": 0,
    "sellingAndMarketingExpenses": 0,
    "sellingGeneralAndAdministrativeExpenses": 102000000,
    "otherExpenses": 0,
    "operatingExpenses": 109000000,
    "costAndExpenses": 1522000000,
    "interestIncome": 5000000,
    "interestExpense": 86000000,
    "depreciationAndAmortization": 78000000,
    "ebitda": -104000000,
    "ebitdaratio": -0.0572057206,
    "operatingIncome": 296000000,
    "operatingIncomeRatio": 0.1628162816,
    "totalOtherIncomeExpensesNet": -564000000,
    "incomeBeforeTax": -268000000,
    "incomeBeforeTaxRatio": -0.1474147415,
    "incomeTaxExpense": -132000000,
    "netIncome": -121000000,
    "netIncomeRatio": -0.0665566557,
    "eps": -0.27,
    "epsdiluted": -0.27,
    "weightedAverageShsOut": 445000000,
    "weightedAverageShsOutDil": 445000000,
    "link": "https://www.sec.gov/Archives/edgar/data/4281/000000428119000096/0000004281-19-000096-index.htm",
    "finalLink": "https://www.sec.gov/Archives/edgar/data/4281/000000428119000096/form10q2q19.htm"
  },
  {
    "date": "2019-03-31",
    "symbol": "HWM",
    "reportedCurrency": "USD",
    "cik": "0000004281",
    "fillingDate": "2019-05-01",
    "acceptedDate": "2019-05-01 09:22:34",
    "calendarYear": "2019",
    "period": "Q1",
    "revenue": 3541000000,
    "costOfRevenue": 2955000000,
    "grossProfit": 586000000,
    "grossProfitRatio": 0.1654899746,
    "researchAndDevelopmentExpenses": 22000000,
    "generalAndAdministrativeExpenses": 0,
    "sellingAndMarketingExpenses": 0,
    "sellingGeneralAndAdministrativeExpenses": 178000000,
    "otherExpenses": 0,
    "operatingExpenses": 200000000,
    "costAndExpenses": 3155000000,
    "interestIncome": 10000000,
    "interestExpense": 85000000,
    "depreciationAndAmortization": 137000000,
    "ebitda": 479000000,
    "ebitdaratio": 0.1352725219,
    "operatingIncome": 386000000,
    "operatingIncomeRatio": 0.1090087546,
    "totalOtherIncomeExpensesNet": -129000000,
    "incomeBeforeTax": 257000000,
    "incomeBeforeTaxRatio": 0.0725783677,
    "incomeTaxExpense": 70000000,
    "netIncome": 187000000,
    "netIncomeRatio": 0.0528099407,
    "eps": 0.4,
    "epsdiluted": 0.39,
    "weightedAverageShsOut": 471000000,
    "weightedAverageShsOutDil": 489000000,
    "link": "https://www.sec.gov/Archives/edgar/data/4281/000000428119000059/0000004281-19-000059-index.htm",
    "finalLink": "https://www.sec.gov/Archives/edgar/data/4281/000000428119000059/form10q_1q19.htm"
  },
  {
    "date": "2018-12-31",
    "symbol": "HWM",
    "reportedCurrency": "USD",
    "cik": "0000004281",
    "fillingDate": "2019-02-21",
    "acceptedDate": "2019-02-21 17:24:56",
    "calendarYear": "2018",
    "period": "Q4",
    "revenue": 3472000000,
    "costOfRevenue": 2994000000,
    "grossProfit": 478000000,
    "grossProfitRatio": 0.1376728111,
    "researchAndDevelopmentExpenses": 26000000,
    "generalAndAdministrativeExpenses": 0,
    "sellingAndMarketingExpenses": 0,
    "sellingGeneralAndAdministrativeExpenses": 140000000,
    "otherExpenses": 0,
    "operatingExpenses": 166000000,
    "costAndExpenses": 3160000000,
    "interestIncome": 7000000,
    "interestExpense": 87000000,
    "depreciationAndAmortization": 149000000,
    "ebitda": 462000000,
    "ebitdaratio": 0.1330645161,
    "operatingIncome": 312000000,
    "operatingIncomeRatio": 0.0898617512,
    "totalOtherIncomeExpensesNet": -86000000,
    "incomeBeforeTax": 226000000,
    "incomeBeforeTaxRatio": 0.0650921659,
    "incomeTaxExpense": 8000000,
    "netIncome": 218000000,
    "netIncomeRatio": 0.0627880184,
    "eps": 0.45,
    "epsdiluted": 0.44,
    "weightedAverageShsOut": 483239287,
    "weightedAverageShsOutDil": 503018904,
    "link": "https://www.sec.gov/Archives/edgar/data/4281/000000428119000031/0000004281-19-000031-index.htm",
    "finalLink": "https://www.sec.gov/Archives/edgar/data/4281/000000428119000031/form10k_4q18.htm"
  },
  {
    "date": "2018-09-30",
    "symbol": "HWM",
    "reportedCurrency": "USD",
    "cik": "0000004281",
    "fillingDate": "2018-11-01",
    "acceptedDate": "2018-11-01 10:08:59",
    "calendarYear": "2018",
    "period": "Q3",
    "revenue": 3524000000,
    "costOfRevenue": 3049000000,
    "grossProfit": 475000000,
    "grossProfitRatio": 0.1347900114,
    "researchAndDevelopmentExpenses": 25000000,
    "generalAndAdministrativeExpenses": 0,
    "sellingAndMarketingExpenses": 0,
    "sellingGeneralAndAdministrativeExpenses": 134000000,
    "otherExpenses": 0,
    "operatingExpenses": 159000000,
    "costAndExpenses": 3208000000,
    "interestIncome": 6000000,
    "interestExpense": 88000000,
    "depreciationAndAmortization": 141000000,
    "ebitda": 478000000,
    "ebitdaratio": 0.1356413167,
    "operatingIncome": 316000000,
    "operatingIncomeRatio": 0.0896708286,
    "totalOtherIncomeExpensesNet": -67000000,
    "incomeBeforeTax": 249000000,
    "incomeBeforeTaxRatio": 0.0706583428,
    "incomeTaxExpense": 88000000,
    "netIncome": 161000000,
    "netIncomeRatio": 0.0456867196,
    "eps": 0.33,
    "epsdiluted": 0.32,
    "weightedAverageShsOut": 483000000,
    "weightedAverageShsOutDil": 502000000,
    "link": "https://www.sec.gov/Archives/edgar/data/4281/000000428118000127/0000004281-18-000127-index.htm",
    "finalLink": "https://www.sec.gov/Archives/edgar/data/4281/000000428118000127/form10q_3q18.htm"
  },
  {
    "date": "2018-06-30",
    "symbol": "HWM",
    "reportedCurrency": "USD",
    "cik": "0000004281",
    "fillingDate": "2018-08-02",
    "acceptedDate": "2018-08-02 17:12:40",
    "calendarYear": "2018",
    "period": "Q2",
    "revenue": 3573000000,
    "costOfRevenue": 3075000000,
    "grossProfit": 498000000,
    "grossProfitRatio": 0.1393786734,
    "researchAndDevelopmentExpenses": 29000000,
    "generalAndAdministrativeExpenses": 0,
    "sellingAndMarketingExpenses": 0,
    "sellingGeneralAndAdministrativeExpenses": 158000000,
    "otherExpenses": 0,
    "operatingExpenses": 187000000,
    "costAndExpenses": 3262000000,
    "interestIncome": 4000000,
    "interestExpense": 89000000,
    "depreciationAndAmortization": 144000000,
    "ebitda": 427000000,
    "ebitdaratio": 0.1195074167,
    "operatingIncome": 311000000,
    "operatingIncomeRatio": 0.0870417017,
    "totalOtherIncomeExpensesNet": -117000000,
    "incomeBeforeTax": 194000000,
    "incomeBeforeTaxRatio": 0.0542961097,
    "incomeTaxExpense": 74000000,
    "netIncome": 120000000,
    "netIncomeRatio": 0.0335852225,
    "eps": 0.25,
    "epsdiluted": 0.24,
    "weightedAverageShsOut": 483000000,
    "weightedAverageShsOutDil": 502000000,
    "link": "https://www.sec.gov/Archives/edgar/data/4281/000000428118000109/0000004281-18-000109-index.htm",
    "finalLink": "https://www.sec.gov/Archives/edgar/data/4281/000000428118000109/form10q_2q18.htm"
  },
  {
    "date": "2018-03-31",
    "symbol": "HWM",
    "reportedCurrency": "USD",
    "cik": "0000004281",
    "fillingDate": "2018-05-01",
    "acceptedDate": "2018-05-01 16:36:26",
    "calendarYear": "2018",
    "period": "Q1",
    "revenue": 3445000000,
    "costOfRevenue": 2938000000,
    "grossProfit": 507000000,
    "grossProfitRatio": 0.1471698113,
    "researchAndDevelopmentExpenses": 23000000,
    "generalAndAdministrativeExpenses": 0,
    "sellingAndMarketingExpenses": 0,
    "sellingGeneralAndAdministrativeExpenses": 172000000,
    "otherExpenses": 0,
    "operatingExpenses": 195000000,
    "costAndExpenses": 3133000000,
    "interestIncome": 6000000,
    "interestExpense": 114000000,
    "depreciationAndAmortization": 142000000,
    "ebitda": 455000000,
    "ebitdaratio": 0.1320754717,
    "operatingIncome": 312000000,
    "operatingIncomeRatio": 0.0905660377,
    "totalOtherIncomeExpensesNet": -113000000,
    "incomeBeforeTax": 199000000,
    "incomeBeforeTaxRatio": 0.0577648766,
    "incomeTaxExpense": 56000000,
    "netIncome": 143000000,
    "netIncomeRatio": 0.041509434,
    "eps": 0.3,
    "epsdiluted": 0.29,
    "weightedAverageShsOut": 482000000,
    "weightedAverageShsOutDil": 503000000,
    "link": "https://www.sec.gov/Archives/edgar/data/4281/000000428118000060/0000004281-18-000060-index.htm",
    "finalLink": "https://www.sec.gov/Archives/edgar/data/4281/000000428118000060/form10q_1q18.htm"
  },
  {
    "date": "2017-12-31",
    "symbol": "HWM",
    "reportedCurrency": "USD",
    "cik": "0000004281",
    "fillingDate": "2018-02-26",
    "acceptedDate": "2018-02-23 17:34:24",
    "calendarYear": "2017",
    "period": "Q4",
    "revenue": 3271000000,
    "costOfRevenue": 2764000000,
    "grossProfit": 507000000,
    "grossProfitRatio": 0.1549984714,
    "researchAndDevelopmentExpenses": 28000000,
    "generalAndAdministrativeExpenses": 0,
    "sellingAndMarketingExpenses": 0,
    "sellingGeneralAndAdministrativeExpenses": 146000000,
    "otherExpenses": 0,
    "operatingExpenses": 174000000,
    "costAndExpenses": 2938000000,
    "interestIncome": 6000000,
    "interestExpense": 98000000,
    "depreciationAndAmortization": 141000000,
    "ebitda": -216000000,
    "ebitdaratio": -0.0660348517,
    "operatingIncome": 333000000,
    "operatingIncomeRatio": 0.1018037297,
    "totalOtherIncomeExpensesNet": -788000000,
    "incomeBeforeTax": -455000000,
    "incomeBeforeTaxRatio": -0.1391011923,
    "incomeTaxExpense": 272000000,
    "netIncome": -727000000,
    "netIncomeRatio": -0.2222561908,
    "eps": -1.51,
    "epsdiluted": -1.51,
    "weightedAverageShsOut": 481339090,
    "weightedAverageShsOutDil": 481339090,
    "link": "https://www.sec.gov/Archives/edgar/data/4281/000000428118000042/0000004281-18-000042-index.htm",
    "finalLink": "https://www.sec.gov/Archives/edgar/data/4281/000000428118000042/form10k.htm"
  },
  {
    "date": "2017-09-30",
    "symbol": "HWM",
    "reportedCurrency": "USD",
    "cik": "0000004281",
    "fillingDate": "2017-11-06",
    "acceptedDate": "2017-11-06 09:01:25",
    "calendarYear": "2017",
    "period": "Q3",
    "revenue": 3236000000,
    "costOfRevenue": 2770000000,
    "grossProfit": 466000000,
    "grossProfitRatio": 0.1440049444,
    "researchAndDevelopmentExpenses": 24000000,
    "generalAndAdministrativeExpenses": 0,
    "sellingAndMarketingExpenses": 0,
    "sellingGeneralAndAdministrativeExpenses": 152000000,
    "otherExpenses": 0,
    "operatingExpenses": 176000000,
    "costAndExpenses": 2946000000,
    "interestIncome": 5000000,
    "interestExpense": 100000000,
    "depreciationAndAmortization": 140000000,
    "ebitda": 412000000,
    "ebitdaratio": 0.1273176761,
    "operatingIncome": 290000000,
    "operatingIncomeRatio": 0.0896168109,
    "totalOtherIncomeExpensesNet": -118000000,
    "incomeBeforeTax": 172000000,
    "incomeBeforeTaxRatio": 0.0531520396,
    "incomeTaxExpense": 53000000,
    "netIncome": 119000000,
    "netIncomeRatio": 0.0367737948,
    "eps": 0.23,
    "epsdiluted": 0.22,
    "weightedAverageShsOut": 442000000,
    "weightedAverageShsOutDil": 462000000,
    "link": "https://www.sec.gov/Archives/edgar/data/4281/000119312517333678/0001193125-17-333678-index.htm",
    "finalLink": "https://www.sec.gov/Archives/edgar/data/4281/000119312517333678/d435123d10q.htm"
  },
  {
    "date": "2017-06-30",
    "symbol": "HWM",
    "reportedCurrency": "USD",
    "cik": "0000004281",
    "fillingDate": "2017-08-02",
    "acceptedDate": "2017-08-02 08:52:07",
    "calendarYear": "2017",
    "period": "Q2",
    "revenue": 3261000000,
    "costOfRevenue": 2725000000,
    "grossProfit": 536000000,
    "grossProfitRatio": 0.1643667587,
    "researchAndDevelopmentExpenses": 29000000,
    "generalAndAdministrativeExpenses": 0,
    "sellingAndMarketingExpenses": 0,
    "sellingGeneralAndAdministrativeExpenses": 200000000,
    "otherExpenses": 0,
    "operatingExpenses": 229000000,
    "costAndExpenses": 2954000000,
    "interestIncome": 4000000,
    "interestExpense": 183000000,
    "depreciationAndAmortization": 137000000,
    "ebitda": 589000000,
    "ebitdaratio": 0.1806194419,
    "operatingIncome": 307000000,
    "operatingIncomeRatio": 0.094142901,
    "totalOtherIncomeExpensesNet": -38000000,
    "incomeBeforeTax": 269000000,
    "incomeBeforeTaxRatio": 0.0824900337,
    "incomeTaxExpense": 57000000,
    "netIncome": 212000000,
    "netIncomeRatio": 0.0650107329,
    "eps": 0.44,
    "epsdiluted": 0.43,
    "weightedAverageShsOut": 441000000,
    "weightedAverageShsOutDil": 462000000,
    "link": "https://www.sec.gov/Archives/edgar/data/4281/000119312517245098/0001193125-17-245098-index.htm",
    "finalLink": "https://www.sec.gov/Archives/edgar/data/4281/000119312517245098/d366625d10q.htm"
  },
  {
    "date": "2017-03-31",
    "symbol": "HWM",
    "reportedCurrency": "USD",
    "cik": "0000004281",
    "fillingDate": "2017-05-02",
    "acceptedDate": "2017-05-01 20:25:06",
    "calendarYear": "2017",
    "period": "Q1",
    "revenue": 3192000000,
    "costOfRevenue": 2625000000,
    "grossProfit": 567000000,
    "grossProfitRatio": 0.1776315789,
    "researchAndDevelopmentExpenses": 28000000,
    "generalAndAdministrativeExpenses": 0,
    "sellingAndMarketingExpenses": 0,
    "sellingGeneralAndAdministrativeExpenses": 221000000,
    "otherExpenses": 0,
    "operatingExpenses": 249000000,
    "costAndExpenses": 2874000000,
    "interestIncome": 0,
    "interestExpense": 115000000,
    "depreciationAndAmortization": 133000000,
    "ebitda": 732000000,
    "ebitdaratio": 0.2293233083,
    "operatingIncome": 318000000,
    "operatingIncomeRatio": 0.0996240602,
    "totalOtherIncomeExpensesNet": 166000000,
    "incomeBeforeTax": 484000000,
    "incomeBeforeTaxRatio": 0.1516290727,
    "incomeTaxExpense": 162000000,
    "netIncome": 322000000,
    "netIncomeRatio": 0.100877193,
    "eps": 0.69,
    "epsdiluted": 0.65,
    "weightedAverageShsOut": 440000000,
    "weightedAverageShsOutDil": 499000000,
    "link": "https://www.sec.gov/Archives/edgar/data/4281/000119312517152478/0001193125-17-152478-index.htm",
    "finalLink": "https://www.sec.gov/Archives/edgar/data/4281/000119312517152478/d337194d10q.htm"
  },
  {
    "date": "2016-12-31",
    "symbol": "HWM",
    "reportedCurrency": "USD",
    "cik": "0000004281",
    "fillingDate": "2017-02-28",
    "acceptedDate": "2017-02-28 17:15:08",
    "calendarYear": "2016",
    "period": "Q4",
    "revenue": 2962000000,
    "costOfRevenue": 2508000000,
    "grossProfit": 454000000,
    "grossProfitRatio": 0.1532748143,
    "researchAndDevelopmentExpenses": 39000000,
    "generalAndAdministrativeExpenses": 0,
    "sellingAndMarketingExpenses": 0,
    "sellingGeneralAndAdministrativeExpenses": 269000000,
    "otherExpenses": 0,
    "operatingExpenses": 308000000,
    "costAndExpenses": 2816000000,
    "interestIncome": 0,
    "interestExpense": 128000000,
    "depreciationAndAmortization": 133000000,
    "ebitda": 216000000,
    "ebitdaratio": 0.0729237002,
    "operatingIncome": 146000000,
    "operatingIncomeRatio": 0.0492910196,
    "totalOtherIncomeExpensesNet": -191000000,
    "incomeBeforeTax": -45000000,
    "incomeBeforeTaxRatio": -0.0151924375,
    "incomeTaxExpense": 1236000000,
    "netIncome": -1190000000,
    "netIncomeRatio": -0.4017555706,
    "eps": -2.85,
    "epsdiluted": -2.85,
    "weightedAverageShsOut": 438486935,
    "weightedAverageShsOutDil": 438486935,
    "link": "https://www.sec.gov/Archives/edgar/data/4281/000119312517062657/0001193125-17-062657-index.htm",
    "finalLink": "https://www.sec.gov/Archives/edgar/data/4281/000119312517062657/d293282d10k.htm"
  },
  {
    "date": "2016-09-30",
    "symbol": "HWM",
    "reportedCurrency": "USD",
    "cik": "0000004281",
    "fillingDate": "2016-11-09",
    "acceptedDate": "2016-11-09 08:32:06",
    "calendarYear": "2016",
    "period": "Q3",
    "revenue": 5212000000,
    "costOfRevenue": 4533000000,
    "grossProfit": 679000000,
    "grossProfitRatio": 0.1302762855,
    "researchAndDevelopmentExpenses": 38000000,
    "generalAndAdministrativeExpenses": 0,
    "sellingAndMarketingExpenses": 0,
    "sellingGeneralAndAdministrativeExpenses": 220000000,
    "otherExpenses": 0,
    "operatingExpenses": 258000000,
    "costAndExpenses": 4791000000,
    "interestIncome": 5000000,
    "interestExpense": 133000000,
    "depreciationAndAmortization": 316000000,
    "ebitda": 783000000,
    "ebitdaratio": 0.1502302379,
    "operatingIncome": 421000000,
    "operatingIncomeRatio": 0.0807751343,
    "totalOtherIncomeExpensesNet": -88000000,
    "incomeBeforeTax": 333000000,
    "incomeBeforeTaxRatio": 0.0638910207,
    "incomeTaxExpense": 147000000,
    "netIncome": 166000000,
    "netIncomeRatio": 0.0318495779,
    "eps": 0.38,
    "epsdiluted": 0.37,
    "weightedAverageShsOut": 438503358,
    "weightedAverageShsOutDil": 453000000,
    "link": "https://www.sec.gov/Archives/edgar/data/4281/000119312516763784/0001193125-16-763784-index.htm",
    "finalLink": "https://www.sec.gov/Archives/edgar/data/4281/000119312516763784/d249051d10q.htm"
  },
  {
    "date": "2016-06-30",
    "symbol": "HWM",
    "reportedCurrency": "USD",
    "cik": "0000004281",
    "fillingDate": "2016-07-29",
    "acceptedDate": "2016-07-29 17:23:26",
    "calendarYear": "2016",
    "period": "Q2",
    "revenue": 3234000000,
    "costOfRevenue": 2533000000,
    "grossProfit": 701000000,
    "grossProfitRatio": 0.216759431,
    "researchAndDevelopmentExpenses": 32000000,
    "generalAndAdministrativeExpenses": 239000000,
    "sellingAndMarketingExpenses": 0,
    "sellingGeneralAndAdministrativeExpenses": 239000000,
    "otherExpenses": 17000000,
    "operatingExpenses": 404000000,
    "costAndExpenses": 2937000000,
    "interestIncome": 0,
    "interestExpense": 124000000,
    "depreciationAndAmortization": 313000000,
    "ebitda": 648000000,
    "ebitdaratio": 0.2003710575,
    "operatingIncome": 283000000,
    "operatingIncomeRatio": 0.0875077304,
    "totalOtherIncomeExpensesNet": -107000000,
    "incomeBeforeTax": 176000000,
    "incomeBeforeTaxRatio": 0.0544217687,
    "incomeTaxExpense": 123000000,
    "netIncome": 135000000,
    "netIncomeRatio": 0.0417439703,
    "eps": 0.31,
    "epsdiluted": 0.3,
    "weightedAverageShsOut": 438503358,
    "weightedAverageShsOutDil": 452000000,
    "link": "https://www.sec.gov/Archives/edgar/data/4281/000119312516664835/0001193125-16-664835-index.htm",
    "finalLink": "https://www.sec.gov/Archives/edgar/data/4281/000119312516664835/d209057d10q.htm"
  },
  {
    "date": "2016-03-31",
    "symbol": "HWM",
    "reportedCurrency": "USD",
    "cik": "0000004281",
    "fillingDate": "2016-05-05",
    "acceptedDate": "2016-05-05 17:12:59",
    "calendarYear": "2016",
    "period": "Q1",
    "revenue": 3055000000,
    "costOfRevenue": 2400000000,
    "grossProfit": 655000000,
    "grossProfitRatio": 0.2144026187,
    "researchAndDevelopmentExpenses": 31000000,
    "generalAndAdministrativeExpenses": 205000000,
    "sellingAndMarketingExpenses": 0,
    "sellingGeneralAndAdministrativeExpenses": 205000000,
    "otherExpenses": 12000000,
    "operatingExpenses": 369000000,
    "costAndExpenses": 2769000000,
    "interestIncome": 0,
    "interestExpense": 121000000,
    "depreciationAndAmortization": 309000000,
    "ebitda": 613000000,
    "ebitdaratio": 0.2006546645,
    "operatingIncome": 286000000,
    "operatingIncomeRatio": 0.0936170213,
    "totalOtherIncomeExpensesNet": -125000000,
    "incomeBeforeTax": 161000000,
    "incomeBeforeTaxRatio": 0.052700491,
    "incomeTaxExpense": 51000000,
    "netIncome": 16000000,
    "netIncomeRatio": 0.0052373159,
    "eps": 0.0365,
    "epsdiluted": 0.0365,
    "weightedAverageShsOut": 438503358,
    "weightedAverageShsOutDil": 438519780,
    "link": "https://www.sec.gov/Archives/edgar/data/4281/000119312516580169/0001193125-16-580169-index.htm",
    "finalLink": "https://www.sec.gov/Archives/edgar/data/4281/000119312516580169/d259828d10q.htm"
  },
  {
    "date": "2015-12-31",
    "symbol": "HWM",
    "reportedCurrency": "USD",
    "cik": "0000004281",
    "fillingDate": "2016-02-19",
    "acceptedDate": "2016-02-19 17:27:57",
    "calendarYear": "2015",
    "period": "Q4",
    "revenue": 2991000000,
    "costOfRevenue": 2437000000,
    "grossProfit": 554000000,
    "grossProfitRatio": 0.1852223337,
    "researchAndDevelopmentExpenses": 46000000,
    "generalAndAdministrativeExpenses": 262000000,
    "sellingAndMarketingExpenses": -52000000,
    "sellingGeneralAndAdministrativeExpenses": 210000000,
    "otherExpenses": 0,
    "operatingExpenses": 450000000,
    "costAndExpenses": 2887000000,
    "interestIncome": 0,
    "interestExpense": 129000000,
    "depreciationAndAmortization": 137000000,
    "ebitda": 298000000,
    "ebitdaratio": 0.09963223,
    "operatingIncome": 161000000,
    "operatingIncomeRatio": 0.0538281511,
    "totalOtherIncomeExpensesNet": -316000000,
    "incomeBeforeTax": -18000000,
    "incomeBeforeTaxRatio": -0.0060180542,
    "incomeTaxExpense": 175000000,
    "netIncome": -210000000,
    "netIncomeRatio": -0.0702106319,
    "eps": -0.48,
    "epsdiluted": -0.48,
    "weightedAverageShsOut": 436703833,
    "weightedAverageShsOutDil": 436703833,
    "link": "https://www.sec.gov/Archives/edgar/data/4281/000119312516470162/0001193125-16-470162-index.htm",
    "finalLink": "https://www.sec.gov/Archives/edgar/data/4281/000119312516470162/d216801d10k.htm"
  },
  {
    "date": "2015-09-30",
    "symbol": "HWM",
    "reportedCurrency": "USD",
    "cik": "0000004281",
    "fillingDate": "2015-10-23",
    "acceptedDate": "2015-10-22 18:58:47",
    "calendarYear": "2015",
    "period": "Q3",
    "revenue": 5573000000,
    "costOfRevenue": 4559000000,
    "grossProfit": 1014000000,
    "grossProfitRatio": 0.1819486811,
    "researchAndDevelopmentExpenses": 55000000,
    "generalAndAdministrativeExpenses": 261000000,
    "sellingAndMarketingExpenses": 0,
    "sellingGeneralAndAdministrativeExpenses": 261000000,
    "otherExpenses": 0,
    "operatingExpenses": 316000000,
    "costAndExpenses": 5367000000,
    "interestIncome": 0,
    "interestExpense": 123000000,
    "depreciationAndAmortization": 318000000,
    "ebitda": 585000000,
    "ebitdaratio": 0.104970393,
    "operatingIncome": 44000000,
    "operatingIncomeRatio": 0.007895209,
    "totalOtherIncomeExpensesNet": 100000000,
    "incomeBeforeTax": 144000000,
    "incomeBeforeTaxRatio": 0.025838866,
    "incomeTaxExpense": 100000000,
    "netIncome": 44000000,
    "netIncomeRatio": 0.007895209,
    "eps": 0.1,
    "epsdiluted": 0.1,
    "weightedAverageShsOut": 419662470,
    "weightedAverageShsOutDil": 419662470,
    "link": "https://www.sec.gov/Archives/edgar/data/4281/000119312515350979/0001193125-15-350979-index.htm",
    "finalLink": "https://www.sec.gov/Archives/edgar/data/4281/000119312515350979/d17884d10q.htm"
  },
  {
    "date": "2015-06-30",
    "symbol": "HWM",
    "reportedCurrency": "USD",
    "cik": "0000004281",
    "fillingDate": "2015-07-22",
    "acceptedDate": "2015-07-22 17:18:36",
    "calendarYear": "2015",
    "period": "Q2",
    "revenue": 5897000000,
    "costOfRevenue": 4663000000,
    "grossProfit": 1234000000,
    "grossProfitRatio": 0.2092589452,
    "researchAndDevelopmentExpenses": 68000000,
    "generalAndAdministrativeExpenses": 224000000,
    "sellingAndMarketingExpenses": 0,
    "sellingGeneralAndAdministrativeExpenses": 224000000,
    "otherExpenses": 0,
    "operatingExpenses": 292000000,
    "costAndExpenses": 5615000000,
    "interestIncome": 0,
    "interestExpense": 124000000,
    "depreciationAndAmortization": 320000000,
    "ebitda": 658000000,
    "ebitdaratio": 0.1115821604,
    "operatingIncome": 140000000,
    "operatingIncomeRatio": 0.0237408852,
    "totalOtherIncomeExpensesNet": 75000000,
    "incomeBeforeTax": 215000000,
    "incomeBeforeTaxRatio": 0.0364592166,
    "incomeTaxExpense": 75000000,
    "netIncome": 140000000,
    "netIncomeRatio": 0.0237408852,
    "eps": 0.34,
    "epsdiluted": 0.34,
    "weightedAverageShsOut": 407329260,
    "weightedAverageShsOutDil": 412662540,
    "link": "https://www.sec.gov/Archives/edgar/data/4281/000119312515259994/0001193125-15-259994-index.htm",
    "finalLink": "https://www.sec.gov/Archives/edgar/data/4281/000119312515259994/d943108d10q.htm"
  },
  {
    "date": "2015-03-31",
    "symbol": "HWM",
    "reportedCurrency": "USD",
    "cik": "0000004281",
    "fillingDate": "2015-04-23",
    "acceptedDate": "2015-04-23 15:10:08",
    "calendarYear": "2015",
    "period": "Q1",
    "revenue": 5819000000,
    "costOfRevenue": 4443000000,
    "grossProfit": 1376000000,
    "grossProfitRatio": 0.2364667469,
    "researchAndDevelopmentExpenses": 55000000,
    "generalAndAdministrativeExpenses": 232000000,
    "sellingAndMarketingExpenses": 0,
    "sellingGeneralAndAdministrativeExpenses": 232000000,
    "otherExpenses": 0,
    "operatingExpenses": 287000000,
    "costAndExpenses": 5338000000,
    "interestIncome": 0,
    "interestExpense": 122000000,
    "depreciationAndAmortization": 321000000,
    "ebitda": 864000000,
    "ebitdaratio": 0.1484791201,
    "operatingIncome": 195000000,
    "operatingIncomeRatio": 0.0335109125,
    "totalOtherIncomeExpensesNet": 226000000,
    "incomeBeforeTax": 421000000,
    "incomeBeforeTaxRatio": 0.0723492009,
    "incomeTaxExpense": 226000000,
    "netIncome": 195000000,
    "netIncomeRatio": 0.0335109125,
    "eps": 0.48,
    "epsdiluted": 0.47,
    "weightedAverageShsOut": 406995930,
    "weightedAverageShsOutDil": 412662540,
    "link": "https://www.sec.gov/Archives/edgar/data/4281/000119312515143962/0001193125-15-143962-index.htm",
    "finalLink": "https://www.sec.gov/Archives/edgar/data/4281/000119312515143962/d897461d10q.htm"
  },
  {
    "date": "2014-12-31",
    "symbol": "HWM",
    "reportedCurrency": "USD",
    "cik": "0000004281",
    "fillingDate": "2015-02-19",
    "acceptedDate": "2015-02-19 17:17:46",
    "calendarYear": "2014",
    "period": "Q4",
    "revenue": 23906000000,
    "costOfRevenue": 19137000000,
    "grossProfit": 4769000000,
    "grossProfitRatio": 0.1994896679,
    "researchAndDevelopmentExpenses": 218000000,
    "generalAndAdministrativeExpenses": 995000000,
    "sellingAndMarketingExpenses": 0,
    "sellingGeneralAndAdministrativeExpenses": 995000000,
    "otherExpenses": 0,
    "operatingExpenses": 1213000000,
    "costAndExpenses": 23409000000,
    "interestIncome": 0,
    "interestExpense": 473000000,
    "depreciationAndAmortization": 1372000000,
    "ebitda": 2433000000,
    "ebitdaratio": 0.1017736133,
    "operatingIncome": 268000000,
    "operatingIncomeRatio": 0.0112105748,
    "totalOtherIncomeExpensesNet": 229000000,
    "incomeBeforeTax": 497000000,
    "incomeBeforeTaxRatio": 0.0207897599,
    "incomeTaxExpense": 320000000,
    "netIncome": 268000000,
    "netIncomeRatio": 0.0112105748,
    "eps": 0.69,
    "epsdiluted": 0.68,
    "weightedAverageShsOut": 387329460,
    "weightedAverageShsOutDil": 393329400,
    "link": "https://www.sec.gov/Archives/edgar/data/4281/000119312515054376/0001193125-15-054376-index.htm",
    "finalLink": "https://www.sec.gov/Archives/edgar/data/4281/000119312515054376/d836461d10k.htm"
  },
  {
    "date": "2014-09-30",
    "symbol": "HWM",
    "reportedCurrency": "USD",
    "cik": "0000004281",
    "fillingDate": "2014-10-23",
    "acceptedDate": "2014-10-23 17:25:11",
    "calendarYear": "2014",
    "period": "Q3",
    "revenue": 6239000000,
    "costOfRevenue": 14164000000,
    "grossProfit": -7925000000,
    "grossProfitRatio": -1.2702356147,
    "researchAndDevelopmentExpenses": 158000000,
    "generalAndAdministrativeExpenses": 724000000,
    "sellingAndMarketingExpenses": 0,
    "sellingGeneralAndAdministrativeExpenses": 724000000,
    "otherExpenses": 0,
    "operatingExpenses": 882000000,
    "costAndExpenses": 17266000000,
    "interestIncome": 0,
    "interestExpense": 126000000,
    "depreciationAndAmortization": 346000000,
    "ebitda": 821000000,
    "ebitdaratio": 0.1315916012,
    "operatingIncome": 263000000,
    "operatingIncomeRatio": 0.0421541914,
    "totalOtherIncomeExpensesNet": 0,
    "incomeBeforeTax": 263000000,
    "incomeBeforeTaxRatio": 0.0421541914,
    "incomeTaxExpense": 200000000,
    "netIncome": 63000000,
    "netIncomeRatio": 0.0100977721,
    "eps": 0.16,
    "epsdiluted": 0.16,
    "weightedAverageShsOut": 387329460,
    "weightedAverageShsOutDil": 393329400,
    "link": "https://www.sec.gov/Archives/edgar/data/4281/000119312514380409/0001193125-14-380409-index.htm",
    "finalLink": "https://www.sec.gov/Archives/edgar/data/4281/000119312514380409/d786672d10q.htm"
  },
  {
    "date": "2014-06-30",
    "symbol": "HWM",
    "reportedCurrency": "USD",
    "cik": "0000004281",
    "fillingDate": "2014-07-24",
    "acceptedDate": "2014-07-24 17:06:17",
    "calendarYear": "2014",
    "period": "Q2",
    "revenue": 5836000000,
    "costOfRevenue": 9260000000,
    "grossProfit": -3424000000,
    "grossProfitRatio": -0.5867032214,
    "researchAndDevelopmentExpenses": 101000000,
    "generalAndAdministrativeExpenses": 481000000,
    "sellingAndMarketingExpenses": 0,
    "sellingGeneralAndAdministrativeExpenses": 481000000,
    "otherExpenses": 0,
    "operatingExpenses": 582000000,
    "costAndExpenses": 11357000000,
    "interestIncome": 0,
    "interestExpense": 105000000,
    "depreciationAndAmortization": 350000000,
    "ebitda": 670000000,
    "ebitdaratio": 0.1148046607,
    "operatingIncome": -67000000,
    "operatingIncomeRatio": -0.0114804661,
    "totalOtherIncomeExpensesNet": 0,
    "incomeBeforeTax": -67000000,
    "incomeBeforeTaxRatio": -0.0114804661,
    "incomeTaxExpense": 1000000,
    "netIncome": -68000000,
    "netIncomeRatio": -0.0116518163,
    "eps": -0.18,
    "epsdiluted": -0.17,
    "weightedAverageShsOut": 387329460,
    "weightedAverageShsOutDil": 393329400,
    "link": "https://www.sec.gov/Archives/edgar/data/4281/000119312514279047/0001193125-14-279047-index.htm",
    "finalLink": "https://www.sec.gov/Archives/edgar/data/4281/000119312514279047/d739676d10q.htm"
  },
  {
    "date": "2014-03-31",
    "symbol": "HWM",
    "reportedCurrency": "USD",
    "cik": "0000004281",
    "fillingDate": "2014-04-24",
    "acceptedDate": "2014-04-24 16:11:14",
    "calendarYear": "2014",
    "period": "Q1",
    "revenue": 5454000000,
    "costOfRevenue": 4495000000,
    "grossProfit": 959000000,
    "grossProfitRatio": 0.1758342501,
    "researchAndDevelopmentExpenses": 51000000,
    "generalAndAdministrativeExpenses": 236000000,
    "sellingAndMarketingExpenses": 0,
    "sellingGeneralAndAdministrativeExpenses": 236000000,
    "otherExpenses": 0,
    "operatingExpenses": 287000000,
    "costAndExpenses": 5728000000,
    "interestIncome": 0,
    "interestExpense": 120000000,
    "depreciationAndAmortization": 340000000,
    "ebitda": 66000000,
    "ebitdaratio": 0.0121012101,
    "operatingIncome": -274000000,
    "operatingIncomeRatio": -0.0502383572,
    "totalOtherIncomeExpensesNet": 0,
    "incomeBeforeTax": -274000000,
    "incomeBeforeTaxRatio": -0.0502383572,
    "incomeTaxExpense": -77000000,
    "netIncome": -197000000,
    "netIncomeRatio": -0.0361202787,
    "eps": -0.51,
    "epsdiluted": -0.5,
    "weightedAverageShsOut": 387329460,
    "weightedAverageShsOutDil": 393329400,
    "link": "https://www.sec.gov/Archives/edgar/data/4281/000119312514157120/0001193125-14-157120-index.htm",
    "finalLink": "https://www.sec.gov/Archives/edgar/data/4281/000119312514157120/d701633d10q.htm"
  }
]