[
  {
    "date": "2024-12-31",
    "symbol": "HWM",
    "reportedCurrency": "USD",
    "cik": "0000004281",
    "fillingDate": "2025-02-14",
    "acceptedDate": "2025-02-13 17:35:08",
    "calendarYear": "2024",
    "period": "FY",
    "revenue": 7430000000,
    "costOfRevenue": 5378000000,
    "grossProfit": 2052000000,
    "grossProfitRatio": 0.2761776581,
    "researchAndDevelopmentExpenses": 33000000,
    "generalAndAdministrativeExpenses": 362000000,
    "sellingAndMarketingExpenses": 0,
    "sellingGeneralAndAdministrativeExpenses": 362000000,
    "otherExpenses": -15000000,
    "operatingExpenses": 380000000,
    "costAndExpenses": 5758000000,
    "interestIncome": 20000000,
    "interestExpense": 182000000,
    "depreciationAndAmortization": 277000000,
    "ebitda": 1842000000,
    "ebitdaratio": 0.2479138627,
    "operatingIncome": 1672000000,
    "operatingIncomeRatio": 0.2250336474,
    "totalOtherIncomeExpensesNet": -289000000,
    "incomeBeforeTax": 1383000000,
    "incomeBeforeTaxRatio": 0.1861372813,
    "incomeTaxExpense": 228000000,
    "netIncome": 1155000000,
    "netIncomeRatio": 0.1554508748,
    "eps": 2.83,
    "epsdiluted": 2.81,
    "weightedAverageShsOut": 408000000,
    "weightedAverageShsOutDil": 410000000,
    "link": "https://www.sec.gov/Archives/edgar/data/4281/000000428125000011/0000004281-25-000011-index.htm",
    "finalLink": "https://www.sec.gov/Archives/edgar/data/4281/000000428125000011/hwm-20241231.htm"
  },
  {
    "date": "2023-12-31",
    "symbol": "HWM",
    "reportedCurrency": "USD",
    "cik": "0000004281",
    "fillingDate": "2024-02-13",
    "acceptedDate": "2024-02-13 17:05:19",
    "calendarYear": "2023",
    "period": "FY",
    "revenue": 6640000000,
    "costOfRevenue": 5026000000,
    "grossProfit": 1614000000,
    "grossProfitRatio": 0.2430722892,
    "researchAndDevelopmentExpenses": 36000000,
    "generalAndAdministrativeExpenses": 0,
    "sellingAndMarketingExpenses": 0,
    "sellingGeneralAndAdministrativeExpenses": 333000000,
    "otherExpenses": 0,
    "operatingExpenses": 369000000,
    "costAndExpenses": 5395000000,
    "interestIncome": 23000000,
    "interestExpense": 218000000,
    "depreciationAndAmortization": 272000000,
    "ebitda": 1465000000,
    "ebitdaratio": 0.2206325301,
    "operatingIncome": 1245000000,
    "operatingIncomeRatio": 0.1875,
    "totalOtherIncomeExpensesNet": -270000000,
    "incomeBeforeTax": 975000000,
    "incomeBeforeTaxRatio": 0.1468373494,
    "incomeTaxExpense": 210000000,
    "netIncome": 765000000,
    "netIncomeRatio": 0.1152108434,
    "eps": 1.85,
    "epsdiluted": 1.83,
    "weightedAverageShsOut": 412173414,
    "weightedAverageShsOutDil": 416000000,
    "link": "https://www.sec.gov/Archives/edgar/data/4281/000000428124000007/0000004281-24-000007-index.htm",
    "finalLink": "https://www.sec.gov/Archives/edgar/data/4281/000000428124000007/hwm-20231231.htm"
  },
  {
    "date": "2022-12-31",
    "symbol": "HWM",
    "reportedCurrency": "USD",
    "cik": "0000004281",
    "fillingDate": "2023-02-14",
    "acceptedDate": "2023-02-14 17:10:40",
    "calendarYear": "2022",
    "period": "FY",
    "revenue": 5663000000,
    "costOfRevenue": 4309000000,
    "grossProfit": 1354000000,
    "grossProfitRatio": 0.2390958856,
    "researchAndDevelopmentExpenses": 32000000,
    "generalAndAdministrativeExpenses": 0,
    "sellingAndMarketingExpenses": 0,
    "sellingGeneralAndAdministrativeExpenses": 288000000,
    "otherExpenses": 0,
    "operatingExpenses": 320000000,
    "costAndExpenses": 4629000000,
    "interestIncome": 6000000,
    "interestExpense": 229000000,
    "depreciationAndAmortization": 265000000,
    "ebitda": 1100000000,
    "ebitdaratio": 0.1942433339,
    "operatingIncome": 1034000000,
    "operatingIncomeRatio": 0.1825887339,
    "totalOtherIncomeExpensesNet": -428000000,
    "incomeBeforeTax": 606000000,
    "incomeBeforeTaxRatio": 0.1070104185,
    "incomeTaxExpense": 137000000,
    "netIncome": 469000000,
    "netIncomeRatio": 0.0828182942,
    "eps": 1.12,
    "epsdiluted": 1.11,
    "weightedAverageShsOut": 416043332,
    "weightedAverageShsOutDil": 421000000,
    "link": "https://www.sec.gov/Archives/edgar/data/4281/000000428123000004/0000004281-23-000004-index.htm",
    "finalLink": "https://www.sec.gov/Archives/edgar/data/4281/000000428123000004/hwm-20221231.htm"
  },
  {
    "date": "2021-12-31",
    "symbol": "HWM",
    "reportedCurrency": "USD",
    "cik": "0000004281",
    "fillingDate": "2022-02-14",
    "acceptedDate": "2022-02-14 16:36:50",
    "calendarYear": "2021",
    "period": "FY",
    "revenue": 4972000000,
    "costOfRevenue": 3838000000,
    "grossProfit": 1134000000,
    "grossProfitRatio": 0.2280772325,
    "researchAndDevelopmentExpenses": 17000000,
    "generalAndAdministrativeExpenses": 0,
    "sellingAndMarketingExpenses": 0,
    "sellingGeneralAndAdministrativeExpenses": 251000000,
    "otherExpenses": 0,
    "operatingExpenses": 268000000,
    "costAndExpenses": 4106000000,
    "interestIncome": 2000000,
    "interestExpense": 259000000,
    "depreciationAndAmortization": 270000000,
    "ebitda": 853000000,
    "ebitdaratio": 0.1715607401,
    "operatingIncome": 866000000,
    "operatingIncomeRatio": 0.1741753821,
    "totalOtherIncomeExpensesNet": -542000000,
    "incomeBeforeTax": 324000000,
    "incomeBeforeTaxRatio": 0.0651649236,
    "incomeTaxExpense": 66000000,
    "netIncome": 258000000,
    "netIncomeRatio": 0.0518905873,
    "eps": 0.6,
    "epsdiluted": 0.59,
    "weightedAverageShsOut": 429834301,
    "weightedAverageShsOutDil": 435000000,
    "link": "https://www.sec.gov/Archives/edgar/data/4281/000000428122000004/0000004281-22-000004-index.htm",
    "finalLink": "https://www.sec.gov/Archives/edgar/data/4281/000000428122000004/hwm-20211231.htm"
  },
  {
    "date": "2020-12-31",
    "symbol": "HWM",
    "reportedCurrency": "USD",
    "cik": "0000004281",
    "fillingDate": "2021-02-16",
    "acceptedDate": "2021-02-16 16:44:06",
    "calendarYear": "2020",
    "period": "FY",
    "revenue": 5259000000,
    "costOfRevenue": 4116000000,
    "grossProfit": 1143000000,
    "grossProfitRatio": 0.2173416999,
    "researchAndDevelopmentExpenses": 17000000,
    "generalAndAdministrativeExpenses": 0,
    "sellingAndMarketingExpenses": 0,
    "sellingGeneralAndAdministrativeExpenses": 277000000,
    "otherExpenses": 0,
    "operatingExpenses": 294000000,
    "costAndExpenses": 4410000000,
    "interestIncome": 5000000,
    "interestExpense": 381000000,
    "depreciationAndAmortization": 279000000,
    "ebitda": 831000000,
    "ebitdaratio": 0.1580148317,
    "operatingIncome": 849000000,
    "operatingIncomeRatio": 0.1614375357,
    "totalOtherIncomeExpensesNet": -678000000,
    "incomeBeforeTax": 171000000,
    "incomeBeforeTaxRatio": 0.0325156874,
    "incomeTaxExpense": -40000000,
    "netIncome": 211000000,
    "netIncomeRatio": 0.0401216961,
    "eps": 0.48,
    "epsdiluted": 0.48,
    "weightedAverageShsOut": 435134173,
    "weightedAverageShsOutDil": 439000000,
    "link": "https://www.sec.gov/Archives/edgar/data/4281/000000428121000049/0000004281-21-000049-index.htm",
    "finalLink": "https://www.sec.gov/Archives/edgar/data/4281/000000428121000049/arnc-20201231.htm"
  },
  {
    "date": "2019-12-31",
    "symbol": "HWM",
    "reportedCurrency": "USD",
    "cik": "0000004281",
    "fillingDate": "2020-02-27",
    "acceptedDate": "2020-02-26 17:48:56",
    "calendarYear": "2019",
    "period": "FY",
    "revenue": 7098000000,
    "costOfRevenue": 5483000000,
    "grossProfit": 1615000000,
    "grossProfitRatio": 0.2275288814,
    "researchAndDevelopmentExpenses": 28000000,
    "generalAndAdministrativeExpenses": 0,
    "sellingAndMarketingExpenses": 0,
    "sellingGeneralAndAdministrativeExpenses": 400000000,
    "otherExpenses": 0,
    "operatingExpenses": 428000000,
    "costAndExpenses": 5911000000,
    "interestIncome": 24000000,
    "interestExpense": 338000000,
    "depreciationAndAmortization": 295000000,
    "ebitda": 843000000,
    "ebitdaratio": 0.1187658495,
    "operatingIncome": 1187000000,
    "operatingIncomeRatio": 0.1672302057,
    "totalOtherIncomeExpensesNet": -977000000,
    "incomeBeforeTax": 210000000,
    "incomeBeforeTaxRatio": 0.0295857988,
    "incomeTaxExpense": 84000000,
    "netIncome": 470000000,
    "netIncomeRatio": 0.0662158354,
    "eps": 1.08,
    "epsdiluted": 1.02,
    "weightedAverageShsOut": 434401223,
    "weightedAverageShsOutDil": 463000000,
    "link": "https://www.sec.gov/Archives/edgar/data/4281/000000428120000038/0000004281-20-000038-index.htm",
    "finalLink": "https://www.sec.gov/Archives/edgar/data/4281/000000428120000038/form10k4q19.htm"
  },
  {
    "date": "2018-12-31",
    "symbol": "HWM",
    "reportedCurrency": "USD",
    "cik": "0000004281",
    "fillingDate": "2019-02-21",
    "acceptedDate": "2019-02-21 17:24:56",
    "calendarYear": "2018",
    "period": "FY",
    "revenue": 14022000000,
    "costOfRevenue": 11969000000,
    "grossProfit": 2053000000,
    "grossProfitRatio": 0.1464127799,
    "researchAndDevelopmentExpenses": 103000000,
    "generalAndAdministrativeExpenses": 0,
    "sellingAndMarketingExpenses": 0,
    "sellingGeneralAndAdministrativeExpenses": 604000000,
    "otherExpenses": 0,
    "operatingExpenses": 707000000,
    "costAndExpenses": 12676000000,
    "interestIncome": 23000000,
    "interestExpense": 376000000,
    "depreciationAndAmortization": 576000000,
    "ebitda": 1820000000,
    "ebitdaratio": 0.1297960348,
    "operatingIncome": 1346000000,
    "operatingIncomeRatio": 0.0959920126,
    "totalOtherIncomeExpensesNet": -478000000,
    "incomeBeforeTax": 868000000,
    "incomeBeforeTaxRatio": 0.0619027243,
    "incomeTaxExpense": 226000000,
    "netIncome": 642000000,
    "netIncomeRatio": 0.0457851947,
    "eps": 1.35,
    "epsdiluted": 1.28,
    "weightedAverageShsOut": 477119644,
    "weightedAverageShsOutDil": 503000000,
    "link": "https://www.sec.gov/Archives/edgar/data/4281/000000428119000031/0000004281-19-000031-index.htm",
    "finalLink": "https://www.sec.gov/Archives/edgar/data/4281/000000428119000031/form10k_4q18.htm"
  },
  {
    "date": "2017-12-31",
    "symbol": "HWM",
    "reportedCurrency": "USD",
    "cik": "0000004281",
    "fillingDate": "2018-02-26",
    "acceptedDate": "2018-02-23 17:34:24",
    "calendarYear": "2017",
    "period": "FY",
    "revenue": 12962000000,
    "costOfRevenue": 10771000000,
    "grossProfit": 2191000000,
    "grossProfitRatio": 0.1690325567,
    "researchAndDevelopmentExpenses": 109000000,
    "generalAndAdministrativeExpenses": 0,
    "sellingAndMarketingExpenses": 0,
    "sellingGeneralAndAdministrativeExpenses": 715000000,
    "otherExpenses": 0,
    "operatingExpenses": 824000000,
    "costAndExpenses": 11595000000,
    "interestIncome": 19000000,
    "interestExpense": 496000000,
    "depreciationAndAmortization": 551000000,
    "ebitda": 1517000000,
    "ebitdaratio": 0.1170344083,
    "operatingIncome": 1367000000,
    "operatingIncomeRatio": 0.10546212,
    "totalOtherIncomeExpensesNet": -897000000,
    "incomeBeforeTax": 470000000,
    "incomeBeforeTaxRatio": 0.0362598364,
    "incomeTaxExpense": 544000000,
    "netIncome": -74000000,
    "netIncomeRatio": -0.0057089955,
    "eps": -0.15,
    "epsdiluted": -0.16,
    "weightedAverageShsOut": 481669545,
    "weightedAverageShsOutDil": 451000000,
    "link": "https://www.sec.gov/Archives/edgar/data/4281/000000428118000042/0000004281-18-000042-index.htm",
    "finalLink": "https://www.sec.gov/Archives/edgar/data/4281/000000428118000042/form10k.htm"
  },
  {
    "date": "2016-12-31",
    "symbol": "HWM",
    "reportedCurrency": "USD",
    "cik": "0000004281",
    "fillingDate": "2017-02-28",
    "acceptedDate": "2017-02-28 17:15:08",
    "calendarYear": "2016",
    "period": "FY",
    "revenue": 12393000000,
    "costOfRevenue": 10298000000,
    "grossProfit": 2095000000,
    "grossProfitRatio": 0.1690470427,
    "researchAndDevelopmentExpenses": 132000000,
    "generalAndAdministrativeExpenses": 0,
    "sellingAndMarketingExpenses": 0,
    "sellingGeneralAndAdministrativeExpenses": 749000000,
    "otherExpenses": 0,
    "operatingExpenses": 881000000,
    "costAndExpenses": 11179000000,
    "interestIncome": 16000000,
    "interestExpense": 508000000,
    "depreciationAndAmortization": 535000000,
    "ebitda": 1457000000,
    "ebitdaratio": 0.1175663681,
    "operatingIncome": 1214000000,
    "operatingIncomeRatio": 0.097958525,
    "totalOtherIncomeExpensesNet": -800000000,
    "incomeBeforeTax": 414000000,
    "incomeBeforeTaxRatio": 0.033405955,
    "incomeTaxExpense": 1476000000,
    "netIncome": -941000000,
    "netIncomeRatio": -0.0759299605,
    "eps": -2.55,
    "epsdiluted": -2.13,
    "weightedAverageShsOut": 364419208,
    "weightedAverageShsOutDil": 438000000,
    "link": "https://www.sec.gov/Archives/edgar/data/4281/000119312517062657/0001193125-17-062657-index.htm",
    "finalLink": "https://www.sec.gov/Archives/edgar/data/4281/000119312517062657/d293282d10k.htm"
  },
  {
    "date": "2015-12-31",
    "symbol": "HWM",
    "reportedCurrency": "USD",
    "cik": "0000004281",
    "fillingDate": "2016-02-19",
    "acceptedDate": "2016-02-19 17:27:57",
    "calendarYear": "2015",
    "period": "FY",
    "revenue": 12392000000,
    "costOfRevenue": 10620000000,
    "grossProfit": 1772000000,
    "grossProfitRatio": 0.142995481,
    "researchAndDevelopmentExpenses": 169000000,
    "generalAndAdministrativeExpenses": 0,
    "sellingAndMarketingExpenses": 0,
    "sellingGeneralAndAdministrativeExpenses": 741000000,
    "otherExpenses": 0,
    "operatingExpenses": 910000000,
    "costAndExpenses": 11530000000,
    "interestIncome": 16000000,
    "interestExpense": 474000000,
    "depreciationAndAmortization": 508000000,
    "ebitda": 1165000000,
    "ebitdaratio": 0.094012266,
    "operatingIncome": 862000000,
    "operatingIncomeRatio": 0.0695610071,
    "totalOtherIncomeExpensesNet": -679000000,
    "incomeBeforeTax": 183000000,
    "incomeBeforeTaxRatio": 0.014767592,
    "incomeTaxExpense": 339000000,
    "netIncome": -322000000,
    "netIncomeRatio": -0.0259845061,
    "eps": -0.73,
    "epsdiluted": -0.73,
    "weightedAverageShsOut": 438519780,
    "weightedAverageShsOutDil": 438519780,
    "link": "https://www.sec.gov/Archives/edgar/data/4281/000119312516470162/0001193125-16-470162-index.htm",
    "finalLink": "https://www.sec.gov/Archives/edgar/data/4281/000119312516470162/d216801d10k.htm"
  },
  {
    "date": "2014-12-31",
    "symbol": "HWM",
    "reportedCurrency": "USD",
    "cik": "0000004281",
    "fillingDate": "2015-02-19",
    "acceptedDate": "2015-02-19 17:17:46",
    "calendarYear": "2014",
    "period": "FY",
    "revenue": 12542000000,
    "costOfRevenue": 10349000000,
    "grossProfit": 2193000000,
    "grossProfitRatio": 0.1748524956,
    "researchAndDevelopmentExpenses": 123000000,
    "generalAndAdministrativeExpenses": 770000000,
    "sellingAndMarketingExpenses": 0,
    "sellingGeneralAndAdministrativeExpenses": 770000000,
    "otherExpenses": -47000000,
    "operatingExpenses": 1329000000,
    "costAndExpenses": 11678000000,
    "interestIncome": 19000000,
    "interestExpense": 442000000,
    "depreciationAndAmortization": 1372000000,
    "ebitda": 1927000000,
    "ebitdaratio": 0.153643757,
    "operatingIncome": 864000000,
    "operatingIncomeRatio": 0.0688885345,
    "totalOtherIncomeExpensesNet": -751000000,
    "incomeBeforeTax": 113000000,
    "incomeBeforeTaxRatio": 0.0090097273,
    "incomeTaxExpense": 174000000,
    "netIncome": 268000000,
    "netIncomeRatio": 0.0213682028,
    "eps": 0.56,
    "epsdiluted": 0.56,
    "weightedAverageShsOut": 438519780,
    "weightedAverageShsOutDil": 438519780,
    "link": "https://www.sec.gov/Archives/edgar/data/4281/000119312515054376/0001193125-15-054376-index.htm",
    "finalLink": "https://www.sec.gov/Archives/edgar/data/4281/000119312515054376/d836461d10k.htm"
  }
]