[
  {
    "date": "2024-12-31",
    "symbol": "IBKR",
    "reportedCurrency": "USD",
    "cik": "0001381197",
    "fillingDate": "2025-03-05",
    "acceptedDate": "2025-02-27 17:02:30",
    "calendarYear": "2024",
    "period": "FY",
    "revenue": 9316000000,
    "costOfRevenue": 1021000000,
    "grossProfit": 8295000000,
    "grossProfitRatio": 0.8904036067,
    "researchAndDevelopmentExpenses": 0,
    "generalAndAdministrativeExpenses": 353000000,
    "sellingAndMarketingExpenses": 0,
    "sellingGeneralAndAdministrativeExpenses": 353000000,
    "otherExpenses": 101000000,
    "operatingExpenses": 454000000,
    "costAndExpenses": 1475000000,
    "interestIncome": 0,
    "interestExpense": 4191000000,
    "depreciationAndAmortization": 101000000,
    "ebitda": 7987000000,
    "ebitdaratio": 0.857342207,
    "operatingIncome": 7841000000,
    "operatingIncomeRatio": 0.8416702447,
    "totalOtherIncomeExpensesNet": -4146000000,
    "incomeBeforeTax": 3695000000,
    "incomeBeforeTaxRatio": 0.3966294547,
    "incomeTaxExpense": 288000000,
    "netIncome": 755000000,
    "netIncomeRatio": 0.0810433663,
    "eps": 1.75,
    "epsdiluted": 1.73,
    "weightedAverageShsOut": 432448000,
    "weightedAverageShsOutDil": 436012000,
    "link": "https://www.sec.gov/Archives/edgar/data/1381197/000138119725000036/0001381197-25-000036-index.htm",
    "finalLink": "https://www.sec.gov/Archives/edgar/data/1381197/000138119725000036/ibkr-20241231x10k.htm"
  },
  {
    "date": "2023-12-31",
    "symbol": "IBKR",
    "reportedCurrency": "USD",
    "cik": "0001381197",
    "fillingDate": "2023-12-31",
    "acceptedDate": "2023-12-30 19:00:00",
    "calendarYear": "2023",
    "period": "FY",
    "revenue": 7787000000,
    "costOfRevenue": 913000000,
    "grossProfit": 6874000000,
    "grossProfitRatio": 0.8827533068,
    "researchAndDevelopmentExpenses": 0,
    "generalAndAdministrativeExpenses": 252000000,
    "sellingAndMarketingExpenses": 0,
    "sellingGeneralAndAdministrativeExpenses": 252000000,
    "otherExpenses": 99000000,
    "operatingExpenses": 351000000,
    "costAndExpenses": 1264000000,
    "interestIncome": 0,
    "interestExpense": 3436000000,
    "depreciationAndAmortization": 99000000,
    "ebitda": 6604000000,
    "ebitdaratio": 0.8480801336,
    "operatingIncome": 6523000000,
    "operatingIncomeRatio": 0.8376781816,
    "totalOtherIncomeExpensesNet": -3454000000,
    "incomeBeforeTax": 3069000000,
    "incomeBeforeTaxRatio": 0.3941184025,
    "incomeTaxExpense": 257000000,
    "netIncome": 600000000,
    "netIncomeRatio": 0.0770514961,
    "eps": 1.43,
    "epsdiluted": 1.4175,
    "weightedAverageShsOut": 419860000,
    "weightedAverageShsOutDil": 423388000,
    "link": "https://www.sec.gov/Archives/edgar/data/1381197/000138119724000083/0001381197-24-000083-index.htm",
    "finalLink": "https://www.sec.gov/Archives/edgar/data/1381197/000138119724000083/ibkr-20231231x10k.htm"
  },
  {
    "date": "2022-12-31",
    "symbol": "IBKR",
    "reportedCurrency": "USD",
    "cik": "0001381197",
    "fillingDate": "2023-02-24",
    "acceptedDate": "2023-02-24 16:05:50",
    "calendarYear": "2022",
    "period": "FY",
    "revenue": 4192000000,
    "costOfRevenue": 778000000,
    "grossProfit": 3414000000,
    "grossProfitRatio": 0.8144083969,
    "researchAndDevelopmentExpenses": 0,
    "generalAndAdministrativeExpenses": 198000000,
    "sellingAndMarketingExpenses": 0,
    "sellingGeneralAndAdministrativeExpenses": 198000000,
    "otherExpenses": 90000000,
    "operatingExpenses": 288000000,
    "costAndExpenses": 1066000000,
    "interestIncome": 0,
    "interestExpense": 1018000000,
    "depreciationAndAmortization": 90000000,
    "ebitda": 3106000000,
    "ebitdaratio": 0.7409351145,
    "operatingIncome": 3126000000,
    "operatingIncomeRatio": 0.7457061069,
    "totalOtherIncomeExpensesNet": -1128000000,
    "incomeBeforeTax": 1998000000,
    "incomeBeforeTaxRatio": 0.4766221374,
    "incomeTaxExpense": 156000000,
    "netIncome": 380000000,
    "netIncomeRatio": 0.090648855,
    "eps": 0.945,
    "epsdiluted": 0.9375,
    "weightedAverageShsOut": 401840000,
    "weightedAverageShsOutDil": 405200000,
    "link": "https://www.sec.gov/Archives/edgar/data/1381197/000138119723000014/0001381197-23-000014-index.htm",
    "finalLink": "https://www.sec.gov/Archives/edgar/data/1381197/000138119723000014/ibkr-20221231x10k.htm"
  },
  {
    "date": "2021-12-31",
    "symbol": "IBKR",
    "reportedCurrency": "USD",
    "cik": "0001381197",
    "fillingDate": "2022-02-25",
    "acceptedDate": "2022-02-25 17:24:08",
    "calendarYear": "2021",
    "period": "FY",
    "revenue": 2940000000,
    "costOfRevenue": 635000000,
    "grossProfit": 2305000000,
    "grossProfitRatio": 0.7840136054,
    "researchAndDevelopmentExpenses": 0,
    "generalAndAdministrativeExpenses": 209000000,
    "sellingAndMarketingExpenses": 0,
    "sellingGeneralAndAdministrativeExpenses": 209000000,
    "otherExpenses": 80000000,
    "operatingExpenses": 289000000,
    "costAndExpenses": 924000000,
    "interestIncome": 0,
    "interestExpense": 224000000,
    "depreciationAndAmortization": 80000000,
    "ebitda": 2091000000,
    "ebitdaratio": 0.7112244898,
    "operatingIncome": 2016000000,
    "operatingIncomeRatio": 0.6857142857,
    "totalOtherIncomeExpensesNet": -229000000,
    "incomeBeforeTax": 1787000000,
    "incomeBeforeTaxRatio": 0.6078231293,
    "incomeTaxExpense": 151000000,
    "netIncome": 308000000,
    "netIncomeRatio": 0.1047619048,
    "eps": 0.8175,
    "epsdiluted": 0.81,
    "weightedAverageShsOut": 376672000,
    "weightedAverageShsOutDil": 380040000,
    "link": "https://www.sec.gov/Archives/edgar/data/1381197/000138119722000010/0001381197-22-000010-index.htm",
    "finalLink": "https://www.sec.gov/Archives/edgar/data/1381197/000138119722000010/ibkr-20211231x10k.htm"
  },
  {
    "date": "2020-12-31",
    "symbol": "IBKR",
    "reportedCurrency": "USD",
    "cik": "0001381197",
    "fillingDate": "2021-03-01",
    "acceptedDate": "2021-03-01 06:23:58",
    "calendarYear": "2020",
    "period": "FY",
    "revenue": 2420000000,
    "costOfRevenue": 618000000,
    "grossProfit": 1802000000,
    "grossProfitRatio": 0.7446280992,
    "researchAndDevelopmentExpenses": 0,
    "generalAndAdministrativeExpenses": 262000000,
    "sellingAndMarketingExpenses": 0,
    "sellingGeneralAndAdministrativeExpenses": 262000000,
    "otherExpenses": 69000000,
    "operatingExpenses": 331000000,
    "costAndExpenses": 949000000,
    "interestIncome": 0,
    "interestExpense": 261000000,
    "depreciationAndAmortization": 69000000,
    "ebitda": 1586000000,
    "ebitdaratio": 0.6553719008,
    "operatingIncome": 1471000000,
    "operatingIncomeRatio": 0.6078512397,
    "totalOtherIncomeExpensesNet": -215000000,
    "incomeBeforeTax": 1256000000,
    "incomeBeforeTaxRatio": 0.5190082645,
    "incomeTaxExpense": 77000000,
    "netIncome": 195000000,
    "netIncomeRatio": 0.0805785124,
    "eps": 0.61,
    "epsdiluted": 0.605,
    "weightedAverageShsOut": 319756000,
    "weightedAverageShsOutDil": 322556000,
    "link": "https://www.sec.gov/Archives/edgar/data/1381197/000138119721000008/0001381197-21-000008-index.htm",
    "finalLink": "https://www.sec.gov/Archives/edgar/data/1381197/000138119721000008/ibkr-20201231x10k.htm"
  },
  {
    "date": "2019-12-31",
    "symbol": "IBKR",
    "reportedCurrency": "USD",
    "cik": "0001381197",
    "fillingDate": "2020-02-28",
    "acceptedDate": "2020-02-28 16:15:11",
    "calendarYear": "2019",
    "period": "FY",
    "revenue": 2573000000,
    "costOfRevenue": 539000000,
    "grossProfit": 2034000000,
    "grossProfitRatio": 0.7905169063,
    "researchAndDevelopmentExpenses": 0,
    "generalAndAdministrativeExpenses": 137000000,
    "sellingAndMarketingExpenses": 0,
    "sellingGeneralAndAdministrativeExpenses": 137000000,
    "otherExpenses": -7000000,
    "operatingExpenses": 130000000,
    "costAndExpenses": 669000000,
    "interestIncome": 0,
    "interestExpense": 643000000,
    "depreciationAndAmortization": 60000000,
    "ebitda": 1860000000,
    "ebitdaratio": 0.7228915663,
    "operatingIncome": 1904000000,
    "operatingIncomeRatio": 0.739992227,
    "totalOtherIncomeExpensesNet": -747000000,
    "incomeBeforeTax": 1157000000,
    "incomeBeforeTaxRatio": 0.4496696463,
    "incomeTaxExpense": 68000000,
    "netIncome": 161000000,
    "netIncomeRatio": 0.0625728721,
    "eps": 0.53,
    "epsdiluted": 0.525,
    "weightedAverageShsOut": 304488000,
    "weightedAverageShsOutDil": 307304000,
    "link": "https://www.sec.gov/Archives/edgar/data/1381197/000138119720000006/0001381197-20-000006-index.htm",
    "finalLink": "https://www.sec.gov/Archives/edgar/data/1381197/000138119720000006/ibkr-20191231x10k.htm"
  },
  {
    "date": "2018-12-31",
    "symbol": "IBKR",
    "reportedCurrency": "USD",
    "cik": "0001381197",
    "fillingDate": "2019-02-28",
    "acceptedDate": "2019-02-28 16:24:25",
    "calendarYear": "2018",
    "period": "FY",
    "revenue": 2317000000,
    "costOfRevenue": 533000000,
    "grossProfit": 1784000000,
    "grossProfitRatio": 0.7699611567,
    "researchAndDevelopmentExpenses": 0,
    "generalAndAdministrativeExpenses": 121000000,
    "sellingAndMarketingExpenses": 0,
    "sellingGeneralAndAdministrativeExpenses": 121000000,
    "otherExpenses": -19000000,
    "operatingExpenses": 102000000,
    "costAndExpenses": 635000000,
    "interestIncome": 1392000000,
    "interestExpense": 463000000,
    "depreciationAndAmortization": 49000000,
    "ebitda": 1708000000,
    "ebitdaratio": 0.7371601208,
    "operatingIncome": 1682000000,
    "operatingIncomeRatio": 0.7259387139,
    "totalOtherIncomeExpensesNet": -486000000,
    "incomeBeforeTax": 1196000000,
    "incomeBeforeTaxRatio": 0.5161847216,
    "incomeTaxExpense": 71000000,
    "netIncome": 169000000,
    "netIncomeRatio": 0.0729391454,
    "eps": 0.575,
    "epsdiluted": 0.57,
    "weightedAverageShsOut": 293912000,
    "weightedAverageShsOutDil": 297064000,
    "link": "https://www.sec.gov/Archives/edgar/data/1381197/000114036119004097/0001140361-19-004097-index.htm",
    "finalLink": "https://www.sec.gov/Archives/edgar/data/1381197/000114036119004097/bp15115x1_10k.htm"
  },
  {
    "date": "2017-12-31",
    "symbol": "IBKR",
    "reportedCurrency": "USD",
    "cik": "0001381197",
    "fillingDate": "2018-03-01",
    "acceptedDate": "2018-02-28 19:54:54",
    "calendarYear": "2017",
    "period": "FY",
    "revenue": 1595000000,
    "costOfRevenue": 490000000,
    "grossProfit": 1105000000,
    "grossProfitRatio": 0.6927899687,
    "researchAndDevelopmentExpenses": 0,
    "generalAndAdministrativeExpenses": 114000000,
    "sellingAndMarketingExpenses": 0,
    "sellingGeneralAndAdministrativeExpenses": 114000000,
    "otherExpenses": -174000000,
    "operatingExpenses": -60000000,
    "costAndExpenses": 430000000,
    "interestIncome": 908000000,
    "interestExpense": 225000000,
    "depreciationAndAmortization": 47000000,
    "ebitda": 1321000000,
    "ebitdaratio": 0.8282131661,
    "operatingIncome": 1165000000,
    "operatingIncomeRatio": 0.7304075235,
    "totalOtherIncomeExpensesNet": -116000000,
    "incomeBeforeTax": 1049000000,
    "incomeBeforeTaxRatio": 0.6576802508,
    "incomeTaxExpense": 256000000,
    "netIncome": 76000000,
    "netIncomeRatio": 0.0476489028,
    "eps": 0.2725,
    "epsdiluted": 0.2675,
    "weightedAverageShsOut": 283620000,
    "weightedAverageShsOutDil": 284112000,
    "link": "https://www.sec.gov/Archives/edgar/data/1381197/000104746918001166/0001047469-18-001166-index.htm",
    "finalLink": "https://www.sec.gov/Archives/edgar/data/1381197/000104746918001166/a2234631z10-k.htm"
  },
  {
    "date": "2016-12-31",
    "symbol": "IBKR",
    "reportedCurrency": "USD",
    "cik": "0001381197",
    "fillingDate": "2017-02-28",
    "acceptedDate": "2017-02-28 17:15:47",
    "calendarYear": "2016",
    "period": "FY",
    "revenue": 1381000000,
    "costOfRevenue": 486000000,
    "grossProfit": 895000000,
    "grossProfitRatio": 0.6480811007,
    "researchAndDevelopmentExpenses": 0,
    "generalAndAdministrativeExpenses": 92000000,
    "sellingAndMarketingExpenses": 0,
    "sellingGeneralAndAdministrativeExpenses": 92000000,
    "otherExpenses": -48000000,
    "operatingExpenses": 44000000,
    "costAndExpenses": 530000000,
    "interestIncome": 606000000,
    "interestExpense": 79000000,
    "depreciationAndAmortization": 51000000,
    "ebitda": 891000000,
    "ebitdaratio": 0.6451846488,
    "operatingIncome": 851000000,
    "operatingIncomeRatio": 0.6162201303,
    "totalOtherIncomeExpensesNet": -90000000,
    "incomeBeforeTax": 761000000,
    "incomeBeforeTaxRatio": 0.5510499638,
    "incomeTaxExpense": 62000000,
    "netIncome": 84000000,
    "netIncomeRatio": 0.0608254888,
    "eps": 0.3175,
    "epsdiluted": 0.3125,
    "weightedAverageShsOut": 268800000,
    "weightedAverageShsOutDil": 269196000,
    "link": "https://www.sec.gov/Archives/edgar/data/1381197/000104746917001069/0001047469-17-001069-index.htm",
    "finalLink": "https://www.sec.gov/Archives/edgar/data/1381197/000104746917001069/a2231013z10-k.htm"
  },
  {
    "date": "2015-12-31",
    "symbol": "IBKR",
    "reportedCurrency": "USD",
    "cik": "0001381197",
    "fillingDate": "2016-02-29",
    "acceptedDate": "2016-02-29 08:18:42",
    "calendarYear": "2015",
    "period": "FY",
    "revenue": 1378000000,
    "costOfRevenue": 458000000,
    "grossProfit": 920000000,
    "grossProfitRatio": 0.6676342525,
    "researchAndDevelopmentExpenses": 0,
    "generalAndAdministrativeExpenses": 83000000,
    "sellingAndMarketingExpenses": 0,
    "sellingGeneralAndAdministrativeExpenses": 83000000,
    "otherExpenses": -58000000,
    "operatingExpenses": 25000000,
    "costAndExpenses": 483000000,
    "interestIncome": 492000000,
    "interestExpense": 67000000,
    "depreciationAndAmortization": 44000000,
    "ebitda": 569000000,
    "ebitdaratio": 0.4129172714,
    "operatingIncome": 895000000,
    "operatingIncomeRatio": 0.6494920174,
    "totalOtherIncomeExpensesNet": -437000000,
    "incomeBeforeTax": 458000000,
    "incomeBeforeTaxRatio": 0.3323657475,
    "incomeTaxExpense": 43000000,
    "netIncome": 49000000,
    "netIncomeRatio": 0.0355587808,
    "eps": 0.2,
    "epsdiluted": 0.195,
    "weightedAverageShsOut": 250040000,
    "weightedAverageShsOutDil": 251284000,
    "link": "https://www.sec.gov/Archives/edgar/data/1381197/000104746916010549/0001047469-16-010549-index.htm",
    "finalLink": "https://www.sec.gov/Archives/edgar/data/1381197/000104746916010549/a2227422z10-k.htm"
  },
  {
    "date": "2014-12-31",
    "symbol": "IBKR",
    "reportedCurrency": "USD",
    "cik": "0001381197",
    "fillingDate": "2015-03-02",
    "acceptedDate": "2015-03-02 17:26:45",
    "calendarYear": "2014",
    "period": "FY",
    "revenue": 1226000000,
    "costOfRevenue": 417000000,
    "grossProfit": 809000000,
    "grossProfitRatio": 0.6598694943,
    "researchAndDevelopmentExpenses": 0,
    "generalAndAdministrativeExpenses": 78000000,
    "sellingAndMarketingExpenses": 0,
    "sellingGeneralAndAdministrativeExpenses": 78000000,
    "otherExpenses": -40000000,
    "operatingExpenses": 38000000,
    "costAndExpenses": 455000000,
    "interestIncome": 416000000,
    "interestExpense": 72000000,
    "depreciationAndAmortization": 39000000,
    "ebitda": 617000000,
    "ebitdaratio": 0.5032626427,
    "operatingIncome": 771000000,
    "operatingIncomeRatio": 0.6288743883,
    "totalOtherIncomeExpensesNet": -265000000,
    "incomeBeforeTax": 506000000,
    "incomeBeforeTaxRatio": 0.4127243067,
    "incomeTaxExpense": 47000000,
    "netIncome": 45000000,
    "netIncomeRatio": 0.0367047308,
    "eps": 0.2,
    "epsdiluted": 0.1925,
    "weightedAverageShsOut": 230840000,
    "weightedAverageShsOutDil": 233768000,
    "link": "https://www.sec.gov/Archives/edgar/data/1381197/000104746915001520/0001047469-15-001520-index.htm",
    "finalLink": "https://www.sec.gov/Archives/edgar/data/1381197/000104746915001520/a2223202z10-k.htm"
  },
  {
    "date": "2013-12-31",
    "symbol": "IBKR",
    "reportedCurrency": "USD",
    "cik": "0001381197",
    "fillingDate": "2014-03-03",
    "acceptedDate": "2014-03-03 17:06:51",
    "calendarYear": "2013",
    "period": "FY",
    "revenue": 1137000000,
    "costOfRevenue": 448000000,
    "grossProfit": 689000000,
    "grossProfitRatio": 0.6059806508,
    "researchAndDevelopmentExpenses": 0,
    "generalAndAdministrativeExpenses": 71000000,
    "sellingAndMarketingExpenses": 0,
    "sellingGeneralAndAdministrativeExpenses": 71000000,
    "otherExpenses": -45000000,
    "operatingExpenses": 26000000,
    "costAndExpenses": 474000000,
    "interestIncome": 304000000,
    "interestExpense": 52000000,
    "depreciationAndAmortization": 39000000,
    "ebitda": 542000000,
    "ebitdaratio": 0.4766930519,
    "operatingIncome": 663000000,
    "operatingIncomeRatio": 0.5831134565,
    "totalOtherIncomeExpensesNet": -212000000,
    "incomeBeforeTax": 451000000,
    "incomeBeforeTaxRatio": 0.3966578716,
    "incomeTaxExpense": 33000000,
    "netIncome": 37000000,
    "netIncomeRatio": 0.0325417766,
    "eps": 0.185,
    "epsdiluted": 0.1825,
    "weightedAverageShsOut": 202740000,
    "weightedAverageShsOutDil": 203700000,
    "link": "https://www.sec.gov/Archives/edgar/data/1381197/000138119714000027/0001381197-14-000027-index.htm",
    "finalLink": "https://www.sec.gov/Archives/edgar/data/1381197/000138119714000027/ibkr_10ka.htm"
  },
  {
    "date": "2012-12-31",
    "symbol": "IBKR",
    "reportedCurrency": "USD",
    "cik": "0001381197",
    "fillingDate": "2013-03-08",
    "acceptedDate": "2013-03-08 17:04:59",
    "calendarYear": "2012",
    "period": "FY",
    "revenue": 1148906000,
    "costOfRevenue": 495494000,
    "grossProfit": 653412000,
    "grossProfitRatio": 0.5687253788,
    "researchAndDevelopmentExpenses": 0,
    "generalAndAdministrativeExpenses": 69151000,
    "sellingAndMarketingExpenses": 0,
    "sellingGeneralAndAdministrativeExpenses": 69151000,
    "otherExpenses": -37916000,
    "operatingExpenses": 31235000,
    "costAndExpenses": 526729000,
    "interestIncome": 270319000,
    "interestExpense": 61950000,
    "depreciationAndAmortization": 38875000,
    "ebitda": 627825000,
    "ebitdaratio": 0.5464546273,
    "operatingIncome": 622177000,
    "operatingIncomeRatio": 0.5415386463,
    "totalOtherIncomeExpensesNet": -95177000,
    "incomeBeforeTax": 527000000,
    "incomeBeforeTaxRatio": 0.4586972302,
    "incomeTaxExpense": 30014000,
    "netIncome": 41776000,
    "netIncomeRatio": 0.0363615474,
    "eps": 0.2225,
    "epsdiluted": 0.2225,
    "weightedAverageShsOut": 187756000,
    "weightedAverageShsOutDil": 188284000,
    "link": "https://www.sec.gov/Archives/edgar/data/1381197/000104746913002439/0001047469-13-002439-index.htm",
    "finalLink": "https://www.sec.gov/Archives/edgar/data/1381197/000104746913002439/a2213156z10-k.htm"
  },
  {
    "date": "2011-12-31",
    "symbol": "IBKR",
    "reportedCurrency": "USD",
    "cik": "0001381197",
    "fillingDate": "2012-02-29",
    "acceptedDate": "2012-02-29 16:49:06",
    "calendarYear": "2011",
    "period": "FY",
    "revenue": 1401582000,
    "costOfRevenue": 497657000,
    "grossProfit": 903925000,
    "grossProfitRatio": 0.6449319412,
    "researchAndDevelopmentExpenses": 0,
    "generalAndAdministrativeExpenses": 82501000,
    "sellingAndMarketingExpenses": 0,
    "sellingGeneralAndAdministrativeExpenses": 82501000,
    "otherExpenses": -30978000,
    "operatingExpenses": 51523000,
    "costAndExpenses": 549180000,
    "interestIncome": 280190000,
    "interestExpense": 86256000,
    "depreciationAndAmortization": 37086000,
    "ebitda": 864410000,
    "ebitdaratio": 0.6167387994,
    "operatingIncome": 852402000,
    "operatingIncomeRatio": 0.6081713378,
    "totalOtherIncomeExpensesNet": -111334000,
    "incomeBeforeTax": 744900000,
    "incomeBeforeTaxRatio": 0.5314708665,
    "incomeTaxExpense": 54100000,
    "netIncome": 690800000,
    "netIncomeRatio": 0.4928716265,
    "eps": 0.3475,
    "epsdiluted": 0.3425,
    "weightedAverageShsOut": 175484000,
    "weightedAverageShsOutDil": 178044000,
    "link": "https://www.sec.gov/Archives/edgar/data/1381197/000138119712000066/0001381197-12-000066-index.htm",
    "finalLink": "https://www.sec.gov/Archives/edgar/data/1381197/000138119712000066/ibkr_10ka.htm"
  },
  {
    "date": "2010-12-31",
    "symbol": "IBKR",
    "reportedCurrency": "USD",
    "cik": "0001381197",
    "fillingDate": "2011-02-28",
    "acceptedDate": "2011-02-28 17:28:45",
    "calendarYear": "2010",
    "period": "FY",
    "revenue": 927903000,
    "costOfRevenue": 476167000,
    "grossProfit": 451736000,
    "grossProfitRatio": 0.4868353696,
    "researchAndDevelopmentExpenses": 0,
    "generalAndAdministrativeExpenses": 71190000,
    "sellingAndMarketingExpenses": 0,
    "sellingGeneralAndAdministrativeExpenses": 71190000,
    "otherExpenses": -29403000,
    "operatingExpenses": 41787000,
    "costAndExpenses": 517954000,
    "interestIncome": 172504000,
    "interestExpense": 66209000,
    "depreciationAndAmortization": 37336000,
    "ebitda": 440960000,
    "ebitdaratio": 0.4752220868,
    "operatingIncome": 409949000,
    "operatingIncomeRatio": 0.4418015676,
    "totalOtherIncomeExpensesNet": -72534000,
    "incomeBeforeTax": 340800000,
    "incomeBeforeTaxRatio": 0.3672797695,
    "incomeTaxExpense": 60400000,
    "netIncome": 280400000,
    "netIncomeRatio": 0.3021867587,
    "eps": -0.0575,
    "epsdiluted": 0.175,
    "weightedAverageShsOut": 159152000,
    "weightedAverageShsOutDil": 159152000,
    "link": "https://www.sec.gov/Archives/edgar/data/1381197/000104746911001557/0001047469-11-001557-index.htm",
    "finalLink": "https://www.sec.gov/Archives/edgar/data/1381197/000104746911001557/a2202087z10-k.htm"
  },
  {
    "date": "2009-12-31",
    "symbol": "IBKR",
    "reportedCurrency": "USD",
    "cik": "0001381197",
    "fillingDate": "2010-02-26",
    "acceptedDate": "2010-02-26 16:51:37",
    "calendarYear": "2009",
    "period": "FY",
    "revenue": 1169773000,
    "costOfRevenue": 69433000,
    "grossProfit": 1100340000,
    "grossProfitRatio": 0.9406440395,
    "researchAndDevelopmentExpenses": 0,
    "generalAndAdministrativeExpenses": 521717000,
    "sellingAndMarketingExpenses": 0,
    "sellingGeneralAndAdministrativeExpenses": 521717000,
    "otherExpenses": 40340000,
    "operatingExpenses": 562057000,
    "costAndExpenses": 631490000,
    "interestIncome": 121618000,
    "interestExpense": 69433000,
    "depreciationAndAmortization": 21074000,
    "ebitda": 628790000,
    "ebitdaratio": 0.5375316408,
    "operatingIncome": 538283000,
    "operatingIncomeRatio": 0.4601602191,
    "totalOtherIncomeExpensesNet": 0,
    "incomeBeforeTax": 544500000,
    "incomeBeforeTaxRatio": 0.4654749255,
    "incomeTaxExpense": 54400000,
    "netIncome": 490100000,
    "netIncomeRatio": 0.4189701763,
    "eps": 0.2,
    "epsdiluted": 0.1975,
    "weightedAverageShsOut": 159328000,
    "weightedAverageShsOutDil": 159328000,
    "link": "https://www.sec.gov/Archives/edgar/data/1381197/000104746910001544/0001047469-10-001544-index.htm",
    "finalLink": "https://www.sec.gov/Archives/edgar/data/1381197/000104746910001544/a2196743z10-k.htm"
  },
  {
    "date": "2008-12-31",
    "symbol": "IBKR",
    "reportedCurrency": "USD",
    "cik": "0001381197",
    "fillingDate": "2009-03-02",
    "acceptedDate": "2009-03-02 08:10:07",
    "calendarYear": "2008",
    "period": "FY",
    "revenue": 2182325000,
    "costOfRevenue": 331968000,
    "grossProfit": 1850357000,
    "grossProfitRatio": 0.8478833354,
    "researchAndDevelopmentExpenses": 0,
    "generalAndAdministrativeExpenses": 562722000,
    "sellingAndMarketingExpenses": 0,
    "sellingGeneralAndAdministrativeExpenses": 562722000,
    "otherExpenses": 37663000,
    "operatingExpenses": 600385000,
    "costAndExpenses": 932353000,
    "interestIncome": 437172000,
    "interestExpense": 331968000,
    "depreciationAndAmortization": 17897000,
    "ebitda": 1599837000,
    "ebitdaratio": 0.7330883347,
    "operatingIncome": 1249972000,
    "operatingIncomeRatio": 0.5727707835,
    "totalOtherIncomeExpensesNet": 0,
    "incomeBeforeTax": 1249700000,
    "incomeBeforeTaxRatio": 0.5726461457,
    "incomeTaxExpense": 128400000,
    "netIncome": 1121300000,
    "netIncomeRatio": 0.5138098129,
    "eps": 0.575,
    "epsdiluted": 0.56,
    "weightedAverageShsOut": 159256000,
    "weightedAverageShsOutDil": 200284000,
    "link": "https://www.sec.gov/Archives/edgar/data/1381197/000138119709000003/0001381197-09-000003-index.htm",
    "finalLink": "https://www.sec.gov/Archives/edgar/data/1381197/000138119709000003/ibkr-2008_10k.htm"
  },
  {
    "date": "2007-12-31",
    "symbol": "IBKR",
    "reportedCurrency": "USD",
    "cik": "0001381197",
    "fillingDate": "2008-03-27",
    "acceptedDate": "2008-03-27 17:28:53",
    "calendarYear": "2007",
    "period": "FY",
    "revenue": 2023586000,
    "costOfRevenue": 555213000,
    "grossProfit": 1468373000,
    "grossProfitRatio": 0.7256291554,
    "researchAndDevelopmentExpenses": 0,
    "generalAndAdministrativeExpenses": 510111000,
    "sellingAndMarketingExpenses": 0,
    "sellingGeneralAndAdministrativeExpenses": 510111000,
    "otherExpenses": 26482000,
    "operatingExpenses": 536593000,
    "costAndExpenses": 1091806000,
    "interestIncome": 782197000,
    "interestExpense": 555213000,
    "depreciationAndAmortization": 12068000,
    "ebitda": 1499061000,
    "ebitdaratio": 0.7407943127,
    "operatingIncome": 931780000,
    "operatingIncomeRatio": 0.4604597976,
    "totalOtherIncomeExpensesNet": 0,
    "incomeBeforeTax": 931569000,
    "incomeBeforeTaxRatio": 0.4603555273,
    "incomeTaxExpense": 63037000,
    "netIncome": 868532000,
    "netIncomeRatio": 0.4292043926,
    "eps": 0.3,
    "epsdiluted": 0.29,
    "weightedAverageShsOut": 160056000,
    "weightedAverageShsOutDil": 160056000,
    "link": "https://www.sec.gov/Archives/edgar/data/1381197/000110465908020387/0001104659-08-020387-index.htm",
    "finalLink": "https://www.sec.gov/Archives/edgar/data/1381197/000110465908020387/a08-8831_110k.htm"
  },
  {
    "date": "2006-12-31",
    "symbol": "IBKR",
    "reportedCurrency": "USD",
    "cik": "0001381197",
    "fillingDate": "2006-12-31",
    "acceptedDate": "2006-12-30 19:00:00",
    "calendarYear": "2006",
    "period": "FY",
    "revenue": 1736842000,
    "costOfRevenue": 484433000,
    "grossProfit": 1252409000,
    "grossProfitRatio": 0.7210840134,
    "researchAndDevelopmentExpenses": 0,
    "generalAndAdministrativeExpenses": 468151000,
    "sellingAndMarketingExpenses": 0,
    "sellingGeneralAndAdministrativeExpenses": 468151000,
    "otherExpenses": 22697000,
    "operatingExpenses": 490848000,
    "costAndExpenses": 975281000,
    "interestIncome": 672057000,
    "interestExpense": 484433000,
    "depreciationAndAmortization": 11630000,
    "ebitda": 1257624000,
    "ebitdaratio": 0.7240865893,
    "operatingIncome": 761561000,
    "operatingIncomeRatio": 0.4384745417,
    "totalOtherIncomeExpensesNet": 0,
    "incomeBeforeTax": 761561000,
    "incomeBeforeTaxRatio": 0.4384745417,
    "incomeTaxExpense": 27392000,
    "netIncome": 734169000,
    "netIncomeRatio": 0.4227033893,
    "eps": 0.4575,
    "epsdiluted": 0.4575,
    "weightedAverageShsOut": 160076000,
    "weightedAverageShsOutDil": 160076000,
    "link": "",
    "finalLink": ""
  },
  {
    "date": "2005-12-31",
    "symbol": "IBKR",
    "reportedCurrency": "USD",
    "cik": "0001381197",
    "fillingDate": "2005-12-31",
    "acceptedDate": "2005-12-30 19:00:00",
    "calendarYear": "2005",
    "period": "FY",
    "revenue": 1099153000,
    "costOfRevenue": 170045000,
    "grossProfit": 929108000,
    "grossProfitRatio": 0.8452945131,
    "researchAndDevelopmentExpenses": 0,
    "generalAndAdministrativeExpenses": 339393000,
    "sellingAndMarketingExpenses": 0,
    "sellingGeneralAndAdministrativeExpenses": 339393000,
    "otherExpenses": 20417000,
    "operatingExpenses": 359810000,
    "costAndExpenses": 529855000,
    "interestIncome": 273222000,
    "interestExpense": 170045000,
    "depreciationAndAmortization": 10913000,
    "ebitda": 750256000,
    "ebitdaratio": 0.682576493,
    "operatingIncome": 569298000,
    "operatingIncomeRatio": 0.5179424521,
    "totalOtherIncomeExpensesNet": 0,
    "incomeBeforeTax": 569298000,
    "incomeBeforeTaxRatio": 0.5179424521,
    "incomeTaxExpense": 33778000,
    "netIncome": 535520000,
    "netIncomeRatio": 0.4872115165,
    "eps": 0.335,
    "epsdiluted": 0.335,
    "weightedAverageShsOut": 160076000,
    "weightedAverageShsOutDil": 160076000,
    "link": "",
    "finalLink": ""
  },
  {
    "date": "2004-12-31",
    "symbol": "IBKR",
    "reportedCurrency": "USD",
    "cik": "0001381197",
    "fillingDate": "2004-12-31",
    "acceptedDate": "2004-12-30 19:00:00",
    "calendarYear": "2004",
    "period": "FY",
    "revenue": 621664000,
    "costOfRevenue": 57688000,
    "grossProfit": 563976000,
    "grossProfitRatio": 0.9072038915,
    "researchAndDevelopmentExpenses": 0,
    "generalAndAdministrativeExpenses": 257618000,
    "sellingAndMarketingExpenses": 0,
    "sellingGeneralAndAdministrativeExpenses": 257618000,
    "otherExpenses": 16360000,
    "operatingExpenses": 273978000,
    "costAndExpenses": 331666000,
    "interestIncome": 79518000,
    "interestExpense": 57688000,
    "depreciationAndAmortization": 9049000,
    "ebitda": 356735000,
    "ebitdaratio": 0.5738389226,
    "operatingIncome": 289998000,
    "operatingIncomeRatio": 0.4664867195,
    "totalOtherIncomeExpensesNet": 0,
    "incomeBeforeTax": 289998000,
    "incomeBeforeTaxRatio": 0.4664867195,
    "incomeTaxExpense": 19555000,
    "netIncome": 270443000,
    "netIncomeRatio": 0.4350308205,
    "eps": 0.17,
    "epsdiluted": 0.17,
    "weightedAverageShsOut": 160076000,
    "weightedAverageShsOutDil": 160076000,
    "link": "",
    "finalLink": ""
  }
]