[
  {
    "date": "2025-06-30",
    "symbol": "IBKR",
    "reportedCurrency": "USD",
    "cik": "0001381197",
    "fillingDate": "2025-08-06",
    "acceptedDate": "2025-08-06 16:11:55",
    "calendarYear": "2025",
    "period": "Q2",
    "revenue": 2469000000,
    "costOfRevenue": 279000000,
    "grossProfit": 2190000000,
    "grossProfitRatio": 0.8869987849,
    "researchAndDevelopmentExpenses": 0,
    "generalAndAdministrativeExpenses": 72000000,
    "sellingAndMarketingExpenses": 0,
    "sellingGeneralAndAdministrativeExpenses": 72000000,
    "otherExpenses": 24000000,
    "operatingExpenses": 96000000,
    "costAndExpenses": 375000000,
    "interestIncome": 0,
    "interestExpense": 1031000000,
    "depreciationAndAmortization": 24000000,
    "ebitda": 2159000000,
    "ebitdaratio": 0.8744430944,
    "operatingIncome": 2094000000,
    "operatingIncomeRatio": 0.8481166464,
    "totalOtherIncomeExpensesNet": -990000000,
    "incomeBeforeTax": 1104000000,
    "incomeBeforeTaxRatio": 0.447144593,
    "incomeTaxExpense": 98000000,
    "netIncome": 224000000,
    "netIncomeRatio": 0.0907249899,
    "eps": 0.51,
    "epsdiluted": 0.51,
    "weightedAverageShsOut": 438457863,
    "weightedAverageShsOutDil": 441439924,
    "link": "https://www.sec.gov/Archives/edgar/data/1381197/000138119725000103/0001381197-25-000103-index.htm",
    "finalLink": "https://www.sec.gov/Archives/edgar/data/1381197/000138119725000103/ibkr-20250630x10q.htm"
  },
  {
    "date": "2025-03-31",
    "symbol": "IBKR",
    "reportedCurrency": "USD",
    "cik": "0001381197",
    "fillingDate": "2025-05-08",
    "acceptedDate": "2025-05-07 17:53:16",
    "calendarYear": "2025",
    "period": "Q1",
    "revenue": 2310000000,
    "costOfRevenue": 275000000,
    "grossProfit": 2035000000,
    "grossProfitRatio": 0.880952381,
    "researchAndDevelopmentExpenses": 0,
    "generalAndAdministrativeExpenses": 72000000,
    "sellingAndMarketingExpenses": 0,
    "sellingGeneralAndAdministrativeExpenses": 72000000,
    "otherExpenses": 24000000,
    "operatingExpenses": 96000000,
    "costAndExpenses": 371000000,
    "interestIncome": 0,
    "interestExpense": 948000000,
    "depreciationAndAmortization": 24000000,
    "ebitda": 2027000000,
    "ebitdaratio": 0.8774891775,
    "operatingIncome": 1939000000,
    "operatingIncomeRatio": 0.8393939394,
    "totalOtherIncomeExpensesNet": -884000000,
    "incomeBeforeTax": 1055000000,
    "incomeBeforeTaxRatio": 0.4567099567,
    "incomeTaxExpense": 91000000,
    "netIncome": 213000000,
    "netIncomeRatio": 0.0922077922,
    "eps": 0.49,
    "epsdiluted": 0.49,
    "weightedAverageShsOut": 432448000,
    "weightedAverageShsOutDil": 436012000,
    "link": "https://www.sec.gov/Archives/edgar/data/1381197/000138119725000052/0001381197-25-000052-index.htm",
    "finalLink": "https://www.sec.gov/Archives/edgar/data/1381197/000138119725000052/ibkr-20250331x10q.htm"
  },
  {
    "date": "2024-12-31",
    "symbol": "IBKR",
    "reportedCurrency": "USD",
    "cik": "0001381197",
    "fillingDate": "2025-03-05",
    "acceptedDate": "2025-02-27 17:02:30",
    "calendarYear": "2024",
    "period": "Q4",
    "revenue": 2421000000,
    "costOfRevenue": 253000000,
    "grossProfit": 2168000000,
    "grossProfitRatio": 0.8954977282,
    "researchAndDevelopmentExpenses": 0,
    "generalAndAdministrativeExpenses": 69000000,
    "sellingAndMarketingExpenses": 0,
    "sellingGeneralAndAdministrativeExpenses": 69000000,
    "otherExpenses": 24000000,
    "operatingExpenses": 93000000,
    "costAndExpenses": 346000000,
    "interestIncome": 0,
    "interestExpense": 1056000000,
    "depreciationAndAmortization": 24000000,
    "ebitda": 2120000000,
    "ebitdaratio": 0.8756712102,
    "operatingIncome": 2075000000,
    "operatingIncomeRatio": 0.8570838496,
    "totalOtherIncomeExpensesNet": -1035000000,
    "incomeBeforeTax": 1040000000,
    "incomeBeforeTaxRatio": 0.429574556,
    "incomeTaxExpense": 71000000,
    "netIncome": 217000000,
    "netIncomeRatio": 0.0896323833,
    "eps": 0.5,
    "epsdiluted": 0.5,
    "weightedAverageShsOut": 435540000,
    "weightedAverageShsOutDil": 438736000,
    "link": "https://www.sec.gov/Archives/edgar/data/1381197/000138119725000036/0001381197-25-000036-index.htm",
    "finalLink": "https://www.sec.gov/Archives/edgar/data/1381197/000138119725000036/ibkr-20241231x10k.htm"
  },
  {
    "date": "2024-09-30",
    "symbol": "IBKR",
    "reportedCurrency": "USD",
    "cik": "0001381197",
    "fillingDate": "2024-10-15",
    "acceptedDate": "2024-10-15 16:02:22",
    "calendarYear": "2024",
    "period": "Q3",
    "revenue": 2395000000,
    "costOfRevenue": 261000000,
    "grossProfit": 2134000000,
    "grossProfitRatio": 0.8910229645,
    "researchAndDevelopmentExpenses": 0,
    "generalAndAdministrativeExpenses": 162000000,
    "sellingAndMarketingExpenses": 0,
    "sellingGeneralAndAdministrativeExpenses": 162000000,
    "otherExpenses": 26000000,
    "operatingExpenses": 188000000,
    "costAndExpenses": 449000000,
    "interestIncome": 0,
    "interestExpense": 1086000000,
    "depreciationAndAmortization": 26000000,
    "ebitda": 2021000000,
    "ebitdaratio": 0.8438413361,
    "operatingIncome": 1946000000,
    "operatingIncomeRatio": 0.812526096,
    "totalOtherIncomeExpensesNet": -1037000000,
    "incomeBeforeTax": 909000000,
    "incomeBeforeTaxRatio": 0.3795407098,
    "incomeTaxExpense": 75000000,
    "netIncome": 184000000,
    "netIncomeRatio": 0.0768267223,
    "eps": 0.42,
    "epsdiluted": 0.42,
    "weightedAverageShsOut": 435032000,
    "weightedAverageShsOutDil": 438144000,
    "link": "https://www.sec.gov/Archives/edgar/data/1381197/000138119724000143/0001381197-24-000143-index.htm",
    "finalLink": "https://www.sec.gov/Archives/edgar/data/1381197/000138119724000143/ibkr-20240930x10q.htm"
  },
  {
    "date": "2024-06-30",
    "symbol": "IBKR",
    "reportedCurrency": "USD",
    "cik": "0001381197",
    "fillingDate": "2024-08-05",
    "acceptedDate": "2024-08-05 16:05:48",
    "calendarYear": "2024",
    "period": "Q2",
    "revenue": 2302000000,
    "costOfRevenue": 261000000,
    "grossProfit": 2041000000,
    "grossProfitRatio": 0.8866203301,
    "researchAndDevelopmentExpenses": 0,
    "generalAndAdministrativeExpenses": 62000000,
    "sellingAndMarketingExpenses": 0,
    "sellingGeneralAndAdministrativeExpenses": 62000000,
    "otherExpenses": 25000000,
    "operatingExpenses": 87000000,
    "costAndExpenses": 348000000,
    "interestIncome": 0,
    "interestExpense": 1036000000,
    "depreciationAndAmortization": 25000000,
    "ebitda": 1941000000,
    "ebitdaratio": 0.8431798436,
    "operatingIncome": 1954000000,
    "operatingIncomeRatio": 0.8488271069,
    "totalOtherIncomeExpensesNet": -1074000000,
    "incomeBeforeTax": 880000000,
    "incomeBeforeTaxRatio": 0.3822762815,
    "incomeTaxExpense": 71000000,
    "netIncome": 179000000,
    "netIncomeRatio": 0.0777584709,
    "eps": 0.4175,
    "epsdiluted": 0.4125,
    "weightedAverageShsOut": 430876000,
    "weightedAverageShsOutDil": 434508000,
    "link": "https://www.sec.gov/Archives/edgar/data/1381197/000138119724000124/0001381197-24-000124-index.htm",
    "finalLink": "https://www.sec.gov/Archives/edgar/data/1381197/000138119724000124/ibkr-20240630x10q.htm"
  },
  {
    "date": "2024-03-31",
    "symbol": "IBKR",
    "reportedCurrency": "USD",
    "cik": "0001381197",
    "fillingDate": "2024-05-06",
    "acceptedDate": "2024-05-06 16:19:22",
    "calendarYear": "2024",
    "period": "Q1",
    "revenue": 2198000000,
    "costOfRevenue": 246000000,
    "grossProfit": 1952000000,
    "grossProfitRatio": 0.8880800728,
    "researchAndDevelopmentExpenses": 0,
    "generalAndAdministrativeExpenses": 60000000,
    "sellingAndMarketingExpenses": 0,
    "sellingGeneralAndAdministrativeExpenses": 60000000,
    "otherExpenses": 26000000,
    "operatingExpenses": 86000000,
    "costAndExpenses": 332000000,
    "interestIncome": 0,
    "interestExpense": 1013000000,
    "depreciationAndAmortization": 26000000,
    "ebitda": 1905000000,
    "ebitdaratio": 0.8666969973,
    "operatingIncome": 1866000000,
    "operatingIncomeRatio": 0.8489535942,
    "totalOtherIncomeExpensesNet": -1000000000,
    "incomeBeforeTax": 866000000,
    "incomeBeforeTaxRatio": 0.3939945405,
    "incomeTaxExpense": 71000000,
    "netIncome": 175000000,
    "netIncomeRatio": 0.0796178344,
    "eps": 0.4075,
    "epsdiluted": 0.4025,
    "weightedAverageShsOut": 428284000,
    "weightedAverageShsOutDil": 432596000,
    "link": "https://www.sec.gov/Archives/edgar/data/1381197/000138119724000097/0001381197-24-000097-index.htm",
    "finalLink": "https://www.sec.gov/Archives/edgar/data/1381197/000138119724000097/ibkr-20240331x10q.htm"
  },
  {
    "date": "2023-12-31",
    "symbol": "IBKR",
    "reportedCurrency": "USD",
    "cik": "0001381197",
    "fillingDate": "2023-12-31",
    "acceptedDate": "2023-12-31 00:00:00",
    "calendarYear": "2023",
    "period": "Q4",
    "revenue": 2098000000,
    "costOfRevenue": 236000000,
    "grossProfit": 1862000000,
    "grossProfitRatio": 0.8875119161,
    "researchAndDevelopmentExpenses": 0,
    "generalAndAdministrativeExpenses": 57000000,
    "sellingAndMarketingExpenses": 0,
    "sellingGeneralAndAdministrativeExpenses": 57000000,
    "otherExpenses": 25000000,
    "operatingExpenses": 82000000,
    "costAndExpenses": 318000000,
    "interestIncome": 0,
    "interestExpense": 965000000,
    "depreciationAndAmortization": 25000000,
    "ebitda": 1806000000,
    "ebitdaratio": 0.8608198284,
    "operatingIncome": 1780000000,
    "operatingIncomeRatio": 0.8484270734,
    "totalOtherIncomeExpensesNet": -964000000,
    "incomeBeforeTax": 816000000,
    "incomeBeforeTaxRatio": 0.3889418494,
    "incomeTaxExpense": 77000000,
    "netIncome": 160000000,
    "netIncomeRatio": 0.0762631077,
    "eps": 0.375,
    "epsdiluted": 0.37,
    "weightedAverageShsOut": 428088000,
    "weightedAverageShsOutDil": 431244000,
    "link": "https://www.sec.gov/Archives/edgar/data/1381197/000138119724000083/0001381197-24-000083-index.htm",
    "finalLink": "https://www.sec.gov/Archives/edgar/data/1381197/000138119724000083/ibkr-20231231x10k.htm"
  },
  {
    "date": "2023-09-30",
    "symbol": "IBKR",
    "reportedCurrency": "USD",
    "cik": "0001381197",
    "fillingDate": "2023-11-06",
    "acceptedDate": "2023-11-06 16:20:58",
    "calendarYear": "2023",
    "period": "Q3",
    "revenue": 2028000000,
    "costOfRevenue": 225000000,
    "grossProfit": 1803000000,
    "grossProfitRatio": 0.8890532544,
    "researchAndDevelopmentExpenses": 0,
    "generalAndAdministrativeExpenses": 55000000,
    "sellingAndMarketingExpenses": 0,
    "sellingGeneralAndAdministrativeExpenses": 55000000,
    "otherExpenses": 25000000,
    "operatingExpenses": 80000000,
    "costAndExpenses": 305000000,
    "interestIncome": 0,
    "interestExpense": 910000000,
    "depreciationAndAmortization": 25000000,
    "ebitda": 1775000000,
    "ebitdaratio": 0.8752465483,
    "operatingIncome": 1723000000,
    "operatingIncomeRatio": 0.8496055227,
    "totalOtherIncomeExpensesNet": -883000000,
    "incomeBeforeTax": 840000000,
    "incomeBeforeTaxRatio": 0.4142011834,
    "incomeTaxExpense": 68000000,
    "netIncome": 167000000,
    "netIncomeRatio": 0.08234714,
    "eps": 0.3925,
    "epsdiluted": 0.39,
    "weightedAverageShsOut": 424936000,
    "weightedAverageShsOutDil": 428044000,
    "link": "https://www.sec.gov/Archives/edgar/data/1381197/000138119723000149/0001381197-23-000149-index.htm",
    "finalLink": "https://www.sec.gov/Archives/edgar/data/1381197/000138119723000149/ibkr-20230930x10q.htm"
  },
  {
    "date": "2023-06-30",
    "symbol": "IBKR",
    "reportedCurrency": "USD",
    "cik": "0001381197",
    "fillingDate": "2023-08-08",
    "acceptedDate": "2023-08-07 20:26:02",
    "calendarYear": "2023",
    "period": "Q2",
    "revenue": 1914000000,
    "costOfRevenue": 229000000,
    "grossProfit": 1685000000,
    "grossProfitRatio": 0.8803552769,
    "researchAndDevelopmentExpenses": 0,
    "generalAndAdministrativeExpenses": 95000000,
    "sellingAndMarketingExpenses": 0,
    "sellingGeneralAndAdministrativeExpenses": 95000000,
    "otherExpenses": 25000000,
    "operatingExpenses": 120000000,
    "costAndExpenses": 349000000,
    "interestIncome": 0,
    "interestExpense": 851000000,
    "depreciationAndAmortization": 25000000,
    "ebitda": 1528000000,
    "ebitdaratio": 0.7983281087,
    "operatingIncome": 1565000000,
    "operatingIncomeRatio": 0.8176593521,
    "totalOtherIncomeExpensesNet": -913000000,
    "incomeBeforeTax": 652000000,
    "incomeBeforeTaxRatio": 0.3406478579,
    "incomeTaxExpense": 51000000,
    "netIncome": 125000000,
    "netIncomeRatio": 0.065308255,
    "eps": 0.3025,
    "epsdiluted": 0.3,
    "weightedAverageShsOut": 414352000,
    "weightedAverageShsOutDil": 417856000,
    "link": "https://www.sec.gov/Archives/edgar/data/1381197/000156276223000317/0001562762-23-000317-index.htm",
    "finalLink": "https://www.sec.gov/Archives/edgar/data/1381197/000156276223000317/ibkr-20230630x10q.htm"
  },
  {
    "date": "2023-03-31",
    "symbol": "IBKR",
    "reportedCurrency": "USD",
    "cik": "0001381197",
    "fillingDate": "2023-05-08",
    "acceptedDate": "2023-05-08 16:15:45",
    "calendarYear": "2023",
    "period": "Q1",
    "revenue": 1747000000,
    "costOfRevenue": 223000000,
    "grossProfit": 1524000000,
    "grossProfitRatio": 0.8723526045,
    "researchAndDevelopmentExpenses": 0,
    "generalAndAdministrativeExpenses": 45000000,
    "sellingAndMarketingExpenses": 0,
    "sellingGeneralAndAdministrativeExpenses": 45000000,
    "otherExpenses": 24000000,
    "operatingExpenses": 69000000,
    "costAndExpenses": 292000000,
    "interestIncome": 0,
    "interestExpense": 710000000,
    "depreciationAndAmortization": 24000000,
    "ebitda": 1495000000,
    "ebitdaratio": 0.8557527189,
    "operatingIncome": 1455000000,
    "operatingIncomeRatio": 0.8328563251,
    "totalOtherIncomeExpensesNet": -694000000,
    "incomeBeforeTax": 761000000,
    "incomeBeforeTaxRatio": 0.4356038924,
    "incomeTaxExpense": 61000000,
    "netIncome": 148000000,
    "netIncomeRatio": 0.0847166571,
    "eps": 0.36,
    "epsdiluted": 0.355,
    "weightedAverageShsOut": 411836000,
    "weightedAverageShsOutDil": 416172000,
    "link": "https://www.sec.gov/Archives/edgar/data/1381197/000138119723000029/0001381197-23-000029-index.htm",
    "finalLink": "https://www.sec.gov/Archives/edgar/data/1381197/000138119723000029/ibkr-20230331x10q.htm"
  },
  {
    "date": "2022-12-31",
    "symbol": "IBKR",
    "reportedCurrency": "USD",
    "cik": "0001381197",
    "fillingDate": "2023-02-24",
    "acceptedDate": "2023-02-24 16:05:50",
    "calendarYear": "2022",
    "period": "Q4",
    "revenue": 1485000000,
    "costOfRevenue": 209000000,
    "grossProfit": 1276000000,
    "grossProfitRatio": 0.8592592593,
    "researchAndDevelopmentExpenses": 0,
    "generalAndAdministrativeExpenses": 56000000,
    "sellingAndMarketingExpenses": 0,
    "sellingGeneralAndAdministrativeExpenses": 56000000,
    "otherExpenses": -11000000,
    "operatingExpenses": 45000000,
    "costAndExpenses": 254000000,
    "interestIncome": 0,
    "interestExpense": 546000000,
    "depreciationAndAmortization": 22000000,
    "ebitda": 1257000000,
    "ebitdaratio": 0.8464646465,
    "operatingIncome": 1231000000,
    "operatingIncomeRatio": 0.828956229,
    "totalOtherIncomeExpensesNet": -542000000,
    "incomeBeforeTax": 689000000,
    "incomeBeforeTaxRatio": 0.463973064,
    "incomeTaxExpense": 56000000,
    "netIncome": 136000000,
    "netIncomeRatio": 0.0915824916,
    "eps": 0.33,
    "epsdiluted": 0.3275,
    "weightedAverageShsOut": 411500000,
    "weightedAverageShsOutDil": 414628000,
    "link": "https://www.sec.gov/Archives/edgar/data/1381197/000138119723000014/0001381197-23-000014-index.htm",
    "finalLink": "https://www.sec.gov/Archives/edgar/data/1381197/000138119723000014/ibkr-20221231x10k.htm"
  },
  {
    "date": "2022-09-30",
    "symbol": "IBKR",
    "reportedCurrency": "USD",
    "cik": "0001381197",
    "fillingDate": "2022-11-08",
    "acceptedDate": "2022-11-08 16:05:14",
    "calendarYear": "2022",
    "period": "Q3",
    "revenue": 1148000000,
    "costOfRevenue": 198000000,
    "grossProfit": 950000000,
    "grossProfitRatio": 0.8275261324,
    "researchAndDevelopmentExpenses": 0,
    "generalAndAdministrativeExpenses": 45000000,
    "sellingAndMarketingExpenses": 0,
    "sellingGeneralAndAdministrativeExpenses": 45000000,
    "otherExpenses": 23000000,
    "operatingExpenses": 68000000,
    "costAndExpenses": 266000000,
    "interestIncome": 0,
    "interestExpense": 310000000,
    "depreciationAndAmortization": 23000000,
    "ebitda": 856000000,
    "ebitdaratio": 0.7456445993,
    "operatingIncome": 882000000,
    "operatingIncomeRatio": 0.7682926829,
    "totalOtherIncomeExpensesNet": -359000000,
    "incomeBeforeTax": 523000000,
    "incomeBeforeTaxRatio": 0.4555749129,
    "incomeTaxExpense": 40000000,
    "netIncome": 99000000,
    "netIncomeRatio": 0.0862369338,
    "eps": 0.2425,
    "epsdiluted": 0.2425,
    "weightedAverageShsOut": 407276000,
    "weightedAverageShsOutDil": 410220000,
    "link": "https://www.sec.gov/Archives/edgar/data/1381197/000138119722000053/0001381197-22-000053-index.htm",
    "finalLink": "https://www.sec.gov/Archives/edgar/data/1381197/000138119722000053/ibkr-20220930x10q.htm"
  },
  {
    "date": "2022-06-30",
    "symbol": "IBKR",
    "reportedCurrency": "USD",
    "cik": "0001381197",
    "fillingDate": "2022-08-09",
    "acceptedDate": "2022-08-09 08:19:29",
    "calendarYear": "2022",
    "period": "Q2",
    "revenue": 825000000,
    "costOfRevenue": 189000000,
    "grossProfit": 636000000,
    "grossProfitRatio": 0.7709090909,
    "researchAndDevelopmentExpenses": 0,
    "generalAndAdministrativeExpenses": 51000000,
    "sellingAndMarketingExpenses": 0,
    "sellingGeneralAndAdministrativeExpenses": 51000000,
    "otherExpenses": 23000000,
    "operatingExpenses": 74000000,
    "costAndExpenses": 263000000,
    "interestIncome": 0,
    "interestExpense": 112000000,
    "depreciationAndAmortization": 23000000,
    "ebitda": 527000000,
    "ebitdaratio": 0.6387878788,
    "operatingIncome": 562000000,
    "operatingIncomeRatio": 0.6812121212,
    "totalOtherIncomeExpensesNet": -170000000,
    "incomeBeforeTax": 392000000,
    "incomeBeforeTaxRatio": 0.4751515152,
    "incomeTaxExpense": 32000000,
    "netIncome": 72000000,
    "netIncomeRatio": 0.0872727273,
    "eps": 0.1825,
    "epsdiluted": 0.18,
    "weightedAverageShsOut": 395416000,
    "weightedAverageShsOutDil": 398780000,
    "link": "https://www.sec.gov/Archives/edgar/data/1381197/000138119722000046/0001381197-22-000046-index.htm",
    "finalLink": "https://www.sec.gov/Archives/edgar/data/1381197/000138119722000046/ibkr-20220630x10q.htm"
  },
  {
    "date": "2022-03-31",
    "symbol": "IBKR",
    "reportedCurrency": "USD",
    "cik": "0001381197",
    "fillingDate": "2022-05-09",
    "acceptedDate": "2022-05-09 16:28:36",
    "calendarYear": "2022",
    "period": "Q1",
    "revenue": 734000000,
    "costOfRevenue": 182000000,
    "grossProfit": 552000000,
    "grossProfitRatio": 0.7520435967,
    "researchAndDevelopmentExpenses": 0,
    "generalAndAdministrativeExpenses": 46000000,
    "sellingAndMarketingExpenses": 0,
    "sellingGeneralAndAdministrativeExpenses": 46000000,
    "otherExpenses": 20000000,
    "operatingExpenses": 66000000,
    "costAndExpenses": 248000000,
    "interestIncome": 0,
    "interestExpense": 50000000,
    "depreciationAndAmortization": 22000000,
    "ebitda": 466000000,
    "ebitdaratio": 0.6348773842,
    "operatingIncome": 486000000,
    "operatingIncomeRatio": 0.6621253406,
    "totalOtherIncomeExpensesNet": -92000000,
    "incomeBeforeTax": 394000000,
    "incomeBeforeTaxRatio": 0.5367847411,
    "incomeTaxExpense": 28000000,
    "netIncome": 73000000,
    "netIncomeRatio": 0.0994550409,
    "eps": 0.185,
    "epsdiluted": 0.185,
    "weightedAverageShsOut": 392904000,
    "weightedAverageShsOutDil": 396900000,
    "link": "https://www.sec.gov/Archives/edgar/data/1381197/000138119722000023/0001381197-22-000023-index.htm",
    "finalLink": "https://www.sec.gov/Archives/edgar/data/1381197/000138119722000023/ibkr-20220331x10q.htm"
  },
  {
    "date": "2021-12-31",
    "symbol": "IBKR",
    "reportedCurrency": "USD",
    "cik": "0001381197",
    "fillingDate": "2022-02-25",
    "acceptedDate": "2022-02-25 17:24:08",
    "calendarYear": "2021",
    "period": "Q4",
    "revenue": 728000000,
    "costOfRevenue": 161000000,
    "grossProfit": 567000000,
    "grossProfitRatio": 0.7788461538,
    "researchAndDevelopmentExpenses": 0,
    "generalAndAdministrativeExpenses": 47000000,
    "sellingAndMarketingExpenses": 0,
    "sellingGeneralAndAdministrativeExpenses": 47000000,
    "otherExpenses": 69000000,
    "operatingExpenses": 116000000,
    "costAndExpenses": 277000000,
    "interestIncome": 0,
    "interestExpense": 55000000,
    "depreciationAndAmortization": 22000000,
    "ebitda": 450000000,
    "ebitdaratio": 0.6181318681,
    "operatingIncome": 451000000,
    "operatingIncomeRatio": 0.6195054945,
    "totalOtherIncomeExpensesNet": -78000000,
    "incomeBeforeTax": 373000000,
    "incomeBeforeTaxRatio": 0.5123626374,
    "incomeTaxExpense": 35000000,
    "netIncome": 67000000,
    "netIncomeRatio": 0.092032967,
    "eps": 0.17,
    "epsdiluted": 0.1675,
    "weightedAverageShsOut": 395920000,
    "weightedAverageShsOutDil": 400952000,
    "link": "https://www.sec.gov/Archives/edgar/data/1381197/000138119722000010/0001381197-22-000010-index.htm",
    "finalLink": "https://www.sec.gov/Archives/edgar/data/1381197/000138119722000010/ibkr-20211231x10k.htm"
  },
  {
    "date": "2021-09-30",
    "symbol": "IBKR",
    "reportedCurrency": "USD",
    "cik": "0001381197",
    "fillingDate": "2021-11-09",
    "acceptedDate": "2021-11-09 16:03:48",
    "calendarYear": "2021",
    "period": "Q3",
    "revenue": 685000000,
    "costOfRevenue": 159000000,
    "grossProfit": 526000000,
    "grossProfitRatio": 0.7678832117,
    "researchAndDevelopmentExpenses": 0,
    "generalAndAdministrativeExpenses": 52000000,
    "sellingAndMarketingExpenses": 0,
    "sellingGeneralAndAdministrativeExpenses": 52000000,
    "otherExpenses": 186000000,
    "operatingExpenses": 238000000,
    "costAndExpenses": 397000000,
    "interestIncome": 0,
    "interestExpense": 51000000,
    "depreciationAndAmortization": 19000000,
    "ebitda": 304000000,
    "ebitdaratio": 0.4437956204,
    "operatingIncome": 288000000,
    "operatingIncomeRatio": 0.4204379562,
    "totalOtherIncomeExpensesNet": -54000000,
    "incomeBeforeTax": 234000000,
    "incomeBeforeTaxRatio": 0.3416058394,
    "incomeTaxExpense": 28000000,
    "netIncome": 42000000,
    "netIncomeRatio": 0.0613138686,
    "eps": 0.11,
    "epsdiluted": 0.1075,
    "weightedAverageShsOut": 387960000,
    "weightedAverageShsOutDil": 390700000,
    "link": "https://www.sec.gov/Archives/edgar/data/1381197/000138119721000044/0001381197-21-000044-index.htm",
    "finalLink": "https://www.sec.gov/Archives/edgar/data/1381197/000138119721000044/ibkr-20210930x10q.htm"
  },
  {
    "date": "2021-06-30",
    "symbol": "IBKR",
    "reportedCurrency": "USD",
    "cik": "0001381197",
    "fillingDate": "2021-08-09",
    "acceptedDate": "2021-08-09 16:28:00",
    "calendarYear": "2021",
    "period": "Q2",
    "revenue": 669000000,
    "costOfRevenue": 150000000,
    "grossProfit": 519000000,
    "grossProfitRatio": 0.7757847534,
    "researchAndDevelopmentExpenses": 0,
    "generalAndAdministrativeExpenses": 43000000,
    "sellingAndMarketingExpenses": 0,
    "sellingGeneralAndAdministrativeExpenses": 43000000,
    "otherExpenses": 15000000,
    "operatingExpenses": 58000000,
    "costAndExpenses": 208000000,
    "interestIncome": 0,
    "interestExpense": 33000000,
    "depreciationAndAmortization": 19000000,
    "ebitda": 593000000,
    "ebitdaratio": 0.8863976084,
    "operatingIncome": 461000000,
    "operatingIncomeRatio": 0.6890881913,
    "totalOtherIncomeExpensesNet": 80000000,
    "incomeBeforeTax": 541000000,
    "incomeBeforeTaxRatio": 0.8086696562,
    "incomeTaxExpense": 35000000,
    "netIncome": 92000000,
    "netIncomeRatio": 0.1375186846,
    "eps": 0.2525,
    "epsdiluted": 0.25,
    "weightedAverageShsOut": 368000000,
    "weightedAverageShsOutDil": 368796000,
    "link": "https://www.sec.gov/Archives/edgar/data/1381197/000138119721000038/0001381197-21-000038-index.htm",
    "finalLink": "https://www.sec.gov/Archives/edgar/data/1381197/000138119721000038/ibkr-20210630x10q.htm"
  },
  {
    "date": "2021-03-31",
    "symbol": "IBKR",
    "reportedCurrency": "USD",
    "cik": "0001381197",
    "fillingDate": "2021-05-10",
    "acceptedDate": "2021-05-10 16:05:44",
    "calendarYear": "2021",
    "period": "Q1",
    "revenue": 858000000,
    "costOfRevenue": 165000000,
    "grossProfit": 693000000,
    "grossProfitRatio": 0.8076923077,
    "researchAndDevelopmentExpenses": 0,
    "generalAndAdministrativeExpenses": 67000000,
    "sellingAndMarketingExpenses": 0,
    "sellingGeneralAndAdministrativeExpenses": 67000000,
    "otherExpenses": 18000000,
    "operatingExpenses": 85000000,
    "costAndExpenses": 250000000,
    "interestIncome": 0,
    "interestExpense": 85000000,
    "depreciationAndAmortization": 20000000,
    "ebitda": 744000000,
    "ebitdaratio": 0.8671328671,
    "operatingIncome": 608000000,
    "operatingIncomeRatio": 0.7086247086,
    "totalOtherIncomeExpensesNet": 31000000,
    "incomeBeforeTax": 639000000,
    "incomeBeforeTaxRatio": 0.7447552448,
    "incomeTaxExpense": 53000000,
    "netIncome": 107000000,
    "netIncomeRatio": 0.1247086247,
    "eps": 0.295,
    "epsdiluted": 0.29,
    "weightedAverageShsOut": 367064000,
    "weightedAverageShsOutDil": 368964000,
    "link": "https://www.sec.gov/Archives/edgar/data/1381197/000138119721000019/0001381197-21-000019-index.htm",
    "finalLink": "https://www.sec.gov/Archives/edgar/data/1381197/000138119721000019/ibkr-20210331x10q.htm"
  },
  {
    "date": "2020-12-31",
    "symbol": "IBKR",
    "reportedCurrency": "USD",
    "cik": "0001381197",
    "fillingDate": "2021-03-01",
    "acceptedDate": "2021-03-01 06:23:58",
    "calendarYear": "2020",
    "period": "Q4",
    "revenue": 620000000,
    "costOfRevenue": 152000000,
    "grossProfit": 468000000,
    "grossProfitRatio": 0.7548387097,
    "researchAndDevelopmentExpenses": 0,
    "generalAndAdministrativeExpenses": 37000000,
    "sellingAndMarketingExpenses": 0,
    "sellingGeneralAndAdministrativeExpenses": 37000000,
    "otherExpenses": -29000000,
    "operatingExpenses": 8000000,
    "costAndExpenses": 160000000,
    "interestIncome": 0,
    "interestExpense": 55000000,
    "depreciationAndAmortization": 18000000,
    "ebitda": 465000000,
    "ebitdaratio": 0.75,
    "operatingIncome": 460000000,
    "operatingIncomeRatio": 0.7419354839,
    "totalOtherIncomeExpensesNet": -68000000,
    "incomeBeforeTax": 392000000,
    "incomeBeforeTaxRatio": 0.6322580645,
    "incomeTaxExpense": 12000000,
    "netIncome": 71000000,
    "netIncomeRatio": 0.114516129,
    "eps": 0.205,
    "epsdiluted": 0.2025,
    "weightedAverageShsOut": 348532000,
    "weightedAverageShsOutDil": 351088000,
    "link": "https://www.sec.gov/Archives/edgar/data/1381197/000138119721000008/0001381197-21-000008-index.htm",
    "finalLink": "https://www.sec.gov/Archives/edgar/data/1381197/000138119721000008/ibkr-20201231x10k.htm"
  },
  {
    "date": "2020-09-30",
    "symbol": "IBKR",
    "reportedCurrency": "USD",
    "cik": "0001381197",
    "fillingDate": "2020-11-09",
    "acceptedDate": "2020-11-09 16:03:03",
    "calendarYear": "2020",
    "period": "Q3",
    "revenue": 564000000,
    "costOfRevenue": 151000000,
    "grossProfit": 413000000,
    "grossProfitRatio": 0.7322695035,
    "researchAndDevelopmentExpenses": 0,
    "generalAndAdministrativeExpenses": 43000000,
    "sellingAndMarketingExpenses": 0,
    "sellingGeneralAndAdministrativeExpenses": 43000000,
    "otherExpenses": 15000000,
    "operatingExpenses": 58000000,
    "costAndExpenses": 209000000,
    "interestIncome": 0,
    "interestExpense": 45000000,
    "depreciationAndAmortization": 17000000,
    "ebitda": 396000000,
    "ebitdaratio": 0.7021276596,
    "operatingIncome": 355000000,
    "operatingIncomeRatio": 0.6294326241,
    "totalOtherIncomeExpensesNet": -21000000,
    "incomeBeforeTax": 334000000,
    "incomeBeforeTaxRatio": 0.5921985816,
    "incomeTaxExpense": 32000000,
    "netIncome": 46000000,
    "netIncomeRatio": 0.0815602837,
    "eps": 0.1475,
    "epsdiluted": 0.145,
    "weightedAverageShsOut": 316484000,
    "weightedAverageShsOutDil": 317240000,
    "link": "https://www.sec.gov/Archives/edgar/data/1381197/000138119720000066/0001381197-20-000066-index.htm",
    "finalLink": "https://www.sec.gov/Archives/edgar/data/1381197/000138119720000066/ibkr-20200930x10q.htm"
  },
  {
    "date": "2020-06-30",
    "symbol": "IBKR",
    "reportedCurrency": "USD",
    "cik": "0001381197",
    "fillingDate": "2020-08-07",
    "acceptedDate": "2020-08-07 20:43:36",
    "calendarYear": "2020",
    "period": "Q2",
    "revenue": 560000000,
    "costOfRevenue": 158000000,
    "grossProfit": 402000000,
    "grossProfitRatio": 0.7178571429,
    "researchAndDevelopmentExpenses": 0,
    "generalAndAdministrativeExpenses": 139000000,
    "sellingAndMarketingExpenses": 0,
    "sellingGeneralAndAdministrativeExpenses": 139000000,
    "otherExpenses": 6000000,
    "operatingExpenses": 145000000,
    "costAndExpenses": 303000000,
    "interestIncome": 0,
    "interestExpense": 48000000,
    "depreciationAndAmortization": 17000000,
    "ebitda": 287000000,
    "ebitdaratio": 0.5125,
    "operatingIncome": 257000000,
    "operatingIncomeRatio": 0.4589285714,
    "totalOtherIncomeExpensesNet": -35000000,
    "incomeBeforeTax": 222000000,
    "incomeBeforeTaxRatio": 0.3964285714,
    "incomeTaxExpense": 15000000,
    "netIncome": 32000000,
    "netIncomeRatio": 0.0571428571,
    "eps": 0.1025,
    "epsdiluted": 0.1,
    "weightedAverageShsOut": 312124000,
    "weightedAverageShsOutDil": 320000000,
    "link": "https://www.sec.gov/Archives/edgar/data/1381197/000138119720000042/0001381197-20-000042-index.htm",
    "finalLink": "https://www.sec.gov/Archives/edgar/data/1381197/000138119720000042/ibkr-20200630x10q.htm"
  },
  {
    "date": "2020-03-31",
    "symbol": "IBKR",
    "reportedCurrency": "USD",
    "cik": "0001381197",
    "fillingDate": "2020-05-11",
    "acceptedDate": "2020-05-11 16:27:48",
    "calendarYear": "2020",
    "period": "Q1",
    "revenue": 676000000,
    "costOfRevenue": 157000000,
    "grossProfit": 519000000,
    "grossProfitRatio": 0.7677514793,
    "researchAndDevelopmentExpenses": 0,
    "generalAndAdministrativeExpenses": 43000000,
    "sellingAndMarketingExpenses": 0,
    "sellingGeneralAndAdministrativeExpenses": 43000000,
    "otherExpenses": -1000000,
    "operatingExpenses": 42000000,
    "costAndExpenses": 199000000,
    "interestIncome": 0,
    "interestExpense": 113000000,
    "depreciationAndAmortization": 17000000,
    "ebitda": 438000000,
    "ebitdaratio": 0.6479289941,
    "operatingIncome": 477000000,
    "operatingIncomeRatio": 0.7056213018,
    "totalOtherIncomeExpensesNet": -169000000,
    "incomeBeforeTax": 308000000,
    "incomeBeforeTaxRatio": 0.4556213018,
    "incomeTaxExpense": 18000000,
    "netIncome": 46000000,
    "netIncomeRatio": 0.0680473373,
    "eps": 0.15,
    "epsdiluted": 0.15,
    "weightedAverageShsOut": 307004000,
    "weightedAverageShsOutDil": 310272000,
    "link": "https://www.sec.gov/Archives/edgar/data/1381197/000138119720000020/0001381197-20-000020-index.htm",
    "finalLink": "https://www.sec.gov/Archives/edgar/data/1381197/000138119720000020/ibkr-20200331x10q.htm"
  },
  {
    "date": "2019-12-31",
    "symbol": "IBKR",
    "reportedCurrency": "USD",
    "cik": "0001381197",
    "fillingDate": "2020-02-28",
    "acceptedDate": "2020-02-28 16:15:11",
    "calendarYear": "2019",
    "period": "Q4",
    "revenue": 593000000,
    "costOfRevenue": 134000000,
    "grossProfit": 459000000,
    "grossProfitRatio": 0.7740303541,
    "researchAndDevelopmentExpenses": 0,
    "generalAndAdministrativeExpenses": 38000000,
    "sellingAndMarketingExpenses": 0,
    "sellingGeneralAndAdministrativeExpenses": 38000000,
    "otherExpenses": -18000000,
    "operatingExpenses": 20000000,
    "costAndExpenses": 154000000,
    "interestIncome": 0,
    "interestExpense": 131000000,
    "depreciationAndAmortization": 17000000,
    "ebitda": 460000000,
    "ebitdaratio": 0.7757166948,
    "operatingIncome": 439000000,
    "operatingIncomeRatio": 0.7403035413,
    "totalOtherIncomeExpensesNet": -127000000,
    "incomeBeforeTax": 312000000,
    "incomeBeforeTaxRatio": 0.5261382799,
    "incomeTaxExpense": 18000000,
    "netIncome": 44000000,
    "netIncomeRatio": 0.0741989882,
    "eps": 0.1425,
    "epsdiluted": 0.1425,
    "weightedAverageShsOut": 306996000,
    "weightedAverageShsOutDil": 309428000,
    "link": "https://www.sec.gov/Archives/edgar/data/1381197/000138119720000006/0001381197-20-000006-index.htm",
    "finalLink": "https://www.sec.gov/Archives/edgar/data/1381197/000138119720000006/ibkr-20191231x10k.htm"
  },
  {
    "date": "2019-09-30",
    "symbol": "IBKR",
    "reportedCurrency": "USD",
    "cik": "0001381197",
    "fillingDate": "2019-11-12",
    "acceptedDate": "2019-11-12 08:39:03",
    "calendarYear": "2019",
    "period": "Q3",
    "revenue": 690000000,
    "costOfRevenue": 135000000,
    "grossProfit": 555000000,
    "grossProfitRatio": 0.8043478261,
    "researchAndDevelopmentExpenses": 0,
    "generalAndAdministrativeExpenses": 37000000,
    "sellingAndMarketingExpenses": 0,
    "sellingGeneralAndAdministrativeExpenses": 37000000,
    "otherExpenses": 15000000,
    "operatingExpenses": 52000000,
    "costAndExpenses": 187000000,
    "interestIncome": 0,
    "interestExpense": 177000000,
    "depreciationAndAmortization": 15000000,
    "ebitda": 473000000,
    "ebitdaratio": 0.6855072464,
    "operatingIncome": 503000000,
    "operatingIncomeRatio": 0.7289855072,
    "totalOtherIncomeExpensesNet": -222000000,
    "incomeBeforeTax": 281000000,
    "incomeBeforeTaxRatio": 0.4072463768,
    "incomeTaxExpense": 20000000,
    "netIncome": 36000000,
    "netIncomeRatio": 0.052173913,
    "eps": 0.1175,
    "epsdiluted": 0.1125,
    "weightedAverageShsOut": 309396000,
    "weightedAverageShsOutDil": 320000000,
    "link": "https://www.sec.gov/Archives/edgar/data/1381197/000138119719000093/0001381197-19-000093-index.htm",
    "finalLink": "https://www.sec.gov/Archives/edgar/data/1381197/000138119719000093/ibkr-20190930x10q.htm"
  },
  {
    "date": "2019-06-30",
    "symbol": "IBKR",
    "reportedCurrency": "USD",
    "cik": "0001381197",
    "fillingDate": "2019-08-08",
    "acceptedDate": "2019-08-08 17:17:24",
    "calendarYear": "2019",
    "period": "Q2",
    "revenue": 645000000,
    "costOfRevenue": 138000000,
    "grossProfit": 507000000,
    "grossProfitRatio": 0.7860465116,
    "researchAndDevelopmentExpenses": 0,
    "generalAndAdministrativeExpenses": 32000000,
    "sellingAndMarketingExpenses": 0,
    "sellingGeneralAndAdministrativeExpenses": 32000000,
    "otherExpenses": 67000000,
    "operatingExpenses": 99000000,
    "costAndExpenses": 237000000,
    "interestIncome": 432000000,
    "interestExpense": 173000000,
    "depreciationAndAmortization": 14000000,
    "ebitda": 412000000,
    "ebitdaratio": 0.6387596899,
    "operatingIncome": 408000000,
    "operatingIncomeRatio": 0.6325581395,
    "totalOtherIncomeExpensesNet": -183000000,
    "incomeBeforeTax": 225000000,
    "incomeBeforeTaxRatio": 0.3488372093,
    "incomeTaxExpense": 15000000,
    "netIncome": 32000000,
    "netIncomeRatio": 0.0496124031,
    "eps": 0.105,
    "epsdiluted": 0.105,
    "weightedAverageShsOut": 303472000,
    "weightedAverageShsOutDil": 306380000,
    "link": "https://www.sec.gov/Archives/edgar/data/1381197/000138119719000058/0001381197-19-000058-index.htm",
    "finalLink": "https://www.sec.gov/Archives/edgar/data/1381197/000138119719000058/ibkr-20190630x10q.htm"
  },
  {
    "date": "2019-03-31",
    "symbol": "IBKR",
    "reportedCurrency": "USD",
    "cik": "0001381197",
    "fillingDate": "2019-05-09",
    "acceptedDate": "2019-05-09 16:21:10",
    "calendarYear": "2019",
    "period": "Q1",
    "revenue": 616000000,
    "costOfRevenue": 132000000,
    "grossProfit": 484000000,
    "grossProfitRatio": 0.7857142857,
    "researchAndDevelopmentExpenses": 0,
    "generalAndAdministrativeExpenses": 30000000,
    "sellingAndMarketingExpenses": 0,
    "sellingGeneralAndAdministrativeExpenses": 30000000,
    "otherExpenses": -109000000,
    "operatingExpenses": -79000000,
    "costAndExpenses": 53000000,
    "interestIncome": 408000000,
    "interestExpense": 162000000,
    "depreciationAndAmortization": 14000000,
    "ebitda": 515000000,
    "ebitdaratio": 0.836038961,
    "operatingIncome": 563000000,
    "operatingIncomeRatio": 0.913961039,
    "totalOtherIncomeExpensesNet": -224000000,
    "incomeBeforeTax": 339000000,
    "incomeBeforeTaxRatio": 0.5503246753,
    "incomeTaxExpense": 15000000,
    "netIncome": 49000000,
    "netIncomeRatio": 0.0795454545,
    "eps": 0.1625,
    "epsdiluted": 0.16,
    "weightedAverageShsOut": 303912000,
    "weightedAverageShsOutDil": 306252000,
    "link": "https://www.sec.gov/Archives/edgar/data/1381197/000138119719000026/0001381197-19-000026-index.htm",
    "finalLink": "https://www.sec.gov/Archives/edgar/data/1381197/000138119719000026/ibkr-20190331x10q.htm"
  },
  {
    "date": "2018-12-31",
    "symbol": "IBKR",
    "reportedCurrency": "USD",
    "cik": "0001381197",
    "fillingDate": "2019-02-28",
    "acceptedDate": "2019-02-28 16:24:25",
    "calendarYear": "2018",
    "period": "Q4",
    "revenue": 597000000,
    "costOfRevenue": 136000000,
    "grossProfit": 461000000,
    "grossProfitRatio": 0.7721943049,
    "researchAndDevelopmentExpenses": 0,
    "generalAndAdministrativeExpenses": 31000000,
    "sellingAndMarketingExpenses": 0,
    "sellingGeneralAndAdministrativeExpenses": 31000000,
    "otherExpenses": -26000000,
    "operatingExpenses": 5000000,
    "costAndExpenses": 141000000,
    "interestIncome": 385000000,
    "interestExpense": 142000000,
    "depreciationAndAmortization": 14000000,
    "ebitda": 465000000,
    "ebitdaratio": 0.7788944724,
    "operatingIncome": 456000000,
    "operatingIncomeRatio": 0.7638190955,
    "totalOtherIncomeExpensesNet": -147000000,
    "incomeBeforeTax": 309000000,
    "incomeBeforeTaxRatio": 0.5175879397,
    "incomeTaxExpense": 19000000,
    "netIncome": 43000000,
    "netIncomeRatio": 0.0720268007,
    "eps": 0.1425,
    "epsdiluted": 0.1425,
    "weightedAverageShsOut": 301680000,
    "weightedAverageShsOutDil": 303240000,
    "link": "https://www.sec.gov/Archives/edgar/data/1381197/000114036119004097/0001140361-19-004097-index.htm",
    "finalLink": "https://www.sec.gov/Archives/edgar/data/1381197/000114036119004097/bp15115x1_10k.htm"
  },
  {
    "date": "2018-09-30",
    "symbol": "IBKR",
    "reportedCurrency": "USD",
    "cik": "0001381197",
    "fillingDate": "2018-11-07",
    "acceptedDate": "2018-11-07 16:42:03",
    "calendarYear": "2018",
    "period": "Q3",
    "revenue": 537000000,
    "costOfRevenue": 120000000,
    "grossProfit": 417000000,
    "grossProfitRatio": 0.7765363128,
    "researchAndDevelopmentExpenses": 0,
    "generalAndAdministrativeExpenses": 32000000,
    "sellingAndMarketingExpenses": 0,
    "sellingGeneralAndAdministrativeExpenses": 32000000,
    "otherExpenses": -29000000,
    "operatingExpenses": 3000000,
    "costAndExpenses": 123000000,
    "interestIncome": 363000000,
    "interestExpense": 119000000,
    "depreciationAndAmortization": 12000000,
    "ebitda": 407000000,
    "ebitdaratio": 0.7579143389,
    "operatingIncome": 414000000,
    "operatingIncomeRatio": 0.7709497207,
    "totalOtherIncomeExpensesNet": -138000000,
    "incomeBeforeTax": 276000000,
    "incomeBeforeTaxRatio": 0.5139664804,
    "incomeTaxExpense": 18000000,
    "netIncome": 39000000,
    "netIncomeRatio": 0.0726256983,
    "eps": 0.13,
    "epsdiluted": 0.1275,
    "weightedAverageShsOut": 301440000,
    "weightedAverageShsOutDil": 305884000,
    "link": "https://www.sec.gov/Archives/edgar/data/1381197/000138119718000061/0001381197-18-000061-index.htm",
    "finalLink": "https://www.sec.gov/Archives/edgar/data/1381197/000138119718000061/ibkr-20180930x10q.htm"
  },
  {
    "date": "2018-06-30",
    "symbol": "IBKR",
    "reportedCurrency": "USD",
    "cik": "0001381197",
    "fillingDate": "2018-08-08",
    "acceptedDate": "2018-08-08 17:02:57",
    "calendarYear": "2018",
    "period": "Q2",
    "revenue": 530000000,
    "costOfRevenue": 134000000,
    "grossProfit": 396000000,
    "grossProfitRatio": 0.7471698113,
    "researchAndDevelopmentExpenses": 0,
    "generalAndAdministrativeExpenses": 29000000,
    "sellingAndMarketingExpenses": 0,
    "sellingGeneralAndAdministrativeExpenses": 29000000,
    "otherExpenses": -24000000,
    "operatingExpenses": 5000000,
    "costAndExpenses": 139000000,
    "interestIncome": 333000000,
    "interestExpense": 108000000,
    "depreciationAndAmortization": 11000000,
    "ebitda": 390000000,
    "ebitdaratio": 0.7358490566,
    "operatingIncome": 391000000,
    "operatingIncomeRatio": 0.7377358491,
    "totalOtherIncomeExpensesNet": -120000000,
    "incomeBeforeTax": 271000000,
    "incomeBeforeTaxRatio": 0.5113207547,
    "incomeTaxExpense": 13000000,
    "netIncome": 41000000,
    "netIncomeRatio": 0.0773584906,
    "eps": 0.1425,
    "epsdiluted": 0.1425,
    "weightedAverageShsOut": 289908000,
    "weightedAverageShsOutDil": 293316000,
    "link": "https://www.sec.gov/Archives/edgar/data/1381197/000138119718000040/0001381197-18-000040-index.htm",
    "finalLink": "https://www.sec.gov/Archives/edgar/data/1381197/000138119718000040/ibkr-20180630x10q.htm"
  },
  {
    "date": "2018-03-31",
    "symbol": "IBKR",
    "reportedCurrency": "USD",
    "cik": "0001381197",
    "fillingDate": "2018-05-09",
    "acceptedDate": "2018-05-09 16:42:39",
    "calendarYear": "2018",
    "period": "Q1",
    "revenue": 544000000,
    "costOfRevenue": 143000000,
    "grossProfit": 401000000,
    "grossProfitRatio": 0.7371323529,
    "researchAndDevelopmentExpenses": 0,
    "generalAndAdministrativeExpenses": 29000000,
    "sellingAndMarketingExpenses": 0,
    "sellingGeneralAndAdministrativeExpenses": 29000000,
    "otherExpenses": -25000000,
    "operatingExpenses": 4000000,
    "costAndExpenses": 147000000,
    "interestIncome": 311000000,
    "interestExpense": 94000000,
    "depreciationAndAmortization": 12000000,
    "ebitda": 446000000,
    "ebitdaratio": 0.8198529412,
    "operatingIncome": 397000000,
    "operatingIncomeRatio": 0.7297794118,
    "totalOtherIncomeExpensesNet": -57000000,
    "incomeBeforeTax": 340000000,
    "incomeBeforeTaxRatio": 0.625,
    "incomeTaxExpense": 21000000,
    "netIncome": 46000000,
    "netIncomeRatio": 0.0845588235,
    "eps": 0.16,
    "epsdiluted": 0.1575,
    "weightedAverageShsOut": 290048000,
    "weightedAverageShsOutDil": 292064000,
    "link": "https://www.sec.gov/Archives/edgar/data/1381197/000138119718000017/0001381197-18-000017-index.htm",
    "finalLink": "https://www.sec.gov/Archives/edgar/data/1381197/000138119718000017/ibkr-20180331x10q.htm"
  },
  {
    "date": "2017-12-31",
    "symbol": "IBKR",
    "reportedCurrency": "USD",
    "cik": "0001381197",
    "fillingDate": "2018-03-01",
    "acceptedDate": "2018-02-28 19:54:54",
    "calendarYear": "2017",
    "period": "Q4",
    "revenue": 466000000,
    "costOfRevenue": 113000000,
    "grossProfit": 353000000,
    "grossProfitRatio": 0.7575107296,
    "researchAndDevelopmentExpenses": 0,
    "generalAndAdministrativeExpenses": 25000000,
    "sellingAndMarketingExpenses": 0,
    "sellingGeneralAndAdministrativeExpenses": 25000000,
    "otherExpenses": -114000000,
    "operatingExpenses": -89000000,
    "costAndExpenses": 24000000,
    "interestIncome": 282000000,
    "interestExpense": 78000000,
    "depreciationAndAmortization": 13000000,
    "ebitda": 455000000,
    "ebitdaratio": 0.9763948498,
    "operatingIncome": 442000000,
    "operatingIncomeRatio": 0.9484978541,
    "totalOtherIncomeExpensesNet": -78000000,
    "incomeBeforeTax": 364000000,
    "incomeBeforeTaxRatio": 0.7811158798,
    "incomeTaxExpense": 200000000,
    "netIncome": -2000000,
    "netIncomeRatio": -0.0042918455,
    "eps": -0.007,
    "epsdiluted": -0.0069,
    "weightedAverageShsOut": 285900000,
    "weightedAverageShsOutDil": 289496000,
    "link": "https://www.sec.gov/Archives/edgar/data/1381197/000104746918001166/0001047469-18-001166-index.htm",
    "finalLink": "https://www.sec.gov/Archives/edgar/data/1381197/000104746918001166/a2234631z10-k.htm"
  },
  {
    "date": "2017-09-30",
    "symbol": "IBKR",
    "reportedCurrency": "USD",
    "cik": "0001381197",
    "fillingDate": "2017-11-08",
    "acceptedDate": "2017-11-08 16:21:27",
    "calendarYear": "2017",
    "period": "Q3",
    "revenue": 417000000,
    "costOfRevenue": 125000000,
    "grossProfit": 292000000,
    "grossProfitRatio": 0.7002398082,
    "researchAndDevelopmentExpenses": 0,
    "generalAndAdministrativeExpenses": 22000000,
    "sellingAndMarketingExpenses": 0,
    "sellingGeneralAndAdministrativeExpenses": 22000000,
    "otherExpenses": -28000000,
    "operatingExpenses": -6000000,
    "costAndExpenses": 119000000,
    "interestIncome": 243000000,
    "interestExpense": 61000000,
    "depreciationAndAmortization": 11000000,
    "ebitda": 340000000,
    "ebitdaratio": 0.8153477218,
    "operatingIncome": 298000000,
    "operatingIncomeRatio": 0.7146282974,
    "totalOtherIncomeExpensesNet": -30000000,
    "incomeBeforeTax": 268000000,
    "incomeBeforeTaxRatio": 0.6426858513,
    "incomeTaxExpense": 21000000,
    "netIncome": 31000000,
    "netIncomeRatio": 0.0743405276,
    "eps": 0.11,
    "epsdiluted": 0.1075,
    "weightedAverageShsOut": 287892000,
    "weightedAverageShsOutDil": 288372000,
    "link": "https://www.sec.gov/Archives/edgar/data/1381197/000138119717000035/0001381197-17-000035-index.htm",
    "finalLink": "https://www.sec.gov/Archives/edgar/data/1381197/000138119717000035/ibkr-20170930x10q.htm"
  },
  {
    "date": "2017-06-30",
    "symbol": "IBKR",
    "reportedCurrency": "USD",
    "cik": "0001381197",
    "fillingDate": "2017-08-08",
    "acceptedDate": "2017-08-08 16:56:01",
    "calendarYear": "2017",
    "period": "Q2",
    "revenue": 379000000,
    "costOfRevenue": 129000000,
    "grossProfit": 250000000,
    "grossProfitRatio": 0.6596306069,
    "researchAndDevelopmentExpenses": 0,
    "generalAndAdministrativeExpenses": 43000000,
    "sellingAndMarketingExpenses": 0,
    "sellingGeneralAndAdministrativeExpenses": 43000000,
    "otherExpenses": -20000000,
    "operatingExpenses": 23000000,
    "costAndExpenses": 152000000,
    "interestIncome": 206000000,
    "interestExpense": 51000000,
    "depreciationAndAmortization": 10000000,
    "ebitda": 265000000,
    "ebitdaratio": 0.6992084433,
    "operatingIncome": 227000000,
    "operatingIncomeRatio": 0.598944591,
    "totalOtherIncomeExpensesNet": -23000000,
    "incomeBeforeTax": 204000000,
    "incomeBeforeTaxRatio": 0.5382585752,
    "incomeTaxExpense": 17000000,
    "netIncome": 23000000,
    "netIncomeRatio": 0.0606860158,
    "eps": 0.0825,
    "epsdiluted": 0.08,
    "weightedAverageShsOut": 280252000,
    "weightedAverageShsOutDil": 287500000,
    "link": "https://www.sec.gov/Archives/edgar/data/1381197/000138119717000026/0001381197-17-000026-index.htm",
    "finalLink": "https://www.sec.gov/Archives/edgar/data/1381197/000138119717000026/ibkr-20170630x10q.htm"
  },
  {
    "date": "2017-03-31",
    "symbol": "IBKR",
    "reportedCurrency": "USD",
    "cik": "0001381197",
    "fillingDate": "2017-05-09",
    "acceptedDate": "2017-05-08 21:32:53",
    "calendarYear": "2017",
    "period": "Q1",
    "revenue": 333000000,
    "costOfRevenue": 123000000,
    "grossProfit": 210000000,
    "grossProfitRatio": 0.6306306306,
    "researchAndDevelopmentExpenses": 0,
    "generalAndAdministrativeExpenses": 24000000,
    "sellingAndMarketingExpenses": 0,
    "sellingGeneralAndAdministrativeExpenses": 24000000,
    "otherExpenses": -12000000,
    "operatingExpenses": 12000000,
    "costAndExpenses": 135000000,
    "interestIncome": 177000000,
    "interestExpense": 35000000,
    "depreciationAndAmortization": 13000000,
    "ebitda": 261000000,
    "ebitdaratio": 0.7837837838,
    "operatingIncome": 198000000,
    "operatingIncomeRatio": 0.5945945946,
    "totalOtherIncomeExpensesNet": 15000000,
    "incomeBeforeTax": 213000000,
    "incomeBeforeTaxRatio": 0.6396396396,
    "incomeTaxExpense": 18000000,
    "netIncome": 24000000,
    "netIncomeRatio": 0.0720720721,
    "eps": 0.0875,
    "epsdiluted": 0.085,
    "weightedAverageShsOut": 276632000,
    "weightedAverageShsOutDil": 282352000,
    "link": "https://www.sec.gov/Archives/edgar/data/1381197/000138119717000016/0001381197-17-000016-index.htm",
    "finalLink": "https://www.sec.gov/Archives/edgar/data/1381197/000138119717000016/ibkr-20170331x10q.htm"
  },
  {
    "date": "2016-12-31",
    "symbol": "IBKR",
    "reportedCurrency": "USD",
    "cik": "0001381197",
    "fillingDate": "2017-02-28",
    "acceptedDate": "2017-02-28 17:15:47",
    "calendarYear": "2016",
    "period": "Q4",
    "revenue": 349000000,
    "costOfRevenue": 129000000,
    "grossProfit": 220000000,
    "grossProfitRatio": 0.6303724928,
    "researchAndDevelopmentExpenses": 0,
    "generalAndAdministrativeExpenses": 23000000,
    "sellingAndMarketingExpenses": 0,
    "sellingGeneralAndAdministrativeExpenses": 23000000,
    "otherExpenses": -11000000,
    "operatingExpenses": 12000000,
    "costAndExpenses": 141000000,
    "interestIncome": 160000000,
    "interestExpense": 22000000,
    "depreciationAndAmortization": 13000000,
    "ebitda": 63000000,
    "ebitdaratio": 0.1805157593,
    "operatingIncome": 208000000,
    "operatingIncomeRatio": 0.5959885387,
    "totalOtherIncomeExpensesNet": -180000000,
    "incomeBeforeTax": 28000000,
    "incomeBeforeTaxRatio": 0.0802292264,
    "incomeTaxExpense": 7000000,
    "netIncome": 4000000,
    "netIncomeRatio": 0.0114613181,
    "eps": 0.0147,
    "epsdiluted": 0.014625,
    "weightedAverageShsOut": 273288000,
    "weightedAverageShsOutDil": 275868000,
    "link": "https://www.sec.gov/Archives/edgar/data/1381197/000104746917001069/0001047469-17-001069-index.htm",
    "finalLink": "https://www.sec.gov/Archives/edgar/data/1381197/000104746917001069/a2231013z10-k.htm"
  },
  {
    "date": "2016-09-30",
    "symbol": "IBKR",
    "reportedCurrency": "USD",
    "cik": "0001381197",
    "fillingDate": "2016-11-09",
    "acceptedDate": "2016-11-09 16:10:06",
    "calendarYear": "2016",
    "period": "Q3",
    "revenue": 339000000,
    "costOfRevenue": 120000000,
    "grossProfit": 219000000,
    "grossProfitRatio": 0.6460176991,
    "researchAndDevelopmentExpenses": 0,
    "generalAndAdministrativeExpenses": 26000000,
    "sellingAndMarketingExpenses": 0,
    "sellingGeneralAndAdministrativeExpenses": 26000000,
    "otherExpenses": -13000000,
    "operatingExpenses": 13000000,
    "costAndExpenses": 133000000,
    "interestIncome": 157000000,
    "interestExpense": 21000000,
    "depreciationAndAmortization": 13000000,
    "ebitda": 217000000,
    "ebitdaratio": 0.6401179941,
    "operatingIncome": 206000000,
    "operatingIncomeRatio": 0.6076696165,
    "totalOtherIncomeExpensesNet": -23000000,
    "incomeBeforeTax": 183000000,
    "incomeBeforeTaxRatio": 0.5398230088,
    "incomeTaxExpense": 15000000,
    "netIncome": 20000000,
    "netIncomeRatio": 0.0589970501,
    "eps": 0.075,
    "epsdiluted": 0.075,
    "weightedAverageShsOut": 268336000,
    "weightedAverageShsOutDil": 273880000,
    "link": "https://www.sec.gov/Archives/edgar/data/1381197/000138119716000096/0001381197-16-000096-index.htm",
    "finalLink": "https://www.sec.gov/Archives/edgar/data/1381197/000138119716000096/ibkr-20160930x10q.htm"
  },
  {
    "date": "2016-06-30",
    "symbol": "IBKR",
    "reportedCurrency": "USD",
    "cik": "0001381197",
    "fillingDate": "2016-08-09",
    "acceptedDate": "2016-08-09 17:10:39",
    "calendarYear": "2016",
    "period": "Q2",
    "revenue": 330000000,
    "costOfRevenue": 117000000,
    "grossProfit": 213000000,
    "grossProfitRatio": 0.6454545455,
    "researchAndDevelopmentExpenses": 0,
    "generalAndAdministrativeExpenses": 23000000,
    "sellingAndMarketingExpenses": 0,
    "sellingGeneralAndAdministrativeExpenses": 23000000,
    "otherExpenses": -11000000,
    "operatingExpenses": 12000000,
    "costAndExpenses": 129000000,
    "interestIncome": 144000000,
    "interestExpense": 18000000,
    "depreciationAndAmortization": 13000000,
    "ebitda": 244000000,
    "ebitdaratio": 0.7393939394,
    "operatingIncome": 201000000,
    "operatingIncomeRatio": 0.6090909091,
    "totalOtherIncomeExpensesNet": 12000000,
    "incomeBeforeTax": 213000000,
    "incomeBeforeTaxRatio": 0.6454545455,
    "incomeTaxExpense": 13000000,
    "netIncome": 27000000,
    "netIncomeRatio": 0.0818181818,
    "eps": 0.105,
    "epsdiluted": 0.1,
    "weightedAverageShsOut": 265884000,
    "weightedAverageShsOutDil": 270000000,
    "link": "https://www.sec.gov/Archives/edgar/data/1381197/000138119716000086/0001381197-16-000086-index.htm",
    "finalLink": "https://www.sec.gov/Archives/edgar/data/1381197/000138119716000086/ibkr-20160630x10q.htm"
  },
  {
    "date": "2016-03-31",
    "symbol": "IBKR",
    "reportedCurrency": "USD",
    "cik": "0001381197",
    "fillingDate": "2016-05-10",
    "acceptedDate": "2016-05-09 17:59:43",
    "calendarYear": "2016",
    "period": "Q1",
    "revenue": 363000000,
    "costOfRevenue": 120000000,
    "grossProfit": 243000000,
    "grossProfitRatio": 0.6694214876,
    "researchAndDevelopmentExpenses": 0,
    "generalAndAdministrativeExpenses": 20000000,
    "sellingAndMarketingExpenses": 0,
    "sellingGeneralAndAdministrativeExpenses": 20000000,
    "otherExpenses": -13000000,
    "operatingExpenses": 7000000,
    "costAndExpenses": 127000000,
    "interestIncome": 145000000,
    "interestExpense": 18000000,
    "depreciationAndAmortization": 12000000,
    "ebitda": 367000000,
    "ebitdaratio": 1.0110192837,
    "operatingIncome": 236000000,
    "operatingIncomeRatio": 0.650137741,
    "totalOtherIncomeExpensesNet": 101000000,
    "incomeBeforeTax": 337000000,
    "incomeBeforeTaxRatio": 0.9283746556,
    "incomeTaxExpense": 27000000,
    "netIncome": 33000000,
    "netIncomeRatio": 0.0909090909,
    "eps": 0.13,
    "epsdiluted": 0.1275,
    "weightedAverageShsOut": 258824000,
    "weightedAverageShsOutDil": 261024000,
    "link": "https://www.sec.gov/Archives/edgar/data/1381197/000138119716000066/0001381197-16-000066-index.htm",
    "finalLink": "https://www.sec.gov/Archives/edgar/data/1381197/000138119716000066/ibkr-20160331x10q.htm"
  },
  {
    "date": "2015-12-31",
    "symbol": "IBKR",
    "reportedCurrency": "USD",
    "cik": "0001381197",
    "fillingDate": "2016-02-29",
    "acceptedDate": "2016-02-29 08:18:42",
    "calendarYear": "2015",
    "period": "Q4",
    "revenue": 333000000,
    "costOfRevenue": 110000000,
    "grossProfit": 223000000,
    "grossProfitRatio": 0.6696696697,
    "researchAndDevelopmentExpenses": 0,
    "generalAndAdministrativeExpenses": 22000000,
    "sellingAndMarketingExpenses": 0,
    "sellingGeneralAndAdministrativeExpenses": 22000000,
    "otherExpenses": -14000000,
    "operatingExpenses": 8000000,
    "costAndExpenses": 118000000,
    "interestIncome": 136000000,
    "interestExpense": 18000000,
    "depreciationAndAmortization": 11000000,
    "ebitda": 156000000,
    "ebitdaratio": 0.4684684685,
    "operatingIncome": 215000000,
    "operatingIncomeRatio": 0.6456456456,
    "totalOtherIncomeExpensesNet": -88000000,
    "incomeBeforeTax": 127000000,
    "incomeBeforeTaxRatio": 0.3813813814,
    "incomeTaxExpense": 6000000,
    "netIncome": 17000000,
    "netIncomeRatio": 0.0510510511,
    "eps": 0.0675,
    "epsdiluted": 0.065,
    "weightedAverageShsOut": 259592000,
    "weightedAverageShsOutDil": 264236000,
    "link": "https://www.sec.gov/Archives/edgar/data/1381197/000104746916010549/0001047469-16-010549-index.htm",
    "finalLink": "https://www.sec.gov/Archives/edgar/data/1381197/000104746916010549/a2227422z10-k.htm"
  },
  {
    "date": "2015-09-30",
    "symbol": "IBKR",
    "reportedCurrency": "USD",
    "cik": "0001381197",
    "fillingDate": "2015-11-09",
    "acceptedDate": "2015-11-09 17:19:34",
    "calendarYear": "2015",
    "period": "Q3",
    "revenue": 376000000,
    "costOfRevenue": 119000000,
    "grossProfit": 257000000,
    "grossProfitRatio": 0.6835106383,
    "researchAndDevelopmentExpenses": 0,
    "generalAndAdministrativeExpenses": 19000000,
    "sellingAndMarketingExpenses": 0,
    "sellingGeneralAndAdministrativeExpenses": 19000000,
    "otherExpenses": -15000000,
    "operatingExpenses": 4000000,
    "costAndExpenses": 123000000,
    "interestIncome": 122000000,
    "interestExpense": 16000000,
    "depreciationAndAmortization": 12000000,
    "ebitda": 230000000,
    "ebitdaratio": 0.6117021277,
    "operatingIncome": 253000000,
    "operatingIncomeRatio": 0.6728723404,
    "totalOtherIncomeExpensesNet": -51000000,
    "incomeBeforeTax": 202000000,
    "incomeBeforeTaxRatio": 0.5372340426,
    "incomeTaxExpense": 20000000,
    "netIncome": 22000000,
    "netIncomeRatio": 0.0585106383,
    "eps": 0.0875,
    "epsdiluted": 0.0875,
    "weightedAverageShsOut": 251428000,
    "weightedAverageShsOutDil": 256116000,
    "link": "https://www.sec.gov/Archives/edgar/data/1381197/000138119715000040/0001381197-15-000040-index.htm",
    "finalLink": "https://www.sec.gov/Archives/edgar/data/1381197/000138119715000040/ibkr-20150930x10q.htm"
  },
  {
    "date": "2015-06-30",
    "symbol": "IBKR",
    "reportedCurrency": "USD",
    "cik": "0001381197",
    "fillingDate": "2015-08-10",
    "acceptedDate": "2015-08-10 12:58:53",
    "calendarYear": "2015",
    "period": "Q2",
    "revenue": 350000000,
    "costOfRevenue": 117000000,
    "grossProfit": 233000000,
    "grossProfitRatio": 0.6657142857,
    "researchAndDevelopmentExpenses": 0,
    "generalAndAdministrativeExpenses": 20000000,
    "sellingAndMarketingExpenses": 0,
    "sellingGeneralAndAdministrativeExpenses": 20000000,
    "otherExpenses": -16000000,
    "operatingExpenses": 4000000,
    "costAndExpenses": 121000000,
    "interestIncome": 126000000,
    "interestExpense": 18000000,
    "depreciationAndAmortization": 11000000,
    "ebitda": 269000000,
    "ebitdaratio": 0.7685714286,
    "operatingIncome": 229000000,
    "operatingIncomeRatio": 0.6542857143,
    "totalOtherIncomeExpensesNet": 11000000,
    "incomeBeforeTax": 240000000,
    "incomeBeforeTaxRatio": 0.6857142857,
    "incomeTaxExpense": 19000000,
    "netIncome": 23000000,
    "netIncomeRatio": 0.0657142857,
    "eps": 0.0975,
    "epsdiluted": 0.0925,
    "weightedAverageShsOut": 244156000,
    "weightedAverageShsOutDil": 248648000,
    "link": "https://www.sec.gov/Archives/edgar/data/1381197/000138119715000031/0001381197-15-000031-index.htm",
    "finalLink": "https://www.sec.gov/Archives/edgar/data/1381197/000138119715000031/ibkr-20150630x10q.htm"
  },
  {
    "date": "2015-03-31",
    "symbol": "IBKR",
    "reportedCurrency": "USD",
    "cik": "0001381197",
    "fillingDate": "2015-05-11",
    "acceptedDate": "2015-05-11 16:53:13",
    "calendarYear": "2015",
    "period": "Q1",
    "revenue": 319000000,
    "costOfRevenue": 112000000,
    "grossProfit": 207000000,
    "grossProfitRatio": 0.6489028213,
    "researchAndDevelopmentExpenses": 0,
    "generalAndAdministrativeExpenses": 22000000,
    "sellingAndMarketingExpenses": 0,
    "sellingGeneralAndAdministrativeExpenses": 22000000,
    "otherExpenses": -13000000,
    "operatingExpenses": 9000000,
    "costAndExpenses": 121000000,
    "interestIncome": 108000000,
    "interestExpense": 15000000,
    "depreciationAndAmortization": 10000000,
    "ebitda": -86000000,
    "ebitdaratio": -0.2695924765,
    "operatingIncome": 198000000,
    "operatingIncomeRatio": 0.6206896552,
    "totalOtherIncomeExpensesNet": -309000000,
    "incomeBeforeTax": -111000000,
    "incomeBeforeTaxRatio": -0.3479623824,
    "incomeTaxExpense": 2000000,
    "netIncome": -13000000,
    "netIncomeRatio": -0.0407523511,
    "eps": -0.055,
    "epsdiluted": -0.055,
    "weightedAverageShsOut": 233892000,
    "weightedAverageShsOutDil": 233892000,
    "link": "https://www.sec.gov/Archives/edgar/data/1381197/000138119715000020/0001381197-15-000020-index.htm",
    "finalLink": "https://www.sec.gov/Archives/edgar/data/1381197/000138119715000020/c197-20150331x10q.htm"
  },
  {
    "date": "2014-12-31",
    "symbol": "IBKR",
    "reportedCurrency": "USD",
    "cik": "0001381197",
    "fillingDate": "2015-03-02",
    "acceptedDate": "2015-03-02 17:26:45",
    "calendarYear": "2014",
    "period": "Q4",
    "revenue": 393478000,
    "costOfRevenue": 101824000,
    "grossProfit": 291654000,
    "grossProfitRatio": 0.7412206019,
    "researchAndDevelopmentExpenses": 0,
    "generalAndAdministrativeExpenses": 21418000,
    "sellingAndMarketingExpenses": 0,
    "sellingGeneralAndAdministrativeExpenses": 21418000,
    "otherExpenses": -69480000,
    "operatingExpenses": -48062000,
    "costAndExpenses": 53762000,
    "interestIncome": 112871000,
    "interestExpense": 21914000,
    "depreciationAndAmortization": 10464000,
    "ebitda": 106767000,
    "ebitdaratio": 0.2713417269,
    "operatingIncome": 339716000,
    "operatingIncomeRatio": 0.8633672022,
    "totalOtherIncomeExpensesNet": -265327000,
    "incomeBeforeTax": 74000000,
    "incomeBeforeTaxRatio": 0.188066423,
    "incomeTaxExpense": 8000000,
    "netIncome": 8000000,
    "netIncomeRatio": 0.0203315052,
    "eps": 0.035,
    "epsdiluted": 0.03,
    "weightedAverageShsOut": 261304000,
    "weightedAverageShsOutDil": 237100000,
    "link": "https://www.sec.gov/Archives/edgar/data/1381197/000104746915001520/0001047469-15-001520-index.htm",
    "finalLink": "https://www.sec.gov/Archives/edgar/data/1381197/000104746915001520/a2223202z10-k.htm"
  },
  {
    "date": "2014-09-30",
    "symbol": "IBKR",
    "reportedCurrency": "USD",
    "cik": "0001381197",
    "fillingDate": "2014-11-10",
    "acceptedDate": "2014-11-10 16:29:35",
    "calendarYear": "2014",
    "period": "Q3",
    "revenue": 298000000,
    "costOfRevenue": 101000000,
    "grossProfit": 197000000,
    "grossProfitRatio": 0.6610738255,
    "researchAndDevelopmentExpenses": 0,
    "generalAndAdministrativeExpenses": 20000000,
    "sellingAndMarketingExpenses": 0,
    "sellingGeneralAndAdministrativeExpenses": 20000000,
    "otherExpenses": -14000000,
    "operatingExpenses": 6000000,
    "costAndExpenses": 107000000,
    "interestIncome": 123000000,
    "interestExpense": 25000000,
    "depreciationAndAmortization": 9000000,
    "ebitda": 74000000,
    "ebitdaratio": 0.2483221477,
    "operatingIncome": 191000000,
    "operatingIncomeRatio": 0.6409395973,
    "totalOtherIncomeExpensesNet": -151000000,
    "incomeBeforeTax": 40000000,
    "incomeBeforeTaxRatio": 0.1342281879,
    "incomeTaxExpense": 9000000,
    "netIncome": 3000000,
    "netIncomeRatio": 0.0100671141,
    "eps": 0.013125,
    "epsdiluted": 0.0125,
    "weightedAverageShsOut": 232880000,
    "weightedAverageShsOutDil": 240000000,
    "link": "https://www.sec.gov/Archives/edgar/data/1381197/000138119714000069/0001381197-14-000069-index.htm",
    "finalLink": "https://www.sec.gov/Archives/edgar/data/1381197/000138119714000069/c197-20140930x10q.htm"
  },
  {
    "date": "2014-06-30",
    "symbol": "IBKR",
    "reportedCurrency": "USD",
    "cik": "0001381197",
    "fillingDate": "2014-08-11",
    "acceptedDate": "2014-08-11 14:21:55",
    "calendarYear": "2014",
    "period": "Q2",
    "revenue": 284000000,
    "costOfRevenue": 105000000,
    "grossProfit": 179000000,
    "grossProfitRatio": 0.6302816901,
    "researchAndDevelopmentExpenses": 0,
    "generalAndAdministrativeExpenses": 20000000,
    "sellingAndMarketingExpenses": 0,
    "sellingGeneralAndAdministrativeExpenses": 20000000,
    "otherExpenses": -10000000,
    "operatingExpenses": 10000000,
    "costAndExpenses": 115000000,
    "interestIncome": 96000000,
    "interestExpense": 12000000,
    "depreciationAndAmortization": 10000000,
    "ebitda": 196000000,
    "ebitdaratio": 0.6901408451,
    "operatingIncome": 169000000,
    "operatingIncomeRatio": 0.5950704225,
    "totalOtherIncomeExpensesNet": 5000000,
    "incomeBeforeTax": 174000000,
    "incomeBeforeTaxRatio": 0.6126760563,
    "incomeTaxExpense": 13000000,
    "netIncome": 15000000,
    "netIncomeRatio": 0.0528169014,
    "eps": 0.0675,
    "epsdiluted": 0.065,
    "weightedAverageShsOut": 229200000,
    "weightedAverageShsOutDil": 230768000,
    "link": "https://www.sec.gov/Archives/edgar/data/1381197/000138119714000051/0001381197-14-000051-index.htm",
    "finalLink": "https://www.sec.gov/Archives/edgar/data/1381197/000138119714000051/ibkr-20140630x10q.htm"
  },
  {
    "date": "2014-03-31",
    "symbol": "IBKR",
    "reportedCurrency": "USD",
    "cik": "0001381197",
    "fillingDate": "2014-05-12",
    "acceptedDate": "2014-05-12 16:15:33",
    "calendarYear": "2014",
    "period": "Q1",
    "revenue": 329000000,
    "costOfRevenue": 108000000,
    "grossProfit": 221000000,
    "grossProfitRatio": 0.6717325228,
    "researchAndDevelopmentExpenses": 0,
    "generalAndAdministrativeExpenses": 18000000,
    "sellingAndMarketingExpenses": 0,
    "sellingGeneralAndAdministrativeExpenses": 18000000,
    "otherExpenses": -8000000,
    "operatingExpenses": 10000000,
    "costAndExpenses": 118000000,
    "interestIncome": 87000000,
    "interestExpense": 14000000,
    "depreciationAndAmortization": 10000000,
    "ebitda": 242000000,
    "ebitdaratio": 0.73556231,
    "operatingIncome": 211000000,
    "operatingIncomeRatio": 0.641337386,
    "totalOtherIncomeExpensesNet": 7000000,
    "incomeBeforeTax": 218000000,
    "incomeBeforeTaxRatio": 0.6626139818,
    "incomeTaxExpense": 17000000,
    "netIncome": 19000000,
    "netIncomeRatio": 0.0577507599,
    "eps": 0.0875,
    "epsdiluted": 0.085,
    "weightedAverageShsOut": 223528000,
    "weightedAverageShsOutDil": 224164000,
    "link": "https://www.sec.gov/Archives/edgar/data/1381197/000138119714000042/0001381197-14-000042-index.htm",
    "finalLink": "https://www.sec.gov/Archives/edgar/data/1381197/000138119714000042/ibkr_10q-1q2014.htm"
  },
  {
    "date": "2013-12-31",
    "symbol": "IBKR",
    "reportedCurrency": "USD",
    "cik": "0001381197",
    "fillingDate": "2014-03-03",
    "acceptedDate": "2014-03-03 17:06:51",
    "calendarYear": "2013",
    "period": "Q4",
    "revenue": 247071000,
    "costOfRevenue": 118894000,
    "grossProfit": 128177000,
    "grossProfitRatio": 0.5187860979,
    "researchAndDevelopmentExpenses": 0,
    "generalAndAdministrativeExpenses": 81999000,
    "sellingAndMarketingExpenses": 0,
    "sellingGeneralAndAdministrativeExpenses": 81999000,
    "otherExpenses": -74166000,
    "operatingExpenses": 7833000,
    "costAndExpenses": 126727000,
    "interestIncome": 79095000,
    "interestExpense": 13084000,
    "depreciationAndAmortization": 10218000,
    "ebitda": 62049000,
    "ebitdaratio": 0.2511383368,
    "operatingIncome": 120344000,
    "operatingIncomeRatio": 0.4870826604,
    "totalOtherIncomeExpensesNet": -81597000,
    "incomeBeforeTax": 38747000,
    "incomeBeforeTaxRatio": 0.156825366,
    "incomeTaxExpense": 2446000,
    "netIncome": 3621000,
    "netIncomeRatio": 0.0146557063,
    "eps": 0.017225,
    "epsdiluted": 0.01715,
    "weightedAverageShsOut": 211052000,
    "weightedAverageShsOutDil": 214916000,
    "link": "https://www.sec.gov/Archives/edgar/data/1381197/000138119714000027/0001381197-14-000027-index.htm",
    "finalLink": "https://www.sec.gov/Archives/edgar/data/1381197/000138119714000027/ibkr_10ka.htm"
  },
  {
    "date": "2013-09-30",
    "symbol": "IBKR",
    "reportedCurrency": "USD",
    "cik": "0001381197",
    "fillingDate": "2013-11-08",
    "acceptedDate": "2013-11-08 17:02:04",
    "calendarYear": "2013",
    "period": "Q3",
    "revenue": 317617000,
    "costOfRevenue": 100258000,
    "grossProfit": 217359000,
    "grossProfitRatio": 0.6843430925,
    "researchAndDevelopmentExpenses": 0,
    "generalAndAdministrativeExpenses": 20225000,
    "sellingAndMarketingExpenses": 0,
    "sellingGeneralAndAdministrativeExpenses": 20225000,
    "otherExpenses": 9387000,
    "operatingExpenses": 29612000,
    "costAndExpenses": 129870000,
    "interestIncome": 74000000,
    "interestExpense": 12191000,
    "depreciationAndAmortization": 9387000,
    "ebitda": 217960000,
    "ebitdaratio": 0.6862353086,
    "operatingIncome": 187747000,
    "operatingIncomeRatio": 0.591111307,
    "totalOtherIncomeExpensesNet": 8635000,
    "incomeBeforeTax": 196382000,
    "incomeBeforeTaxRatio": 0.618298139,
    "incomeTaxExpense": 10414000,
    "netIncome": 16447000,
    "netIncomeRatio": 0.0517824928,
    "eps": 0.0825,
    "epsdiluted": 0.08,
    "weightedAverageShsOut": 203952000,
    "weightedAverageShsOutDil": 205588000,
    "link": "https://www.sec.gov/Archives/edgar/data/1381197/000138119713000052/0001381197-13-000052-index.htm",
    "finalLink": "https://www.sec.gov/Archives/edgar/data/1381197/000138119713000052/ibkr_10q3q2013.htm"
  },
  {
    "date": "2013-06-30",
    "symbol": "IBKR",
    "reportedCurrency": "USD",
    "cik": "0001381197",
    "fillingDate": "2013-08-09",
    "acceptedDate": "2013-08-09 13:49:42",
    "calendarYear": "2013",
    "period": "Q2",
    "revenue": 273268000,
    "costOfRevenue": 122745000,
    "grossProfit": 150523000,
    "grossProfitRatio": 0.5508255632,
    "researchAndDevelopmentExpenses": 0,
    "generalAndAdministrativeExpenses": 18036000,
    "sellingAndMarketingExpenses": 0,
    "sellingGeneralAndAdministrativeExpenses": 18036000,
    "otherExpenses": 9249000,
    "operatingExpenses": 27285000,
    "costAndExpenses": 150030000,
    "interestIncome": 76070000,
    "interestExpense": 13574000,
    "depreciationAndAmortization": 9249000,
    "ebitda": 156749000,
    "ebitdaratio": 0.5736090578,
    "operatingIncome": 123238000,
    "operatingIncomeRatio": 0.4509785266,
    "totalOtherIncomeExpensesNet": 10688000,
    "incomeBeforeTax": 133926000,
    "incomeBeforeTaxRatio": 0.4900903143,
    "incomeTaxExpense": 13890000,
    "netIncome": 10378000,
    "netIncomeRatio": 0.0379773702,
    "eps": 0.0525,
    "epsdiluted": 0.0525,
    "weightedAverageShsOut": 195720000,
    "weightedAverageShsOutDil": 196052000,
    "link": "https://www.sec.gov/Archives/edgar/data/1381197/000138119713000040/0001381197-13-000040-index.htm",
    "finalLink": "https://www.sec.gov/Archives/edgar/data/1381197/000138119713000040/ibkr10q2q.htm"
  },
  {
    "date": "2013-03-31",
    "symbol": "IBKR",
    "reportedCurrency": "USD",
    "cik": "0001381197",
    "fillingDate": "2013-05-10",
    "acceptedDate": "2013-05-10 17:00:12",
    "calendarYear": "2013",
    "period": "Q1",
    "revenue": 209034000,
    "costOfRevenue": 105858000,
    "grossProfit": 103176000,
    "grossProfitRatio": 0.4935847757,
    "researchAndDevelopmentExpenses": 0,
    "generalAndAdministrativeExpenses": 17924000,
    "sellingAndMarketingExpenses": 0,
    "sellingGeneralAndAdministrativeExpenses": 17924000,
    "otherExpenses": 10069000,
    "operatingExpenses": 27993000,
    "costAndExpenses": 133851000,
    "interestIncome": 70502000,
    "interestExpense": 12871000,
    "depreciationAndAmortization": 10069000,
    "ebitda": 105163000,
    "ebitdaratio": 0.5030904063,
    "operatingIncome": 75183000,
    "operatingIncomeRatio": 0.359668762,
    "totalOtherIncomeExpensesNet": 7040000,
    "incomeBeforeTax": 82223000,
    "incomeBeforeTaxRatio": 0.3933474937,
    "incomeTaxExpense": 6935000,
    "netIncome": 6557000,
    "netIncomeRatio": 0.0313681028,
    "eps": 0.035,
    "epsdiluted": 0.035,
    "weightedAverageShsOut": 190032000,
    "weightedAverageShsOutDil": 190784000,
    "link": "https://www.sec.gov/Archives/edgar/data/1381197/000138119713000027/0001381197-13-000027-index.htm",
    "finalLink": "https://www.sec.gov/Archives/edgar/data/1381197/000138119713000027/ibkr_10q1q2013.htm"
  },
  {
    "date": "2012-12-31",
    "symbol": "IBKR",
    "reportedCurrency": "USD",
    "cik": "0001381197",
    "fillingDate": "2013-03-08",
    "acceptedDate": "2013-03-08 17:04:59",
    "calendarYear": "2012",
    "period": "Q4",
    "revenue": 8596000,
    "costOfRevenue": 12475000,
    "grossProfit": -3879000,
    "grossProfitRatio": -0.4512563983,
    "researchAndDevelopmentExpenses": 0,
    "generalAndAdministrativeExpenses": -354520000,
    "sellingAndMarketingExpenses": 0,
    "sellingGeneralAndAdministrativeExpenses": -354520000,
    "otherExpenses": 254445000,
    "operatingExpenses": -100075000,
    "costAndExpenses": -87600000,
    "interestIncome": 67820000,
    "interestExpense": 12475000,
    "depreciationAndAmortization": 5068000,
    "ebitda": 113739000,
    "ebitdaratio": 13.2316193578,
    "operatingIncome": 96196000,
    "operatingIncomeRatio": 11.1907864123,
    "totalOtherIncomeExpensesNet": 0,
    "incomeBeforeTax": 96196000,
    "incomeBeforeTaxRatio": 11.1907864123,
    "incomeTaxExpense": 4444000,
    "netIncome": 9112000,
    "netIncomeRatio": 1.06002792,
    "eps": 0.0475,
    "epsdiluted": 0.0475,
    "weightedAverageShsOut": 190720000,
    "weightedAverageShsOutDil": 191252000,
    "link": "https://www.sec.gov/Archives/edgar/data/1381197/000104746913002439/0001047469-13-002439-index.htm",
    "finalLink": "https://www.sec.gov/Archives/edgar/data/1381197/000104746913002439/a2213156z10-k.htm"
  },
  {
    "date": "2012-09-30",
    "symbol": "IBKR",
    "reportedCurrency": "USD",
    "cik": "0001381197",
    "fillingDate": "2012-11-09",
    "acceptedDate": "2012-11-09 10:42:01",
    "calendarYear": "2012",
    "period": "Q3",
    "revenue": 315694000,
    "costOfRevenue": 119322000,
    "grossProfit": 196372000,
    "grossProfitRatio": 0.6220327279,
    "researchAndDevelopmentExpenses": 0,
    "generalAndAdministrativeExpenses": 17614000,
    "sellingAndMarketingExpenses": 0,
    "sellingGeneralAndAdministrativeExpenses": 17614000,
    "otherExpenses": 9043000,
    "operatingExpenses": 26657000,
    "costAndExpenses": 145979000,
    "interestIncome": 65410000,
    "interestExpense": 14199000,
    "depreciationAndAmortization": 9043000,
    "ebitda": 195862000,
    "ebitdaratio": 0.6204172395,
    "operatingIncome": 169715000,
    "operatingIncomeRatio": 0.5375933657,
    "totalOtherIncomeExpensesNet": 2905000,
    "incomeBeforeTax": 172600000,
    "incomeBeforeTaxRatio": 0.546731962,
    "incomeTaxExpense": 14700000,
    "netIncome": 157900000,
    "netIncomeRatio": 0.5001678841,
    "eps": 0.8225,
    "epsdiluted": 0.8225,
    "weightedAverageShsOut": 192124000,
    "weightedAverageShsOutDil": 192124000,
    "link": "https://www.sec.gov/Archives/edgar/data/1381197/000138119712000074/0001381197-12-000074-index.htm",
    "finalLink": "https://www.sec.gov/Archives/edgar/data/1381197/000138119712000074/ibkr_10q3q2012.htm"
  },
  {
    "date": "2012-06-30",
    "symbol": "IBKR",
    "reportedCurrency": "USD",
    "cik": "0001381197",
    "fillingDate": "2012-08-31",
    "acceptedDate": "2012-08-31 16:47:25",
    "calendarYear": "2012",
    "period": "Q2",
    "revenue": 261699000,
    "costOfRevenue": 125972000,
    "grossProfit": 135727000,
    "grossProfitRatio": 0.5186378244,
    "researchAndDevelopmentExpenses": 0,
    "generalAndAdministrativeExpenses": 16452000,
    "sellingAndMarketingExpenses": 0,
    "sellingGeneralAndAdministrativeExpenses": 16452000,
    "otherExpenses": 9957000,
    "operatingExpenses": 26409000,
    "costAndExpenses": 152381000,
    "interestIncome": 68621000,
    "interestExpense": 16133000,
    "depreciationAndAmortization": 9957000,
    "ebitda": 134597000,
    "ebitdaratio": 0.5143198866,
    "operatingIncome": 109318000,
    "operatingIncomeRatio": 0.4177241793,
    "totalOtherIncomeExpensesNet": -811000,
    "incomeBeforeTax": 108500000,
    "incomeBeforeTaxRatio": 0.4145984509,
    "incomeTaxExpense": 11000000,
    "netIncome": 97500000,
    "netIncomeRatio": 0.3725654282,
    "eps": 0.5275,
    "epsdiluted": 0.5275,
    "weightedAverageShsOut": 184752000,
    "weightedAverageShsOutDil": 184752000,
    "link": "https://www.sec.gov/Archives/edgar/data/1381197/000138119712000061/0001381197-12-000061-index.htm",
    "finalLink": "https://www.sec.gov/Archives/edgar/data/1381197/000138119712000061/ibkr2q10q2012.htm"
  },
  {
    "date": "2012-03-31",
    "symbol": "IBKR",
    "reportedCurrency": "USD",
    "cik": "0001381197",
    "fillingDate": "2012-05-15",
    "acceptedDate": "2012-05-15 17:07:47",
    "calendarYear": "2012",
    "period": "Q1",
    "revenue": 304741000,
    "costOfRevenue": 127349000,
    "grossProfit": 177392000,
    "grossProfitRatio": 0.5821074289,
    "researchAndDevelopmentExpenses": 0,
    "generalAndAdministrativeExpenses": 16962000,
    "sellingAndMarketingExpenses": 0,
    "sellingGeneralAndAdministrativeExpenses": 16962000,
    "otherExpenses": 9934000,
    "operatingExpenses": 26896000,
    "costAndExpenses": 154245000,
    "interestIncome": 66576000,
    "interestExpense": 19143000,
    "depreciationAndAmortization": 9934000,
    "ebitda": 178754000,
    "ebitdaratio": 0.586576798,
    "operatingIncome": 150496000,
    "operatingIncomeRatio": 0.4938488749,
    "totalOtherIncomeExpensesNet": -819000,
    "incomeBeforeTax": 149700000,
    "incomeBeforeTaxRatio": 0.4912368208,
    "incomeTaxExpense": 8700000,
    "netIncome": 141000000,
    "netIncomeRatio": 0.4626879875,
    "eps": 0.7725,
    "epsdiluted": 0.7725,
    "weightedAverageShsOut": 182564000,
    "weightedAverageShsOutDil": 182564000,
    "link": "https://www.sec.gov/Archives/edgar/data/1381197/000138119712000038/0001381197-12-000038-index.htm",
    "finalLink": "https://www.sec.gov/Archives/edgar/data/1381197/000138119712000038/q12012_10q.htm"
  },
  {
    "date": "2011-12-31",
    "symbol": "IBKR",
    "reportedCurrency": "USD",
    "cik": "0001381197",
    "fillingDate": "2012-02-29",
    "acceptedDate": "2012-02-29 16:49:06",
    "calendarYear": "2011",
    "period": "Q4",
    "revenue": 328693000,
    "costOfRevenue": 20735000,
    "grossProfit": 307958000,
    "grossProfitRatio": 0.936916819,
    "researchAndDevelopmentExpenses": 0,
    "generalAndAdministrativeExpenses": 145966000,
    "sellingAndMarketingExpenses": 0,
    "sellingGeneralAndAdministrativeExpenses": 145966000,
    "otherExpenses": 9797000,
    "operatingExpenses": 155763000,
    "costAndExpenses": 176498000,
    "interestIncome": 68433000,
    "interestExpense": 20735000,
    "depreciationAndAmortization": 5071000,
    "ebitda": 178001000,
    "ebitdaratio": 0.5415418034,
    "operatingIncome": 152195000,
    "operatingIncomeRatio": 0.4630308525,
    "totalOtherIncomeExpensesNet": 0,
    "incomeBeforeTax": 152195000,
    "incomeBeforeTaxRatio": 0.4630308525,
    "incomeTaxExpense": 7391000,
    "netIncome": 144804000,
    "netIncomeRatio": 0.4405448245,
    "eps": -2.64,
    "epsdiluted": -2.64,
    "weightedAverageShsOut": 182308000,
    "weightedAverageShsOutDil": 182308000,
    "link": "https://www.sec.gov/Archives/edgar/data/1381197/000138119712000066/0001381197-12-000066-index.htm",
    "finalLink": "https://www.sec.gov/Archives/edgar/data/1381197/000138119712000066/ibkr_10ka.htm"
  },
  {
    "date": "2011-09-30",
    "symbol": "IBKR",
    "reportedCurrency": "USD",
    "cik": "0001381197",
    "fillingDate": "2011-11-08",
    "acceptedDate": "2011-11-08 14:43:49",
    "calendarYear": "2011",
    "period": "Q3",
    "revenue": 408863000,
    "costOfRevenue": 23337000,
    "grossProfit": 385526000,
    "grossProfitRatio": 0.9429222013,
    "researchAndDevelopmentExpenses": 0,
    "generalAndAdministrativeExpenses": 158785000,
    "sellingAndMarketingExpenses": 0,
    "sellingGeneralAndAdministrativeExpenses": 158785000,
    "otherExpenses": 8984000,
    "operatingExpenses": 167769000,
    "costAndExpenses": 191106000,
    "interestIncome": 73694000,
    "interestExpense": 23337000,
    "depreciationAndAmortization": 4269000,
    "ebitda": 245363000,
    "ebitdaratio": 0.6001105505,
    "operatingIncome": 217757000,
    "operatingIncomeRatio": 0.5325916016,
    "totalOtherIncomeExpensesNet": 0,
    "incomeBeforeTax": 217800000,
    "incomeBeforeTaxRatio": 0.5326967713,
    "incomeTaxExpense": 15300000,
    "netIncome": 202487000,
    "netIncomeRatio": 0.4952441282,
    "eps": 0.12,
    "epsdiluted": 0.12,
    "weightedAverageShsOut": 160108000,
    "weightedAverageShsOutDil": 160108000,
    "link": "https://www.sec.gov/Archives/edgar/data/1381197/000138119711000057/0001381197-11-000057-index.htm",
    "finalLink": "https://www.sec.gov/Archives/edgar/data/1381197/000138119711000057/q310q2011_1.htm"
  },
  {
    "date": "2011-06-30",
    "symbol": "IBKR",
    "reportedCurrency": "USD",
    "cik": "0001381197",
    "fillingDate": "2011-08-09",
    "acceptedDate": "2011-08-09 16:07:05",
    "calendarYear": "2011",
    "period": "Q2",
    "revenue": 321377000,
    "costOfRevenue": 24437000,
    "grossProfit": 296940000,
    "grossProfitRatio": 0.9239615778,
    "researchAndDevelopmentExpenses": 0,
    "generalAndAdministrativeExpenses": 138737000,
    "sellingAndMarketingExpenses": 0,
    "sellingGeneralAndAdministrativeExpenses": 138737000,
    "otherExpenses": 9059000,
    "operatingExpenses": 147796000,
    "costAndExpenses": 172233000,
    "interestIncome": 79400000,
    "interestExpense": 24437000,
    "depreciationAndAmortization": 4414000,
    "ebitda": 177995000,
    "ebitdaratio": 0.5538510846,
    "operatingIncome": 149144000,
    "operatingIncomeRatio": 0.4640780143,
    "totalOtherIncomeExpensesNet": 0,
    "incomeBeforeTax": 149100000,
    "incomeBeforeTaxRatio": 0.4639411034,
    "incomeTaxExpense": 12500000,
    "netIncome": 136648000,
    "netIncomeRatio": 0.4251953313,
    "eps": 0.055,
    "epsdiluted": 0.055,
    "weightedAverageShsOut": 159312000,
    "weightedAverageShsOutDil": 159312000,
    "link": "https://www.sec.gov/Archives/edgar/data/1381197/000138119711000042/0001381197-11-000042-index.htm",
    "finalLink": "https://www.sec.gov/Archives/edgar/data/1381197/000138119711000042/ibkr_10qa-2q2011.htm"
  },
  {
    "date": "2011-03-31",
    "symbol": "IBKR",
    "reportedCurrency": "USD",
    "cik": "0001381197",
    "fillingDate": "2011-05-06",
    "acceptedDate": "2011-05-05 18:26:19",
    "calendarYear": "2011",
    "period": "Q1",
    "revenue": 385635000,
    "costOfRevenue": 17747000,
    "grossProfit": 367888000,
    "grossProfitRatio": 0.9539797996,
    "researchAndDevelopmentExpenses": 0,
    "generalAndAdministrativeExpenses": 136670000,
    "sellingAndMarketingExpenses": 0,
    "sellingGeneralAndAdministrativeExpenses": 136670000,
    "otherExpenses": 9246000,
    "operatingExpenses": 145916000,
    "costAndExpenses": 163663000,
    "interestIncome": 58663000,
    "interestExpense": 17747000,
    "depreciationAndAmortization": 4946000,
    "ebitda": 244665000,
    "ebitdaratio": 0.6344470808,
    "operatingIncome": 221972000,
    "operatingIncomeRatio": 0.575601281,
    "totalOtherIncomeExpensesNet": 0,
    "incomeBeforeTax": 222000000,
    "incomeBeforeTaxRatio": 0.5756738885,
    "incomeTaxExpense": 18700000,
    "netIncome": 203240000,
    "netIncomeRatio": 0.5270268518,
    "eps": 0.0975,
    "epsdiluted": 0.0975,
    "weightedAverageShsOut": 158772660,
    "weightedAverageShsOutDil": 158772660,
    "link": "https://www.sec.gov/Archives/edgar/data/1381197/000138119711000019/0001381197-11-000019-index.htm",
    "finalLink": "https://www.sec.gov/Archives/edgar/data/1381197/000138119711000019/ibkr_1q2011.htm"
  },
  {
    "date": "2010-12-31",
    "symbol": "IBKR",
    "reportedCurrency": "USD",
    "cik": "0001381197",
    "fillingDate": "2011-02-28",
    "acceptedDate": "2011-02-28 17:28:45",
    "calendarYear": "2010",
    "period": "Q4",
    "revenue": 203640000,
    "costOfRevenue": 17376000,
    "grossProfit": 186264000,
    "grossProfitRatio": 0.9146729523,
    "researchAndDevelopmentExpenses": 0,
    "generalAndAdministrativeExpenses": 134567000,
    "sellingAndMarketingExpenses": 0,
    "sellingGeneralAndAdministrativeExpenses": 134567000,
    "otherExpenses": 9787000,
    "operatingExpenses": 144354000,
    "costAndExpenses": 161730000,
    "interestIncome": 52537000,
    "interestExpense": 17376000,
    "depreciationAndAmortization": 5167000,
    "ebitda": 64453000,
    "ebitdaratio": 0.316504616,
    "operatingIncome": 41910000,
    "operatingIncomeRatio": 0.2058043606,
    "totalOtherIncomeExpensesNet": 0,
    "incomeBeforeTax": 41910000,
    "incomeBeforeTaxRatio": 0.2058043606,
    "incomeTaxExpense": 34678000,
    "netIncome": 7232000,
    "netIncomeRatio": 0.0355136515,
    "eps": -1.675,
    "epsdiluted": 0.00455,
    "weightedAverageShsOut": 159150820,
    "weightedAverageShsOutDil": 159150820,
    "link": "https://www.sec.gov/Archives/edgar/data/1381197/000104746911001557/0001047469-11-001557-index.htm",
    "finalLink": "https://www.sec.gov/Archives/edgar/data/1381197/000104746911001557/a2202087z10-k.htm"
  },
  {
    "date": "2010-09-30",
    "symbol": "IBKR",
    "reportedCurrency": "USD",
    "cik": "0001381197",
    "fillingDate": "2010-11-09",
    "acceptedDate": "2010-11-08 19:03:37",
    "calendarYear": "2010",
    "period": "Q3",
    "revenue": 315097000,
    "costOfRevenue": 15959000,
    "grossProfit": 299138000,
    "grossProfitRatio": 0.9493521043,
    "researchAndDevelopmentExpenses": 0,
    "generalAndAdministrativeExpenses": 128021000,
    "sellingAndMarketingExpenses": 0,
    "sellingGeneralAndAdministrativeExpenses": 128021000,
    "otherExpenses": 9197000,
    "operatingExpenses": 137218000,
    "costAndExpenses": 153177000,
    "interestIncome": 42350000,
    "interestExpense": 15959000,
    "depreciationAndAmortization": 4483000,
    "ebitda": 182362000,
    "ebitdaratio": 0.5787487663,
    "operatingIncome": 161920000,
    "operatingIncomeRatio": 0.5138735056,
    "totalOtherIncomeExpensesNet": 0,
    "incomeBeforeTax": 161900000,
    "incomeBeforeTaxRatio": 0.5138100331,
    "incomeTaxExpense": 13100000,
    "netIncome": 148719000,
    "netIncomeRatio": 0.4719784701,
    "eps": 0.065,
    "epsdiluted": 0.0925,
    "weightedAverageShsOut": 159528976,
    "weightedAverageShsOutDil": 159528976,
    "link": "https://www.sec.gov/Archives/edgar/data/1381197/000138119710000056/0001381197-10-000056-index.htm",
    "finalLink": "https://www.sec.gov/Archives/edgar/data/1381197/000138119710000056/ibkr3q2010_10q.htm"
  },
  {
    "date": "2010-06-30",
    "symbol": "IBKR",
    "reportedCurrency": "USD",
    "cik": "0001381197",
    "fillingDate": "2010-08-09",
    "acceptedDate": "2010-08-09 14:26:40",
    "calendarYear": "2010",
    "period": "Q2",
    "revenue": 243850000,
    "costOfRevenue": 17714000,
    "grossProfit": 226136000,
    "grossProfitRatio": 0.9273569818,
    "researchAndDevelopmentExpenses": 0,
    "generalAndAdministrativeExpenses": 144912000,
    "sellingAndMarketingExpenses": 0,
    "sellingGeneralAndAdministrativeExpenses": 144912000,
    "otherExpenses": 9148000,
    "operatingExpenses": 154060000,
    "costAndExpenses": 171774000,
    "interestIncome": 40968000,
    "interestExpense": 17714000,
    "depreciationAndAmortization": 4320000,
    "ebitda": 94110000,
    "ebitdaratio": 0.3859339758,
    "operatingIncome": 72076000,
    "operatingIncomeRatio": 0.2955751487,
    "totalOtherIncomeExpensesNet": 0,
    "incomeBeforeTax": 72100000,
    "incomeBeforeTaxRatio": 0.2956735698,
    "incomeTaxExpense": 7400000,
    "netIncome": 64768000,
    "netIncomeRatio": 0.2656059053,
    "eps": 0.0225,
    "epsdiluted": 0.0225,
    "weightedAverageShsOut": 159128000,
    "weightedAverageShsOutDil": 159128000,
    "link": "https://www.sec.gov/Archives/edgar/data/1381197/000138119710000017/0001381197-10-000017-index.htm",
    "finalLink": "https://www.sec.gov/Archives/edgar/data/1381197/000138119710000017/ibkr_2q10q2010.htm"
  },
  {
    "date": "2010-03-31",
    "symbol": "IBKR",
    "reportedCurrency": "USD",
    "cik": "0001381197",
    "fillingDate": "2010-05-06",
    "acceptedDate": "2010-05-06 17:00:32",
    "calendarYear": "2010",
    "period": "Q1",
    "revenue": 225730000,
    "costOfRevenue": 15160000,
    "grossProfit": 210570000,
    "grossProfitRatio": 0.9328401187,
    "researchAndDevelopmentExpenses": 0,
    "generalAndAdministrativeExpenses": 136453000,
    "sellingAndMarketingExpenses": 0,
    "sellingGeneralAndAdministrativeExpenses": 136453000,
    "otherExpenses": 9204000,
    "operatingExpenses": 145657000,
    "costAndExpenses": 160817000,
    "interestIncome": 36649000,
    "interestExpense": 15160000,
    "depreciationAndAmortization": 4732000,
    "ebitda": 84805000,
    "ebitdaratio": 0.3756921986,
    "operatingIncome": 64913000,
    "operatingIncomeRatio": 0.2875692199,
    "totalOtherIncomeExpensesNet": 0,
    "incomeBeforeTax": 64900000,
    "incomeBeforeTaxRatio": 0.2875116289,
    "incomeTaxExpense": 5200000,
    "netIncome": 59687000,
    "netIncomeRatio": 0.2644176671,
    "eps": 0.0225,
    "epsdiluted": 0.0375,
    "weightedAverageShsOut": 159128000,
    "weightedAverageShsOutDil": 159128000,
    "link": "https://www.sec.gov/Archives/edgar/data/1381197/000138119710000009/0001381197-10-000009-index.htm",
    "finalLink": "https://www.sec.gov/Archives/edgar/data/1381197/000138119710000009/ibkr-1q2010_10q.htm"
  },
  {
    "date": "2009-12-31",
    "symbol": "IBKR",
    "reportedCurrency": "USD",
    "cik": "0001381197",
    "fillingDate": "2010-02-26",
    "acceptedDate": "2010-02-26 16:51:37",
    "calendarYear": "2009",
    "period": "Q4",
    "revenue": 215701000,
    "costOfRevenue": 15292000,
    "grossProfit": 200409000,
    "grossProfitRatio": 0.9291055674,
    "researchAndDevelopmentExpenses": 0,
    "generalAndAdministrativeExpenses": 137409000,
    "sellingAndMarketingExpenses": 0,
    "sellingGeneralAndAdministrativeExpenses": 137409000,
    "otherExpenses": 10829000,
    "operatingExpenses": 148238000,
    "costAndExpenses": 163530000,
    "interestIncome": 31902000,
    "interestExpense": 15292000,
    "depreciationAndAmortization": 5756000,
    "ebitda": 73219000,
    "ebitdaratio": 0.3394467341,
    "operatingIncome": 52171000,
    "operatingIncomeRatio": 0.2418672143,
    "totalOtherIncomeExpensesNet": 0,
    "incomeBeforeTax": 52171000,
    "incomeBeforeTaxRatio": 0.2418672143,
    "incomeTaxExpense": 4188000,
    "netIncome": 47983000,
    "netIncomeRatio": 0.222451449,
    "eps": -0.0075,
    "epsdiluted": -0.0075,
    "weightedAverageShsOut": 159328000,
    "weightedAverageShsOutDil": 159328000,
    "link": "https://www.sec.gov/Archives/edgar/data/1381197/000104746910001544/0001047469-10-001544-index.htm",
    "finalLink": "https://www.sec.gov/Archives/edgar/data/1381197/000104746910001544/a2196743z10-k.htm"
  },
  {
    "date": "2009-09-30",
    "symbol": "IBKR",
    "reportedCurrency": "USD",
    "cik": "0001381197",
    "fillingDate": "2009-11-09",
    "acceptedDate": "2009-11-09 16:50:11",
    "calendarYear": "2009",
    "period": "Q3",
    "revenue": 286665000,
    "costOfRevenue": 15173000,
    "grossProfit": 271492000,
    "grossProfitRatio": 0.9470706225,
    "researchAndDevelopmentExpenses": 0,
    "generalAndAdministrativeExpenses": 128217000,
    "sellingAndMarketingExpenses": 0,
    "sellingGeneralAndAdministrativeExpenses": 128217000,
    "otherExpenses": 10008000,
    "operatingExpenses": 138225000,
    "costAndExpenses": 153398000,
    "interestIncome": 29902000,
    "interestExpense": 15173000,
    "depreciationAndAmortization": 5075000,
    "ebitda": 153515000,
    "ebitdaratio": 0.5355205554,
    "operatingIncome": 133267000,
    "operatingIncomeRatio": 0.4648875866,
    "totalOtherIncomeExpensesNet": 0,
    "incomeBeforeTax": 133100000,
    "incomeBeforeTaxRatio": 0.464305025,
    "incomeTaxExpense": 12900000,
    "netIncome": 120099000,
    "netIncomeRatio": 0.4189524358,
    "eps": 0.05,
    "epsdiluted": 0.05,
    "weightedAverageShsOut": 159525796,
    "weightedAverageShsOutDil": 159525796,
    "link": "https://www.sec.gov/Archives/edgar/data/1381197/000138119709000022/0001381197-09-000022-index.htm",
    "finalLink": "https://www.sec.gov/Archives/edgar/data/1381197/000138119709000022/ibkr-3q2009_10q.htm"
  },
  {
    "date": "2009-06-30",
    "symbol": "IBKR",
    "reportedCurrency": "USD",
    "cik": "0001381197",
    "fillingDate": "2009-08-10",
    "acceptedDate": "2009-08-10 16:25:10",
    "calendarYear": "2009",
    "period": "Q2",
    "revenue": 354882000,
    "costOfRevenue": 22784000,
    "grossProfit": 332098000,
    "grossProfitRatio": 0.9357983781,
    "researchAndDevelopmentExpenses": 0,
    "generalAndAdministrativeExpenses": 130048000,
    "sellingAndMarketingExpenses": 0,
    "sellingGeneralAndAdministrativeExpenses": 130048000,
    "otherExpenses": 9942000,
    "operatingExpenses": 139990000,
    "costAndExpenses": 162774000,
    "interestIncome": 33493000,
    "interestExpense": 22784000,
    "depreciationAndAmortization": 5263000,
    "ebitda": 220155000,
    "ebitdaratio": 0.6203611341,
    "operatingIncome": 192108000,
    "operatingIncomeRatio": 0.5413292306,
    "totalOtherIncomeExpensesNet": 0,
    "incomeBeforeTax": 192200000,
    "incomeBeforeTaxRatio": 0.5415884717,
    "incomeTaxExpense": 25300000,
    "netIncome": 166917000,
    "netIncomeRatio": 0.4703450724,
    "eps": 0.0775,
    "epsdiluted": 0.0775,
    "weightedAverageShsOut": 159254644,
    "weightedAverageShsOutDil": 159254644,
    "link": "https://www.sec.gov/Archives/edgar/data/1381197/000138119709000014/0001381197-09-000014-index.htm",
    "finalLink": "https://www.sec.gov/Archives/edgar/data/1381197/000138119709000014/ibkr-2q2009_10q.htm"
  },
  {
    "date": "2009-03-31",
    "symbol": "IBKR",
    "reportedCurrency": "USD",
    "cik": "0001381197",
    "fillingDate": "2009-05-11",
    "acceptedDate": "2009-05-11 14:43:41",
    "calendarYear": "2009",
    "period": "Q1",
    "revenue": 312525000,
    "costOfRevenue": 16184000,
    "grossProfit": 296341000,
    "grossProfitRatio": 0.9482153428,
    "researchAndDevelopmentExpenses": 0,
    "generalAndAdministrativeExpenses": 119833000,
    "sellingAndMarketingExpenses": 0,
    "sellingGeneralAndAdministrativeExpenses": 119833000,
    "otherExpenses": 9561000,
    "operatingExpenses": 129394000,
    "costAndExpenses": 145578000,
    "interestIncome": 26321000,
    "interestExpense": 16184000,
    "depreciationAndAmortization": 4980000,
    "ebitda": 188111000,
    "ebitdaratio": 0.6019070474,
    "operatingIncome": 166947000,
    "operatingIncomeRatio": 0.534187665,
    "totalOtherIncomeExpensesNet": 0,
    "incomeBeforeTax": 166947000,
    "incomeBeforeTaxRatio": 0.534187665,
    "incomeTaxExpense": 11832000,
    "netIncome": 155115000,
    "netIncomeRatio": 0.4963282937,
    "eps": 0.0775,
    "epsdiluted": 0.075,
    "weightedAverageShsOut": 159254644,
    "weightedAverageShsOutDil": 206820000,
    "link": "https://www.sec.gov/Archives/edgar/data/1381197/000138119709000010/0001381197-09-000010-index.htm",
    "finalLink": "https://www.sec.gov/Archives/edgar/data/1381197/000138119709000010/ibkr-1q2009_10q.htm"
  },
  {
    "date": "2008-12-31",
    "symbol": "IBKR",
    "reportedCurrency": "USD",
    "cik": "0001381197",
    "fillingDate": "2009-03-02",
    "acceptedDate": "2009-03-02 08:10:07",
    "calendarYear": "2008",
    "period": "Q4",
    "revenue": 474781000,
    "costOfRevenue": 45466000,
    "grossProfit": 429315000,
    "grossProfitRatio": 0.9042379539,
    "researchAndDevelopmentExpenses": 0,
    "generalAndAdministrativeExpenses": 150254000,
    "sellingAndMarketingExpenses": 0,
    "sellingGeneralAndAdministrativeExpenses": 150254000,
    "otherExpenses": 10016000,
    "operatingExpenses": 160270000,
    "costAndExpenses": 205736000,
    "interestIncome": 63354000,
    "interestExpense": 45466000,
    "depreciationAndAmortization": 4783000,
    "ebitda": 319294000,
    "ebitdaratio": 0.6725079563,
    "operatingIncome": 269045000,
    "operatingIncomeRatio": 0.5666717918,
    "totalOtherIncomeExpensesNet": 0,
    "incomeBeforeTax": 269045000,
    "incomeBeforeTaxRatio": 0.5666717918,
    "incomeTaxExpense": 33981000,
    "netIncome": 235064000,
    "netIncomeRatio": 0.495099846,
    "eps": 0.125,
    "epsdiluted": 0.1225,
    "weightedAverageShsOut": 156296000,
    "weightedAverageShsOutDil": 193268000,
    "link": "https://www.sec.gov/Archives/edgar/data/1381197/000138119709000003/0001381197-09-000003-index.htm",
    "finalLink": "https://www.sec.gov/Archives/edgar/data/1381197/000138119709000003/ibkr-2008_10k.htm"
  },
  {
    "date": "2008-09-30",
    "symbol": "IBKR",
    "reportedCurrency": "USD",
    "cik": "0001381197",
    "fillingDate": "2008-11-10",
    "acceptedDate": "2008-11-10 15:52:47",
    "calendarYear": "2008",
    "period": "Q3",
    "revenue": 567878000,
    "costOfRevenue": 70819000,
    "grossProfit": 497059000,
    "grossProfitRatio": 0.8752918761,
    "researchAndDevelopmentExpenses": 0,
    "generalAndAdministrativeExpenses": 139099000,
    "sellingAndMarketingExpenses": 0,
    "sellingGeneralAndAdministrativeExpenses": 139099000,
    "otherExpenses": 10506000,
    "operatingExpenses": 149605000,
    "costAndExpenses": 220424000,
    "interestIncome": 101168000,
    "interestExpense": 70819000,
    "depreciationAndAmortization": 4547000,
    "ebitda": 422820000,
    "ebitdaratio": 0.7445613318,
    "operatingIncome": 347454000,
    "operatingIncomeRatio": 0.6118462064,
    "totalOtherIncomeExpensesNet": 0,
    "incomeBeforeTax": 347400000,
    "incomeBeforeTaxRatio": 0.6117511156,
    "incomeTaxExpense": 32400000,
    "netIncome": 315070000,
    "netIncomeRatio": 0.5548198733,
    "eps": 0.1675,
    "epsdiluted": 0.1625,
    "weightedAverageShsOut": 160240000,
    "weightedAverageShsOutDil": 193888000,
    "link": "https://www.sec.gov/Archives/edgar/data/1381197/000138119708000015/0001381197-08-000015-index.htm",
    "finalLink": "https://www.sec.gov/Archives/edgar/data/1381197/000138119708000015/ibkr-3q2008_10q.htm"
  },
  {
    "date": "2008-06-30",
    "symbol": "IBKR",
    "reportedCurrency": "USD",
    "cik": "0001381197",
    "fillingDate": "2008-08-08",
    "acceptedDate": "2008-08-08 14:27:16",
    "calendarYear": "2008",
    "period": "Q2",
    "revenue": 497960000,
    "costOfRevenue": 102545000,
    "grossProfit": 395415000,
    "grossProfitRatio": 0.7940698048,
    "researchAndDevelopmentExpenses": 0,
    "generalAndAdministrativeExpenses": 127399000,
    "sellingAndMarketingExpenses": 0,
    "sellingGeneralAndAdministrativeExpenses": 127399000,
    "otherExpenses": 8616000,
    "operatingExpenses": 136015000,
    "costAndExpenses": 238560000,
    "interestIncome": 128730000,
    "interestExpense": 102545000,
    "depreciationAndAmortization": 4217000,
    "ebitda": 366162000,
    "ebitdaratio": 0.7353241224,
    "operatingIncome": 259400000,
    "operatingIncomeRatio": 0.5209253755,
    "totalOtherIncomeExpensesNet": 0,
    "incomeBeforeTax": 259361000,
    "incomeBeforeTaxRatio": 0.520847056,
    "incomeTaxExpense": 28593000,
    "netIncome": 230807000,
    "netIncomeRatio": 0.4635051008,
    "eps": 0.1125,
    "epsdiluted": 0.11,
    "weightedAverageShsOut": 160240000,
    "weightedAverageShsOutDil": 206388000,
    "link": "https://www.sec.gov/Archives/edgar/data/1381197/000138119708000010/0001381197-08-000010-index.htm",
    "finalLink": "https://www.sec.gov/Archives/edgar/data/1381197/000138119708000010/ibkr-2q2008_10q.htm"
  },
  {
    "date": "2008-03-31",
    "symbol": "IBKR",
    "reportedCurrency": "USD",
    "cik": "0001381197",
    "fillingDate": "2008-05-15",
    "acceptedDate": "2008-05-15 16:31:17",
    "calendarYear": "2008",
    "period": "Q1",
    "revenue": 641657000,
    "costOfRevenue": 113138000,
    "grossProfit": 528519000,
    "grossProfitRatio": 0.8236783827,
    "researchAndDevelopmentExpenses": 0,
    "generalAndAdministrativeExpenses": 145970000,
    "sellingAndMarketingExpenses": 0,
    "sellingGeneralAndAdministrativeExpenses": 145970000,
    "otherExpenses": 8525000,
    "operatingExpenses": 154495000,
    "costAndExpenses": 267633000,
    "interestIncome": 143920000,
    "interestExpense": 113138000,
    "depreciationAndAmortization": 4350000,
    "ebitda": 491512000,
    "ebitdaratio": 0.7660042671,
    "operatingIncome": 374024000,
    "operatingIncomeRatio": 0.5829033269,
    "totalOtherIncomeExpensesNet": 0,
    "incomeBeforeTax": 373953000,
    "incomeBeforeTaxRatio": 0.5827926758,
    "incomeTaxExpense": 33413000,
    "netIncome": 340611000,
    "netIncomeRatio": 0.5308303346,
    "eps": 0.17,
    "epsdiluted": 0.165,
    "weightedAverageShsOut": 160240000,
    "weightedAverageShsOutDil": 206432000,
    "link": "https://www.sec.gov/Archives/edgar/data/1381197/000138119708000008/0001381197-08-000008-index.htm",
    "finalLink": "https://www.sec.gov/Archives/edgar/data/1381197/000138119708000008/ibg10-q_1q2008.htm"
  },
  {
    "date": "2007-12-31",
    "symbol": "IBKR",
    "reportedCurrency": "USD",
    "cik": "0001381197",
    "fillingDate": "2008-03-27",
    "acceptedDate": "2008-03-27 17:28:53",
    "calendarYear": "2007",
    "period": "Q4",
    "revenue": 532878000,
    "costOfRevenue": 135410000,
    "grossProfit": 397468000,
    "grossProfitRatio": 0.745889303,
    "researchAndDevelopmentExpenses": 0,
    "generalAndAdministrativeExpenses": 121397000,
    "sellingAndMarketingExpenses": 0,
    "sellingGeneralAndAdministrativeExpenses": 121397000,
    "otherExpenses": 7358000,
    "operatingExpenses": 128755000,
    "costAndExpenses": 264165000,
    "interestIncome": 185040000,
    "interestExpense": 135410000,
    "depreciationAndAmortization": 3114000,
    "ebitda": 407237000,
    "ebitdaratio": 0.7642218294,
    "operatingIncome": 268713000,
    "operatingIncomeRatio": 0.5042673933,
    "totalOtherIncomeExpensesNet": 0,
    "incomeBeforeTax": 268713000,
    "incomeBeforeTaxRatio": 0.5042673933,
    "incomeTaxExpense": 24162000,
    "netIncome": 244551000,
    "netIncomeRatio": 0.4589249322,
    "eps": 0.1175,
    "epsdiluted": 0.1175,
    "weightedAverageShsOut": 160060000,
    "weightedAverageShsOutDil": 160060000,
    "link": "https://www.sec.gov/Archives/edgar/data/1381197/000110465908020387/0001104659-08-020387-index.htm",
    "finalLink": "https://www.sec.gov/Archives/edgar/data/1381197/000110465908020387/a08-8831_110k.htm"
  },
  {
    "date": "2007-09-30",
    "symbol": "IBKR",
    "reportedCurrency": "USD",
    "cik": "0001381197",
    "fillingDate": "2007-11-09",
    "acceptedDate": "2007-11-09 12:38:41",
    "calendarYear": "2007",
    "period": "Q3",
    "revenue": 587873000,
    "costOfRevenue": 142720000,
    "grossProfit": 445153000,
    "grossProfitRatio": 0.7572264758,
    "researchAndDevelopmentExpenses": 0,
    "generalAndAdministrativeExpenses": 130582000,
    "sellingAndMarketingExpenses": 0,
    "sellingGeneralAndAdministrativeExpenses": 130582000,
    "otherExpenses": 6706000,
    "operatingExpenses": 137288000,
    "costAndExpenses": 280008000,
    "interestIncome": 207547000,
    "interestExpense": 142720000,
    "depreciationAndAmortization": 3003000,
    "ebitda": 453588000,
    "ebitdaratio": 0.7715748129,
    "operatingIncome": 307865000,
    "operatingIncomeRatio": 0.5236930425,
    "totalOtherIncomeExpensesNet": 0,
    "incomeBeforeTax": 307865000,
    "incomeBeforeTaxRatio": 0.5236930425,
    "incomeTaxExpense": 27228000,
    "netIncome": 280637000,
    "netIncomeRatio": 0.4773769164,
    "eps": 0.1375,
    "epsdiluted": 0.1325,
    "weightedAverageShsOut": 160056000,
    "weightedAverageShsOutDil": 160056000,
    "link": "https://www.sec.gov/Archives/edgar/data/1381197/000104746907008843/0001047469-07-008843-index.htm",
    "finalLink": "https://www.sec.gov/Archives/edgar/data/1381197/000104746907008843/a2180930z10-q.htm"
  },
  {
    "date": "2007-06-30",
    "symbol": "IBKR",
    "reportedCurrency": "USD",
    "cik": "0001381197",
    "fillingDate": "2007-08-13",
    "acceptedDate": "2007-08-13 14:26:49",
    "calendarYear": "2007",
    "period": "Q2",
    "revenue": 438279000,
    "costOfRevenue": 143547000,
    "grossProfit": 294732000,
    "grossProfitRatio": 0.6724757517,
    "researchAndDevelopmentExpenses": 0,
    "generalAndAdministrativeExpenses": 123618000,
    "sellingAndMarketingExpenses": 0,
    "sellingGeneralAndAdministrativeExpenses": 123618000,
    "otherExpenses": 6461000,
    "operatingExpenses": 130079000,
    "costAndExpenses": 273626000,
    "interestIncome": 205091000,
    "interestExpense": 143547000,
    "depreciationAndAmortization": 2998000,
    "ebitda": 311198000,
    "ebitdaratio": 0.7100454277,
    "operatingIncome": 164653000,
    "operatingIncomeRatio": 0.3756807878,
    "totalOtherIncomeExpensesNet": 0,
    "incomeBeforeTax": 164653000,
    "incomeBeforeTaxRatio": 0.3756807878,
    "incomeTaxExpense": 5504000,
    "netIncome": 159149000,
    "netIncomeRatio": 0.3631225772,
    "eps": 0.0425,
    "epsdiluted": 0.0425,
    "weightedAverageShsOut": 160076000,
    "weightedAverageShsOutDil": 160076000,
    "link": "https://www.sec.gov/Archives/edgar/data/1381197/000110465907061803/0001104659-07-061803-index.htm",
    "finalLink": "https://www.sec.gov/Archives/edgar/data/1381197/000110465907061803/a07-20924_210q.htm"
  },
  {
    "date": "2007-03-31",
    "symbol": "IBKR",
    "reportedCurrency": "USD",
    "cik": "0001381197",
    "fillingDate": "2007-06-15",
    "acceptedDate": "2007-06-15 14:52:35",
    "calendarYear": "2007",
    "period": "Q1",
    "revenue": 464345000,
    "costOfRevenue": 133537000,
    "grossProfit": 330808000,
    "grossProfitRatio": 0.7124185681,
    "researchAndDevelopmentExpenses": 0,
    "generalAndAdministrativeExpenses": 134512000,
    "sellingAndMarketingExpenses": 0,
    "sellingGeneralAndAdministrativeExpenses": 134512000,
    "otherExpenses": 5957000,
    "operatingExpenses": 140469000,
    "costAndExpenses": 274006000,
    "interestIncome": 184519000,
    "interestExpense": 133537000,
    "depreciationAndAmortization": 2953000,
    "ebitda": 326829000,
    "ebitdaratio": 0.7038495084,
    "operatingIncome": 190339000,
    "operatingIncomeRatio": 0.4099085809,
    "totalOtherIncomeExpensesNet": 0,
    "incomeBeforeTax": 190339000,
    "incomeBeforeTaxRatio": 0.4099085809,
    "incomeTaxExpense": 6143000,
    "netIncome": 184196000,
    "netIncomeRatio": 0.3966791933,
    "eps": 0.115,
    "epsdiluted": 0.115,
    "weightedAverageShsOut": 160076000,
    "weightedAverageShsOutDil": 160076000,
    "link": "https://www.sec.gov/Archives/edgar/data/1381197/000110465907047999/0001104659-07-047999-index.htm",
    "finalLink": "https://www.sec.gov/Archives/edgar/data/1381197/000110465907047999/a07-15961_110q.htm"
  },
  {
    "date": "2006-12-31",
    "symbol": "IBKR",
    "reportedCurrency": "USD",
    "cik": "0001381197",
    "fillingDate": "2006-12-31",
    "acceptedDate": "2006-12-30 19:00:00",
    "calendarYear": "2006",
    "period": "Q4",
    "revenue": 436666000,
    "costOfRevenue": 143462000,
    "grossProfit": 293204000,
    "grossProfitRatio": 0.6714605671,
    "researchAndDevelopmentExpenses": 0,
    "generalAndAdministrativeExpenses": 125669000,
    "sellingAndMarketingExpenses": 0,
    "sellingGeneralAndAdministrativeExpenses": 125669000,
    "otherExpenses": 5900000,
    "operatingExpenses": 131569000,
    "costAndExpenses": 275031000,
    "interestIncome": 196188000,
    "interestExpense": 143462000,
    "depreciationAndAmortization": 2443000,
    "ebitda": 307540000,
    "ebitdaratio": 0.7042911516,
    "operatingIncome": 161635000,
    "operatingIncomeRatio": 0.3701570537,
    "totalOtherIncomeExpensesNet": 0,
    "incomeBeforeTax": 161635000,
    "incomeBeforeTaxRatio": 0.3701570537,
    "incomeTaxExpense": 5753000,
    "netIncome": 155882000,
    "netIncomeRatio": 0.3569822244,
    "eps": 0.0975,
    "epsdiluted": 0.0975,
    "weightedAverageShsOut": 160076000,
    "weightedAverageShsOutDil": 160076000,
    "link": "",
    "finalLink": ""
  },
  {
    "date": "2006-09-30",
    "symbol": "IBKR",
    "reportedCurrency": "USD",
    "cik": "0001381197",
    "fillingDate": "2006-09-30",
    "acceptedDate": "2006-09-29 20:00:00",
    "calendarYear": "2006",
    "period": "Q3",
    "revenue": 474314000,
    "costOfRevenue": 134467000,
    "grossProfit": 339847000,
    "grossProfitRatio": 0.7165021484,
    "researchAndDevelopmentExpenses": 0,
    "generalAndAdministrativeExpenses": 114624000,
    "sellingAndMarketingExpenses": 0,
    "sellingGeneralAndAdministrativeExpenses": 114624000,
    "otherExpenses": 5080000,
    "operatingExpenses": 119704000,
    "costAndExpenses": 254171000,
    "interestIncome": 183305000,
    "interestExpense": 134467000,
    "depreciationAndAmortization": 2442000,
    "ebitda": 357052000,
    "ebitdaratio": 0.7527755875,
    "operatingIncome": 220143000,
    "operatingIncomeRatio": 0.4641292477,
    "totalOtherIncomeExpensesNet": 0,
    "incomeBeforeTax": 220143000,
    "incomeBeforeTaxRatio": 0.4641292477,
    "incomeTaxExpense": 5886000,
    "netIncome": 214257000,
    "netIncomeRatio": 0.4517197468,
    "eps": 0.135,
    "epsdiluted": 0.135,
    "weightedAverageShsOut": 160076000,
    "weightedAverageShsOutDil": 160076000,
    "link": "",
    "finalLink": ""
  },
  {
    "date": "2006-06-30",
    "symbol": "IBKR",
    "reportedCurrency": "USD",
    "cik": "0001381197",
    "fillingDate": "2006-06-30",
    "acceptedDate": "2006-06-29 20:00:00",
    "calendarYear": "2006",
    "period": "Q2",
    "revenue": 403489000,
    "costOfRevenue": 112701000,
    "grossProfit": 290788000,
    "grossProfitRatio": 0.7206838352,
    "researchAndDevelopmentExpenses": 0,
    "generalAndAdministrativeExpenses": 120228000,
    "sellingAndMarketingExpenses": 0,
    "sellingGeneralAndAdministrativeExpenses": 120228000,
    "otherExpenses": 6137000,
    "operatingExpenses": 126365000,
    "costAndExpenses": 239066000,
    "interestIncome": 160489000,
    "interestExpense": 112701000,
    "depreciationAndAmortization": 3501000,
    "ebitda": 280625000,
    "ebitdaratio": 0.6954960358,
    "operatingIncome": 164423000,
    "operatingIncomeRatio": 0.4075030546,
    "totalOtherIncomeExpensesNet": 0,
    "incomeBeforeTax": 164423000,
    "incomeBeforeTaxRatio": 0.4075030546,
    "incomeTaxExpense": 6569000,
    "netIncome": 157854000,
    "netIncomeRatio": 0.3912225612,
    "eps": 0.0975,
    "epsdiluted": 0.0975,
    "weightedAverageShsOut": 160076000,
    "weightedAverageShsOutDil": 160076000,
    "link": "",
    "finalLink": ""
  },
  {
    "date": "2006-03-31",
    "symbol": "IBKR",
    "reportedCurrency": "USD",
    "cik": "0001381197",
    "fillingDate": "2006-03-31",
    "acceptedDate": "2006-03-30 19:00:00",
    "calendarYear": "2006",
    "period": "Q1",
    "revenue": 422372000,
    "costOfRevenue": 93803000,
    "grossProfit": 328569000,
    "grossProfitRatio": 0.7779137822,
    "researchAndDevelopmentExpenses": 0,
    "generalAndAdministrativeExpenses": 107630000,
    "sellingAndMarketingExpenses": 0,
    "sellingGeneralAndAdministrativeExpenses": 107630000,
    "otherExpenses": 5580000,
    "operatingExpenses": 113210000,
    "costAndExpenses": 207013000,
    "interestIncome": 132075000,
    "interestExpense": 93803000,
    "depreciationAndAmortization": 3244000,
    "ebitda": 312406000,
    "ebitdaratio": 0.7396465675,
    "operatingIncome": 215359000,
    "operatingIncomeRatio": 0.5098799163,
    "totalOtherIncomeExpensesNet": 0,
    "incomeBeforeTax": 215359000,
    "incomeBeforeTaxRatio": 0.5098799163,
    "incomeTaxExpense": 9184000,
    "netIncome": 206175000,
    "netIncomeRatio": 0.4881360507,
    "eps": 0.13,
    "epsdiluted": 0.13,
    "weightedAverageShsOut": 160076000,
    "weightedAverageShsOutDil": 160076000,
    "link": "",
    "finalLink": ""
  }
]