[
  {
    "date": "2025-06-30",
    "symbol": "IBM",
    "reportedCurrency": "USD",
    "cik": "0000051143",
    "fillingDate": "2025-07-24",
    "acceptedDate": "2025-07-24 16:16:47",
    "calendarYear": "2025",
    "period": "Q2",
    "revenue": 16977000000,
    "costOfRevenue": 7001000000,
    "grossProfit": 9977000000,
    "grossProfitRatio": 0.587677446,
    "researchAndDevelopmentExpenses": 2097000000,
    "generalAndAdministrativeExpenses": 4322000000,
    "sellingAndMarketingExpenses": 349000000,
    "sellingGeneralAndAdministrativeExpenses": 4671000000,
    "otherExpenses": 122000000,
    "operatingExpenses": 6890000000,
    "costAndExpenses": 13891000000,
    "interestIncome": 172000000,
    "interestExpense": 510000000,
    "depreciationAndAmortization": 1265000000,
    "ebitda": 4374000000,
    "ebitdaratio": 0.2576426931,
    "operatingIncome": 3086000000,
    "operatingIncomeRatio": 0.1817753431,
    "totalOtherIncomeExpensesNet": -489000000,
    "incomeBeforeTax": 2597000000,
    "incomeBeforeTaxRatio": 0.1529716676,
    "incomeTaxExpense": 404000000,
    "netIncome": 2194000000,
    "netIncomeRatio": 0.1292336691,
    "eps": 2.36,
    "epsdiluted": 2.38,
    "weightedAverageShsOut": 929400000,
    "weightedAverageShsOutDil": 946700000,
    "link": "https://www.sec.gov/Archives/edgar/data/51143/000005114325000052/0000051143-25-000052-index.htm",
    "finalLink": "https://www.sec.gov/Archives/edgar/data/51143/000005114325000052/ibm-20250630.htm"
  },
  {
    "date": "2025-03-31",
    "symbol": "IBM",
    "reportedCurrency": "USD",
    "cik": "0000051143",
    "fillingDate": "2025-04-24",
    "acceptedDate": "2025-04-24 16:16:05",
    "calendarYear": "2025",
    "period": "Q1",
    "revenue": 14541000000,
    "costOfRevenue": 6510000000,
    "grossProfit": 8031000000,
    "grossProfitRatio": 0.552300392,
    "researchAndDevelopmentExpenses": 1950000000,
    "generalAndAdministrativeExpenses": 4023000000,
    "sellingAndMarketingExpenses": 238000000,
    "sellingGeneralAndAdministrativeExpenses": 4261000000,
    "otherExpenses": 55000000,
    "operatingExpenses": 6266000000,
    "costAndExpenses": 12776000000,
    "interestIncome": 191000000,
    "interestExpense": 455000000,
    "depreciationAndAmortization": 1177000000,
    "ebitda": 2790000000,
    "ebitdaratio": 0.1918712606,
    "operatingIncome": 1765000000,
    "operatingIncomeRatio": 0.1213809229,
    "totalOtherIncomeExpensesNet": -607000000,
    "incomeBeforeTax": 1158000000,
    "incomeBeforeTaxRatio": 0.0796368888,
    "incomeTaxExpense": 103000000,
    "netIncome": 1055000000,
    "netIncomeRatio": 0.0725534695,
    "eps": 1.14,
    "epsdiluted": 1.12,
    "weightedAverageShsOut": 928000000,
    "weightedAverageShsOutDil": 945400000,
    "link": "https://www.sec.gov/Archives/edgar/data/51143/000005114325000032/0000051143-25-000032-index.htm",
    "finalLink": "https://www.sec.gov/Archives/edgar/data/51143/000005114325000032/ibm-20250331.htm"
  },
  {
    "date": "2024-12-31",
    "symbol": "IBM",
    "reportedCurrency": "USD",
    "cik": "0000051143",
    "fillingDate": "2025-02-25",
    "acceptedDate": "2025-02-25 16:12:45",
    "calendarYear": "2024",
    "period": "Q4",
    "revenue": 17553000000,
    "costOfRevenue": 7114000000,
    "grossProfit": 10439000000,
    "grossProfitRatio": 0.5947131544,
    "researchAndDevelopmentExpenses": 1967000000,
    "generalAndAdministrativeExpenses": 4325000000,
    "sellingAndMarketingExpenses": 261000000,
    "sellingGeneralAndAdministrativeExpenses": 4586000000,
    "otherExpenses": -15000000,
    "operatingExpenses": 6538000000,
    "costAndExpenses": 13652000000,
    "interestIncome": 150000000,
    "interestExpense": 424000000,
    "depreciationAndAmortization": 1113000000,
    "ebitda": 4843000000,
    "ebitdaratio": 0.2759072523,
    "operatingIncome": 3901000000,
    "operatingIncomeRatio": 0.2222412123,
    "totalOtherIncomeExpensesNet": -595000000,
    "incomeBeforeTax": 3306000000,
    "incomeBeforeTaxRatio": 0.1883438728,
    "incomeTaxExpense": 379000000,
    "netIncome": 2914000000,
    "netIncomeRatio": 0.166011508,
    "eps": 3.15,
    "epsdiluted": 3.09,
    "weightedAverageShsOut": 926000000,
    "weightedAverageShsOutDil": 942400000,
    "link": "https://www.sec.gov/Archives/edgar/data/51143/000005114325000015/0000051143-25-000015-index.htm",
    "finalLink": "https://www.sec.gov/Archives/edgar/data/51143/000005114325000015/ibm-20241231.htm"
  },
  {
    "date": "2024-09-30",
    "symbol": "IBM",
    "reportedCurrency": "USD",
    "cik": "0000051143",
    "fillingDate": "2024-10-30",
    "acceptedDate": "2024-10-30 16:09:22",
    "calendarYear": "2024",
    "period": "Q3",
    "revenue": 14967000000,
    "costOfRevenue": 6548000000,
    "grossProfit": 8420000000,
    "grossProfitRatio": 0.5625709895,
    "researchAndDevelopmentExpenses": 1876000000,
    "generalAndAdministrativeExpenses": 4032000000,
    "sellingAndMarketingExpenses": 279000000,
    "sellingGeneralAndAdministrativeExpenses": 4311000000,
    "otherExpenses": 55000000,
    "operatingExpenses": 6242000000,
    "costAndExpenses": 12790000000,
    "interestIncome": 170000000,
    "interestExpense": 429000000,
    "depreciationAndAmortization": 1268000000,
    "ebitda": 895000000,
    "ebitdaratio": 0.0597982228,
    "operatingIncome": 2177000000,
    "operatingIncomeRatio": 0.1454533307,
    "totalOtherIncomeExpensesNet": -2979000000,
    "incomeBeforeTax": -802000000,
    "incomeBeforeTaxRatio": -0.0535845527,
    "incomeTaxExpense": -485000000,
    "netIncome": -330000000,
    "netIncomeRatio": -0.0220485067,
    "eps": -0.36,
    "epsdiluted": -0.36,
    "weightedAverageShsOut": 923600000,
    "weightedAverageShsOutDil": 923600000,
    "link": "https://www.sec.gov/Archives/edgar/data/51143/000005114324000049/0000051143-24-000049-index.htm",
    "finalLink": "https://www.sec.gov/Archives/edgar/data/51143/000005114324000049/ibm-20240930.htm"
  },
  {
    "date": "2024-06-30",
    "symbol": "IBM",
    "reportedCurrency": "USD",
    "cik": "0000051143",
    "fillingDate": "2024-07-30",
    "acceptedDate": "2024-07-30 06:38:17",
    "calendarYear": "2024",
    "period": "Q2",
    "revenue": 15769000000,
    "costOfRevenue": 6820000000,
    "grossProfit": 8950000000,
    "grossProfitRatio": 0.5675692815,
    "researchAndDevelopmentExpenses": 1840000000,
    "generalAndAdministrativeExpenses": 4293000000,
    "sellingAndMarketingExpenses": 354000000,
    "sellingGeneralAndAdministrativeExpenses": 4647000000,
    "otherExpenses": 28000000,
    "operatingExpenses": 6515000000,
    "costAndExpenses": 13335000000,
    "interestIncome": 217000000,
    "interestExpense": 427000000,
    "depreciationAndAmortization": 1155000000,
    "ebitda": 3801000000,
    "ebitdaratio": 0.2410425518,
    "operatingIncome": 2434000000,
    "operatingIncomeRatio": 0.1543534783,
    "totalOtherIncomeExpensesNet": -215000000,
    "incomeBeforeTax": 2219000000,
    "incomeBeforeTaxRatio": 0.1407191325,
    "incomeTaxExpense": 389000000,
    "netIncome": 1834000000,
    "netIncomeRatio": 0.116304141,
    "eps": 1.99,
    "epsdiluted": 1.96,
    "weightedAverageShsOut": 920287541,
    "weightedAverageShsOutDil": 934397595,
    "link": "https://www.sec.gov/Archives/edgar/data/51143/000005114324000039/0000051143-24-000039-index.htm",
    "finalLink": "https://www.sec.gov/Archives/edgar/data/51143/000005114324000039/ibm-20240630.htm"
  },
  {
    "date": "2024-03-31",
    "symbol": "IBM",
    "reportedCurrency": "USD",
    "cik": "0000051143",
    "fillingDate": "2024-04-30",
    "acceptedDate": "2024-04-30 11:00:50",
    "calendarYear": "2024",
    "period": "Q1",
    "revenue": 14461000000,
    "costOfRevenue": 6719000000,
    "grossProfit": 7742000000,
    "grossProfitRatio": 0.5353709979,
    "researchAndDevelopmentExpenses": 1796000000,
    "generalAndAdministrativeExpenses": 4086000000,
    "sellingAndMarketingExpenses": 279000000,
    "sellingGeneralAndAdministrativeExpenses": 4365000000,
    "otherExpenses": 18000000,
    "operatingExpenses": 6179000000,
    "costAndExpenses": 12898000000,
    "interestIncome": 210000000,
    "interestExpense": 432000000,
    "depreciationAndAmortization": 1131000000,
    "ebitda": 2637000000,
    "ebitdaratio": 0.1823525344,
    "operatingIncome": 1563000000,
    "operatingIncomeRatio": 0.1080838116,
    "totalOtherIncomeExpensesNet": -489000000,
    "incomeBeforeTax": 1074000000,
    "incomeBeforeTaxRatio": 0.0742687228,
    "incomeTaxExpense": -502000000,
    "netIncome": 1605000000,
    "netIncomeRatio": 0.1109881751,
    "eps": 1.75,
    "epsdiluted": 1.72,
    "weightedAverageShsOut": 917200000,
    "weightedAverageShsOutDil": 933400000,
    "link": "https://www.sec.gov/Archives/edgar/data/51143/000005114324000025/0000051143-24-000025-index.htm",
    "finalLink": "https://www.sec.gov/Archives/edgar/data/51143/000005114324000025/ibm-20240331.htm"
  },
  {
    "date": "2023-12-31",
    "symbol": "IBM",
    "reportedCurrency": "USD",
    "cik": "0000051143",
    "fillingDate": "2024-02-26",
    "acceptedDate": "2024-02-26 06:41:57",
    "calendarYear": "2023",
    "period": "Q4",
    "revenue": 17380000000,
    "costOfRevenue": 7114000000,
    "grossProfit": 10267000000,
    "grossProfitRatio": 0.5907364787,
    "researchAndDevelopmentExpenses": 1748000000,
    "generalAndAdministrativeExpenses": 4250000000,
    "sellingAndMarketingExpenses": 248000000,
    "sellingGeneralAndAdministrativeExpenses": 4498000000,
    "otherExpenses": 25000000,
    "operatingExpenses": 6271000000,
    "costAndExpenses": 13385000000,
    "interestIncome": 143000000,
    "interestExpense": 405000000,
    "depreciationAndAmortization": 1152000000,
    "ebitda": 5316000000,
    "ebitdaratio": 0.3058688147,
    "operatingIncome": 3995000000,
    "operatingIncomeRatio": 0.2298619102,
    "totalOtherIncomeExpensesNet": -236000000,
    "incomeBeforeTax": 3759000000,
    "incomeBeforeTaxRatio": 0.216283084,
    "incomeTaxExpense": 474000000,
    "netIncome": 3288000000,
    "netIncomeRatio": 0.1891829689,
    "eps": 3.59,
    "epsdiluted": 3.55,
    "weightedAverageShsOut": 914700000,
    "weightedAverageShsOutDil": 927300000,
    "link": "https://www.sec.gov/Archives/edgar/data/51143/000005114324000012/0000051143-24-000012-index.htm",
    "finalLink": "https://www.sec.gov/Archives/edgar/data/51143/000005114324000012/ibm-20231231.htm"
  },
  {
    "date": "2023-09-30",
    "symbol": "IBM",
    "reportedCurrency": "USD",
    "cik": "0000051143",
    "fillingDate": "2023-10-31",
    "acceptedDate": "2023-10-31 06:38:48",
    "calendarYear": "2023",
    "period": "Q3",
    "revenue": 14752000000,
    "costOfRevenue": 6729000000,
    "grossProfit": 8023000000,
    "grossProfitRatio": 0.5438584599,
    "researchAndDevelopmentExpenses": 1685000000,
    "generalAndAdministrativeExpenses": 3878000000,
    "sellingAndMarketingExpenses": 303000000,
    "sellingGeneralAndAdministrativeExpenses": 4181000000,
    "otherExpenses": 53000000,
    "operatingExpenses": 5919000000,
    "costAndExpenses": 12648000000,
    "interestIncome": 156000000,
    "interestExpense": 412000000,
    "depreciationAndAmortization": 1093000000,
    "ebitda": 3378000000,
    "ebitdaratio": 0.2289859002,
    "operatingIncome": 2104000000,
    "operatingIncomeRatio": 0.1426247289,
    "totalOtherIncomeExpensesNet": -231000000,
    "incomeBeforeTax": 1873000000,
    "incomeBeforeTaxRatio": 0.1269658351,
    "incomeTaxExpense": 159000000,
    "netIncome": 1704000000,
    "netIncomeRatio": 0.1155097614,
    "eps": 1.87,
    "epsdiluted": 1.84,
    "weightedAverageShsOut": 912790387,
    "weightedAverageShsOutDil": 923673300,
    "link": "https://www.sec.gov/Archives/edgar/data/51143/000005114323000032/0000051143-23-000032-index.htm",
    "finalLink": "https://www.sec.gov/Archives/edgar/data/51143/000005114323000032/ibm-20230930.htm"
  },
  {
    "date": "2023-06-30",
    "symbol": "IBM",
    "reportedCurrency": "USD",
    "cik": "0000051143",
    "fillingDate": "2023-07-25",
    "acceptedDate": "2023-07-25 06:33:21",
    "calendarYear": "2023",
    "period": "Q2",
    "revenue": 15475000000,
    "costOfRevenue": 6974000000,
    "grossProfit": 8501000000,
    "grossProfitRatio": 0.5493376414,
    "researchAndDevelopmentExpenses": 1687000000,
    "generalAndAdministrativeExpenses": 4159000000,
    "sellingAndMarketingExpenses": 372000000,
    "sellingGeneralAndAdministrativeExpenses": 4531000000,
    "otherExpenses": 5000000,
    "operatingExpenses": 6223000000,
    "costAndExpenses": 13197000000,
    "interestIncome": 201000000,
    "interestExpense": 423000000,
    "depreciationAndAmortization": 1077000000,
    "ebitda": 3500000000,
    "ebitdaratio": 0.2261712439,
    "operatingIncome": 2278000000,
    "operatingIncomeRatio": 0.1472051696,
    "totalOtherIncomeExpensesNet": -278000000,
    "incomeBeforeTax": 2000000000,
    "incomeBeforeTaxRatio": 0.1292407108,
    "incomeTaxExpense": 419000000,
    "netIncome": 1583000000,
    "netIncomeRatio": 0.1022940226,
    "eps": 1.74,
    "epsdiluted": 1.72,
    "weightedAverageShsOut": 909855943,
    "weightedAverageShsOutDil": 919452496,
    "link": "https://www.sec.gov/Archives/edgar/data/51143/000005114323000021/0000051143-23-000021-index.htm",
    "finalLink": "https://www.sec.gov/Archives/edgar/data/51143/000005114323000021/ibm-20230630.htm"
  },
  {
    "date": "2023-03-31",
    "symbol": "IBM",
    "reportedCurrency": "USD",
    "cik": "0000051143",
    "fillingDate": "2023-04-25",
    "acceptedDate": "2023-04-25 16:18:35",
    "calendarYear": "2023",
    "period": "Q1",
    "revenue": 14252000000,
    "costOfRevenue": 6743000000,
    "grossProfit": 7509000000,
    "grossProfitRatio": 0.5268734213,
    "researchAndDevelopmentExpenses": 1655000000,
    "generalAndAdministrativeExpenses": 4035000000,
    "sellingAndMarketingExpenses": 314000000,
    "sellingGeneralAndAdministrativeExpenses": 4349000000,
    "otherExpenses": 69000000,
    "operatingExpenses": 6073000000,
    "costAndExpenses": 12816000000,
    "interestIncome": 170000000,
    "interestExpense": 367000000,
    "depreciationAndAmortization": 1074000000,
    "ebitda": 2499000000,
    "ebitdaratio": 0.1753438114,
    "operatingIncome": 1436000000,
    "operatingIncomeRatio": 0.1007577884,
    "totalOtherIncomeExpensesNet": -378000000,
    "incomeBeforeTax": 1058000000,
    "incomeBeforeTaxRatio": 0.0742351951,
    "incomeTaxExpense": 124000000,
    "netIncome": 927000000,
    "netIncomeRatio": 0.0650435027,
    "eps": 1.02,
    "epsdiluted": 1.01,
    "weightedAverageShsOut": 907526887,
    "weightedAverageShsOutDil": 917845279,
    "link": "https://www.sec.gov/Archives/edgar/data/51143/000155837023006656/0001558370-23-006656-index.htm",
    "finalLink": "https://www.sec.gov/Archives/edgar/data/51143/000155837023006656/ibm-20230331x10q.htm"
  },
  {
    "date": "2022-12-31",
    "symbol": "IBM",
    "reportedCurrency": "USD",
    "cik": "0000051143",
    "fillingDate": "2023-02-28",
    "acceptedDate": "2023-02-28 16:26:11",
    "calendarYear": "2022",
    "period": "Q4",
    "revenue": 16691000000,
    "costOfRevenue": 7058000000,
    "grossProfit": 9632000000,
    "grossProfitRatio": 0.5770774669,
    "researchAndDevelopmentExpenses": 1604000000,
    "generalAndAdministrativeExpenses": 4175000000,
    "sellingAndMarketingExpenses": 302000000,
    "sellingGeneralAndAdministrativeExpenses": 4477000000,
    "otherExpenses": 53000000,
    "operatingExpenses": 6134000000,
    "costAndExpenses": 13192000000,
    "interestIncome": 64000000,
    "interestExpense": 313000000,
    "depreciationAndAmortization": 1137000000,
    "ebitda": 4762000000,
    "ebitdaratio": 0.285303457,
    "operatingIncome": 3499000000,
    "operatingIncomeRatio": 0.2096339345,
    "totalOtherIncomeExpensesNet": -187000000,
    "incomeBeforeTax": 3312000000,
    "incomeBeforeTaxRatio": 0.1984302918,
    "incomeTaxExpense": 444000000,
    "netIncome": 2711000000,
    "netIncomeRatio": 0.1624228626,
    "eps": 2.99,
    "epsdiluted": 2.96,
    "weightedAverageShsOut": 905800000,
    "weightedAverageShsOutDil": 915900000,
    "link": "https://www.sec.gov/Archives/edgar/data/51143/000155837023002376/0001558370-23-002376-index.htm",
    "finalLink": "https://www.sec.gov/Archives/edgar/data/51143/000155837023002376/ibm-20221231x10k.htm"
  },
  {
    "date": "2022-09-30",
    "symbol": "IBM",
    "reportedCurrency": "USD",
    "cik": "0000051143",
    "fillingDate": "2022-10-25",
    "acceptedDate": "2022-10-25 16:16:44",
    "calendarYear": "2022",
    "period": "Q3",
    "revenue": 14106000000,
    "costOfRevenue": 6677000000,
    "grossProfit": 7430000000,
    "grossProfitRatio": 0.5267262158,
    "researchAndDevelopmentExpenses": 1611000000,
    "generalAndAdministrativeExpenses": 3819000000,
    "sellingAndMarketingExpenses": 297000000,
    "sellingGeneralAndAdministrativeExpenses": 4116000000,
    "otherExpenses": 141000000,
    "operatingExpenses": 5868000000,
    "costAndExpenses": 12545000000,
    "interestIncome": 53000000,
    "interestExpense": 295000000,
    "depreciationAndAmortization": 1163000000,
    "ebitda": -3043000000,
    "ebitdaratio": -0.2157238055,
    "operatingIncome": 1561000000,
    "operatingIncomeRatio": 0.1106621296,
    "totalOtherIncomeExpensesNet": -6062000000,
    "incomeBeforeTax": -4501000000,
    "incomeBeforeTaxRatio": -0.3190840777,
    "incomeTaxExpense": -1287000000,
    "netIncome": -3196000000,
    "netIncomeRatio": -0.2265702538,
    "eps": -3.56,
    "epsdiluted": -3.55,
    "weightedAverageShsOut": 904076831,
    "weightedAverageShsOutDil": 904100000,
    "link": "https://www.sec.gov/Archives/edgar/data/51143/000155837022015322/0001558370-22-015322-index.htm",
    "finalLink": "https://www.sec.gov/Archives/edgar/data/51143/000155837022015322/ibm-20220930x10q.htm"
  },
  {
    "date": "2022-06-30",
    "symbol": "IBM",
    "reportedCurrency": "USD",
    "cik": "0000051143",
    "fillingDate": "2022-07-25",
    "acceptedDate": "2022-07-25 16:43:18",
    "calendarYear": "2022",
    "period": "Q2",
    "revenue": 15535000000,
    "costOfRevenue": 7246000000,
    "grossProfit": 8290000000,
    "grossProfitRatio": 0.5336337303,
    "researchAndDevelopmentExpenses": 1673000000,
    "generalAndAdministrativeExpenses": 4149000000,
    "sellingAndMarketingExpenses": 395000000,
    "sellingGeneralAndAdministrativeExpenses": 4544000000,
    "otherExpenses": 112000000,
    "operatingExpenses": 6329000000,
    "costAndExpenses": 13575000000,
    "interestIncome": 28000000,
    "interestExpense": 297000000,
    "depreciationAndAmortization": 1246000000,
    "ebitda": 3265000000,
    "ebitdaratio": 0.2101705826,
    "operatingIncome": 1960000000,
    "operatingIncomeRatio": 0.1261667203,
    "totalOtherIncomeExpensesNet": -238000000,
    "incomeBeforeTax": 1722000000,
    "incomeBeforeTaxRatio": 0.1108464757,
    "incomeTaxExpense": 257000000,
    "netIncome": 1392000000,
    "netIncomeRatio": 0.0896041197,
    "eps": 1.54,
    "epsdiluted": 1.53,
    "weightedAverageShsOut": 901500000,
    "weightedAverageShsOutDil": 910700000,
    "link": "https://www.sec.gov/Archives/edgar/data/51143/000155837022010985/0001558370-22-010985-index.htm",
    "finalLink": "https://www.sec.gov/Archives/edgar/data/51143/000155837022010985/ibm-20220630x10q.htm"
  },
  {
    "date": "2022-03-31",
    "symbol": "IBM",
    "reportedCurrency": "USD",
    "cik": "0000051143",
    "fillingDate": "2022-04-26",
    "acceptedDate": "2022-04-26 16:19:53",
    "calendarYear": "2022",
    "period": "Q1",
    "revenue": 14197000000,
    "costOfRevenue": 6862000000,
    "grossProfit": 7335000000,
    "grossProfitRatio": 0.516658449,
    "researchAndDevelopmentExpenses": 1679000000,
    "generalAndAdministrativeExpenses": 3960000000,
    "sellingAndMarketingExpenses": 336000000,
    "sellingGeneralAndAdministrativeExpenses": 4296000000,
    "otherExpenses": 176000000,
    "operatingExpenses": 6151000000,
    "costAndExpenses": 13013000000,
    "interestIncome": 17000000,
    "interestExpense": 311000000,
    "depreciationAndAmortization": 1256000000,
    "ebitda": 2190000000,
    "ebitdaratio": 0.1542579418,
    "operatingIncome": 1184000000,
    "operatingIncomeRatio": 0.083397901,
    "totalOtherIncomeExpensesNet": -561000000,
    "incomeBeforeTax": 623000000,
    "incomeBeforeTaxRatio": 0.0438825104,
    "incomeTaxExpense": -39000000,
    "netIncome": 733000000,
    "netIncomeRatio": 0.0516306262,
    "eps": 0.82,
    "epsdiluted": 0.81,
    "weightedAverageShsOut": 899300000,
    "weightedAverageShsOutDil": 909226136,
    "link": "https://www.sec.gov/Archives/edgar/data/51143/000155837022005983/0001558370-22-005983-index.htm",
    "finalLink": "https://www.sec.gov/Archives/edgar/data/51143/000155837022005983/ibm-20220331x10q.htm"
  },
  {
    "date": "2021-12-31",
    "symbol": "IBM",
    "reportedCurrency": "USD",
    "cik": "0000051143",
    "fillingDate": "2022-02-22",
    "acceptedDate": "2022-02-22 16:07:29",
    "calendarYear": "2021",
    "period": "Q4",
    "revenue": 3259000000,
    "costOfRevenue": -2849000000,
    "grossProfit": 6107000000,
    "grossProfitRatio": 1.8738876956,
    "researchAndDevelopmentExpenses": 1581000000,
    "generalAndAdministrativeExpenses": 2830000000,
    "sellingAndMarketingExpenses": 314000000,
    "sellingGeneralAndAdministrativeExpenses": 3144000000,
    "otherExpenses": 130000000,
    "operatingExpenses": 4855000000,
    "costAndExpenses": 2006000000,
    "interestIncome": 13000000,
    "interestExpense": 303000000,
    "depreciationAndAmortization": 1381000000,
    "ebitda": 2745000000,
    "ebitdaratio": 0.8422829089,
    "operatingIncome": 1253000000,
    "operatingIncomeRatio": 0.384473765,
    "totalOtherIncomeExpensesNet": -192000000,
    "incomeBeforeTax": 1061000000,
    "incomeBeforeTaxRatio": 0.3255599877,
    "incomeTaxExpense": -241000000,
    "netIncome": 2332000000,
    "netIncomeRatio": 0.7155569193,
    "eps": 2.5999999999999996,
    "epsdiluted": 2.57,
    "weightedAverageShsOut": 895990771,
    "weightedAverageShsOutDil": 904641001,
    "link": "https://www.sec.gov/Archives/edgar/data/51143/000155837022001584/0001558370-22-001584-index.htm",
    "finalLink": "https://www.sec.gov/Archives/edgar/data/51143/000155837022001584/ibm-20211231x10k.htm"
  },
  {
    "date": "2021-09-30",
    "symbol": "IBM",
    "reportedCurrency": "USD",
    "cik": "0000051143",
    "fillingDate": "2021-11-05",
    "acceptedDate": "2021-11-05 07:23:16",
    "calendarYear": "2021",
    "period": "Q3",
    "revenue": 13251000000,
    "costOfRevenue": 6145000000,
    "grossProfit": 7106000000,
    "grossProfitRatio": 0.5362614142,
    "researchAndDevelopmentExpenses": 1606000000,
    "generalAndAdministrativeExpenses": 3697000000,
    "sellingAndMarketingExpenses": 342000000,
    "sellingGeneralAndAdministrativeExpenses": 4039000000,
    "otherExpenses": 125000000,
    "operatingExpenses": 5770000000,
    "costAndExpenses": 11915000000,
    "interestIncome": 14000000,
    "interestExpense": 290000000,
    "depreciationAndAmortization": 1684000000,
    "ebitda": 2787000000,
    "ebitdaratio": 0.2103237492,
    "operatingIncome": 1336000000,
    "operatingIncomeRatio": 0.1008225794,
    "totalOtherIncomeExpensesNet": -523000000,
    "incomeBeforeTax": 813000000,
    "incomeBeforeTaxRatio": 0.0613538601,
    "incomeTaxExpense": -224000000,
    "netIncome": 1130000000,
    "netIncomeRatio": 0.0852765829,
    "eps": 1.26,
    "epsdiluted": 1.25,
    "weightedAverageShsOut": 897100000,
    "weightedAverageShsOutDil": 906000000,
    "link": "https://www.sec.gov/Archives/edgar/data/51143/000155837021014734/0001558370-21-014734-index.htm",
    "finalLink": "https://www.sec.gov/Archives/edgar/data/51143/000155837021014734/ibm-20210930x10q.htm"
  },
  {
    "date": "2021-06-30",
    "symbol": "IBM",
    "reportedCurrency": "USD",
    "cik": "0000051143",
    "fillingDate": "2021-07-27",
    "acceptedDate": "2021-07-27 16:41:04",
    "calendarYear": "2021",
    "period": "Q2",
    "revenue": 14218000000,
    "costOfRevenue": 6366000000,
    "grossProfit": 7852000000,
    "grossProfitRatio": 0.5522577015,
    "researchAndDevelopmentExpenses": 1641000000,
    "generalAndAdministrativeExpenses": 4095000000,
    "sellingAndMarketingExpenses": 393000000,
    "sellingGeneralAndAdministrativeExpenses": 4488000000,
    "otherExpenses": 124000000,
    "operatingExpenses": 6253000000,
    "costAndExpenses": 12619000000,
    "interestIncome": 11000000,
    "interestExpense": 281000000,
    "depreciationAndAmortization": 1680000000,
    "ebitda": 2873000000,
    "ebitdaratio": 0.2020678014,
    "operatingIncome": 1599000000,
    "operatingIncomeRatio": 0.112463075,
    "totalOtherIncomeExpensesNet": -687000000,
    "incomeBeforeTax": 911000000,
    "incomeBeforeTaxRatio": 0.0640737094,
    "incomeTaxExpense": 101000000,
    "netIncome": 1325000000,
    "netIncomeRatio": 0.0931917288,
    "eps": 1.48,
    "epsdiluted": 1.47,
    "weightedAverageShsOut": 895000000,
    "weightedAverageShsOutDil": 904200000,
    "link": "https://www.sec.gov/Archives/edgar/data/51143/000155837021009351/0001558370-21-009351-index.htm",
    "finalLink": "https://www.sec.gov/Archives/edgar/data/51143/000155837021009351/ibm-20210630x10q.htm"
  },
  {
    "date": "2021-03-31",
    "symbol": "IBM",
    "reportedCurrency": "USD",
    "cik": "0000051143",
    "fillingDate": "2021-04-27",
    "acceptedDate": "2021-04-27 16:19:53",
    "calendarYear": "2021",
    "period": "Q1",
    "revenue": 13187000000,
    "costOfRevenue": 6160000000,
    "grossProfit": 7027000000,
    "grossProfitRatio": 0.5328732843,
    "researchAndDevelopmentExpenses": 1616000000,
    "generalAndAdministrativeExpenses": 4005000000,
    "sellingAndMarketingExpenses": 345000000,
    "sellingGeneralAndAdministrativeExpenses": 4350000000,
    "otherExpenses": 105000000,
    "operatingExpenses": 6071000000,
    "costAndExpenses": 12231000000,
    "interestIncome": 14000000,
    "interestExpense": 280000000,
    "depreciationAndAmortization": 1672000000,
    "ebitda": 2196000000,
    "ebitdaratio": 0.1665276409,
    "operatingIncome": 956000000,
    "operatingIncomeRatio": 0.0724956396,
    "totalOtherIncomeExpensesNet": -712000000,
    "incomeBeforeTax": 244000000,
    "incomeBeforeTaxRatio": 0.0185030712,
    "incomeTaxExpense": -159000000,
    "netIncome": 955000000,
    "netIncomeRatio": 0.0724198074,
    "eps": 1.07,
    "epsdiluted": 1.06,
    "weightedAverageShsOut": 893630916,
    "weightedAverageShsOutDil": 901746065,
    "link": "https://www.sec.gov/Archives/edgar/data/51143/000155837021004922/0001558370-21-004922-index.htm",
    "finalLink": "https://www.sec.gov/Archives/edgar/data/51143/000155837021004922/ibm-20210331x10q.htm"
  },
  {
    "date": "2020-12-31",
    "symbol": "IBM",
    "reportedCurrency": "USD",
    "cik": "0000051143",
    "fillingDate": "2021-02-23",
    "acceptedDate": "2021-02-23 17:08:23",
    "calendarYear": "2020",
    "period": "Q4",
    "revenue": 20368000000,
    "costOfRevenue": 9844000000,
    "grossProfit": 10523000000,
    "grossProfitRatio": 0.5166437549,
    "researchAndDevelopmentExpenses": 1611000000,
    "generalAndAdministrativeExpenses": 4541000000,
    "sellingAndMarketingExpenses": 390000000,
    "sellingGeneralAndAdministrativeExpenses": 4931000000,
    "otherExpenses": -17000000,
    "operatingExpenses": 6525000000,
    "costAndExpenses": 16369000000,
    "interestIncome": 15000000,
    "interestExpense": 317000000,
    "depreciationAndAmortization": 1699000000,
    "ebitda": 3305000000,
    "ebitdaratio": 0.1622643362,
    "operatingIncome": 3999000000,
    "operatingIncomeRatio": 0.196337392,
    "totalOtherIncomeExpensesNet": -2710000000,
    "incomeBeforeTax": 1289000000,
    "incomeBeforeTaxRatio": 0.063285546,
    "incomeTaxExpense": 25000000,
    "netIncome": 1355000000,
    "netIncomeRatio": 0.066525923,
    "eps": 1.52,
    "epsdiluted": 1.51,
    "weightedAverageShsOut": 892600000,
    "weightedAverageShsOutDil": 899000000,
    "link": "https://www.sec.gov/Archives/edgar/data/51143/000155837021001489/0001558370-21-001489-index.htm",
    "finalLink": "https://www.sec.gov/Archives/edgar/data/51143/000155837021001489/ibm-20201231x10k.htm"
  },
  {
    "date": "2020-09-30",
    "symbol": "IBM",
    "reportedCurrency": "USD",
    "cik": "0000051143",
    "fillingDate": "2020-10-27",
    "acceptedDate": "2020-10-27 16:20:30",
    "calendarYear": "2020",
    "period": "Q3",
    "revenue": 17561000000,
    "costOfRevenue": 9130000000,
    "grossProfit": 8430000000,
    "grossProfitRatio": 0.4800409999,
    "researchAndDevelopmentExpenses": 1515000000,
    "generalAndAdministrativeExpenses": 4011000000,
    "sellingAndMarketingExpenses": 361000000,
    "sellingGeneralAndAdministrativeExpenses": 4354000000,
    "otherExpenses": 153000000,
    "operatingExpenses": 6022000000,
    "costAndExpenses": 15152000000,
    "interestIncome": 15000000,
    "interestExpense": 323000000,
    "depreciationAndAmortization": 1683000000,
    "ebitda": 3833000000,
    "ebitdaratio": 0.2182677524,
    "operatingIncome": 2409000000,
    "operatingIncomeRatio": 0.1371789761,
    "totalOtherIncomeExpensesNet": -582000000,
    "incomeBeforeTax": 1827000000,
    "incomeBeforeTaxRatio": 0.1040373555,
    "incomeTaxExpense": 129000000,
    "netIncome": 1697000000,
    "netIncomeRatio": 0.096634588,
    "eps": 1.9,
    "epsdiluted": 1.89,
    "weightedAverageShsOut": 891381032,
    "weightedAverageShsOutDil": 897292233,
    "link": "https://www.sec.gov/Archives/edgar/data/51143/000155837020011799/0001558370-20-011799-index.htm",
    "finalLink": "https://www.sec.gov/Archives/edgar/data/51143/000155837020011799/ibm-20200930x10q.htm"
  },
  {
    "date": "2020-06-30",
    "symbol": "IBM",
    "reportedCurrency": "USD",
    "cik": "0000051143",
    "fillingDate": "2020-07-28",
    "acceptedDate": "2020-07-28 16:29:01",
    "calendarYear": "2020",
    "period": "Q2",
    "revenue": 18123000000,
    "costOfRevenue": 9423000000,
    "grossProfit": 8700000000,
    "grossProfitRatio": 0.4800529714,
    "researchAndDevelopmentExpenses": 1582000000,
    "generalAndAdministrativeExpenses": 4394000000,
    "sellingAndMarketingExpenses": 363000000,
    "sellingGeneralAndAdministrativeExpenses": 4757000000,
    "otherExpenses": 151000000,
    "operatingExpenses": 6490000000,
    "costAndExpenses": 15913000000,
    "interestIncome": 23000000,
    "interestExpense": 323000000,
    "depreciationAndAmortization": 1679000000,
    "ebitda": 3573000000,
    "ebitdaratio": 0.1971527893,
    "operatingIncome": 2210000000,
    "operatingIncomeRatio": 0.1219444904,
    "totalOtherIncomeExpensesNet": -639000000,
    "incomeBeforeTax": 1571000000,
    "incomeBeforeTaxRatio": 0.0866854274,
    "incomeTaxExpense": 209000000,
    "netIncome": 1361000000,
    "netIncomeRatio": 0.0750979418,
    "eps": 1.53,
    "epsdiluted": 1.52,
    "weightedAverageShsOut": 889400000,
    "weightedAverageShsOutDil": 894900000,
    "link": "https://www.sec.gov/Archives/edgar/data/51143/000155837020008516/0001558370-20-008516-index.htm",
    "finalLink": "https://www.sec.gov/Archives/edgar/data/51143/000155837020008516/ibm-20200630x10q.htm"
  },
  {
    "date": "2020-03-31",
    "symbol": "IBM",
    "reportedCurrency": "USD",
    "cik": "0000051143",
    "fillingDate": "2020-04-28",
    "acceptedDate": "2020-04-28 16:24:43",
    "calendarYear": "2020",
    "period": "Q1",
    "revenue": 17570000000,
    "costOfRevenue": 9649000000,
    "grossProfit": 7922000000,
    "grossProfitRatio": 0.4508821855,
    "researchAndDevelopmentExpenses": 1625000000,
    "generalAndAdministrativeExpenses": 4458000000,
    "sellingAndMarketingExpenses": 428000000,
    "sellingGeneralAndAdministrativeExpenses": 4886000000,
    "otherExpenses": 223000000,
    "operatingExpenses": 6734000000,
    "costAndExpenses": 16383000000,
    "interestIncome": 51000000,
    "interestExpense": 326000000,
    "depreciationAndAmortization": 1634000000,
    "ebitda": 1911000000,
    "ebitdaratio": 0.1087649402,
    "operatingIncome": 1187000000,
    "operatingIncomeRatio": 0.0675583381,
    "totalOtherIncomeExpensesNet": -1236000000,
    "incomeBeforeTax": -49000000,
    "incomeBeforeTaxRatio": -0.0027888446,
    "incomeTaxExpense": -1226000000,
    "netIncome": 1175000000,
    "netIncomeRatio": 0.0668753557,
    "eps": 1.32,
    "epsdiluted": 1.31,
    "weightedAverageShsOut": 888000000,
    "weightedAverageShsOutDil": 895000000,
    "link": "https://www.sec.gov/Archives/edgar/data/51143/000155837020004491/0001558370-20-004491-index.htm",
    "finalLink": "https://www.sec.gov/Archives/edgar/data/51143/000155837020004491/ibm-20200331x10q.htm"
  },
  {
    "date": "2019-12-31",
    "symbol": "IBM",
    "reportedCurrency": "USD",
    "cik": "0000051143",
    "fillingDate": "2020-02-25",
    "acceptedDate": "2020-02-25 16:54:20",
    "calendarYear": "2019",
    "period": "Q4",
    "revenue": 21777000000,
    "costOfRevenue": 10677000000,
    "grossProfit": 11100000000,
    "grossProfitRatio": 0.5097120816,
    "researchAndDevelopmentExpenses": 1596000000,
    "generalAndAdministrativeExpenses": 4690000000,
    "sellingAndMarketingExpenses": 413000000,
    "sellingGeneralAndAdministrativeExpenses": 5103000000,
    "otherExpenses": 135000000,
    "operatingExpenses": 6834000000,
    "costAndExpenses": 17511000000,
    "interestIncome": 48000000,
    "interestExpense": 354000000,
    "depreciationAndAmortization": 1650000000,
    "ebitda": 5997000000,
    "ebitdaratio": 0.2753822841,
    "operatingIncome": 4266000000,
    "operatingIncomeRatio": 0.1958947513,
    "totalOtherIncomeExpensesNet": -273000000,
    "incomeBeforeTax": 3993000000,
    "incomeBeforeTaxRatio": 0.1833585893,
    "incomeTaxExpense": 324000000,
    "netIncome": 3670000000,
    "netIncomeRatio": 0.168526427,
    "eps": 4.14,
    "epsdiluted": 4.11,
    "weightedAverageShsOut": 887100000,
    "weightedAverageShsOutDil": 893700000,
    "link": "https://www.sec.gov/Archives/edgar/data/51143/000155837020001334/0001558370-20-001334-index.htm",
    "finalLink": "https://www.sec.gov/Archives/edgar/data/51143/000155837020001334/ibm-20191231x10k2af531.htm"
  },
  {
    "date": "2019-09-30",
    "symbol": "IBM",
    "reportedCurrency": "USD",
    "cik": "0000051143",
    "fillingDate": "2019-10-29",
    "acceptedDate": "2019-10-29 19:37:08",
    "calendarYear": "2019",
    "period": "Q3",
    "revenue": 18027000000,
    "costOfRevenue": 9692000000,
    "grossProfit": 8336000000,
    "grossProfitRatio": 0.4624174849,
    "researchAndDevelopmentExpenses": 1553000000,
    "generalAndAdministrativeExpenses": 4354000000,
    "sellingAndMarketingExpenses": 381000000,
    "sellingGeneralAndAdministrativeExpenses": 4735000000,
    "otherExpenses": 123000000,
    "operatingExpenses": 6411000000,
    "costAndExpenses": 16103000000,
    "interestIncome": 63000000,
    "interestExpense": 432000000,
    "depreciationAndAmortization": 1669000000,
    "ebitda": 3623000000,
    "ebitdaratio": 0.2009763133,
    "operatingIncome": 1924000000,
    "operatingIncomeRatio": 0.1067287957,
    "totalOtherIncomeExpensesNet": -402000000,
    "incomeBeforeTax": 1522000000,
    "incomeBeforeTaxRatio": 0.0844289122,
    "incomeTaxExpense": -151000000,
    "netIncome": 1672000000,
    "netIncomeRatio": 0.0927497642,
    "eps": 1.89,
    "epsdiluted": 1.87,
    "weightedAverageShsOut": 886000000,
    "weightedAverageShsOutDil": 892800000,
    "link": "https://www.sec.gov/Archives/edgar/data/51143/000155837019009324/0001558370-19-009324-index.htm",
    "finalLink": "https://www.sec.gov/Archives/edgar/data/51143/000155837019009324/ibm-20190930x10q.htm"
  },
  {
    "date": "2019-06-30",
    "symbol": "IBM",
    "reportedCurrency": "USD",
    "cik": "0000051143",
    "fillingDate": "2019-07-30",
    "acceptedDate": "2019-07-30 16:26:01",
    "calendarYear": "2019",
    "period": "Q2",
    "revenue": 19161000000,
    "costOfRevenue": 10151000000,
    "grossProfit": 9010000000,
    "grossProfitRatio": 0.4702259799,
    "researchAndDevelopmentExpenses": 1407000000,
    "generalAndAdministrativeExpenses": 4923000000,
    "sellingAndMarketingExpenses": 421000000,
    "sellingGeneralAndAdministrativeExpenses": 5344000000,
    "otherExpenses": -110000000,
    "operatingExpenses": 6641000000,
    "costAndExpenses": 16792000000,
    "interestIncome": 167000000,
    "interestExpense": 348000000,
    "depreciationAndAmortization": 1294000000,
    "ebitda": 4410000000,
    "ebitdaratio": 0.2301550023,
    "operatingIncome": 2369000000,
    "operatingIncomeRatio": 0.1236365534,
    "totalOtherIncomeExpensesNet": 399000000,
    "incomeBeforeTax": 2768000000,
    "incomeBeforeTaxRatio": 0.1444601012,
    "incomeTaxExpense": 269000000,
    "netIncome": 2498000000,
    "netIncomeRatio": 0.1303689787,
    "eps": 2.82,
    "epsdiluted": 2.81,
    "weightedAverageShsOut": 886273682,
    "weightedAverageShsOutDil": 890831801,
    "link": "https://www.sec.gov/Archives/edgar/data/51143/000155837019006560/0001558370-19-006560-index.htm",
    "finalLink": "https://www.sec.gov/Archives/edgar/data/51143/000155837019006560/ibm-20190630x10q.htm"
  },
  {
    "date": "2019-03-31",
    "symbol": "IBM",
    "reportedCurrency": "USD",
    "cik": "0000051143",
    "fillingDate": "2019-04-30",
    "acceptedDate": "2019-04-30 16:21:56",
    "calendarYear": "2019",
    "period": "Q1",
    "revenue": 18181000000,
    "costOfRevenue": 10139000000,
    "grossProfit": 8043000000,
    "grossProfitRatio": 0.4423849073,
    "researchAndDevelopmentExpenses": 1433000000,
    "generalAndAdministrativeExpenses": 4141000000,
    "sellingAndMarketingExpenses": 432000000,
    "sellingGeneralAndAdministrativeExpenses": 4573000000,
    "otherExpenses": 15000000,
    "operatingExpenses": 6021000000,
    "costAndExpenses": 16160000000,
    "interestIncome": 70000000,
    "interestExpense": 210000000,
    "depreciationAndAmortization": 1446000000,
    "ebitda": 3539000000,
    "ebitdaratio": 0.1946537594,
    "operatingIncome": 2021000000,
    "operatingIncomeRatio": 0.1111600022,
    "totalOtherIncomeExpensesNet": -138000000,
    "incomeBeforeTax": 1883000000,
    "incomeBeforeTaxRatio": 0.1035696606,
    "incomeTaxExpense": 289000000,
    "netIncome": 1591000000,
    "netIncomeRatio": 0.0875089379,
    "eps": 1.79,
    "epsdiluted": 1.78,
    "weightedAverageShsOut": 889600000,
    "weightedAverageShsOutDil": 893900000,
    "link": "https://www.sec.gov/Archives/edgar/data/51143/000110465919025328/0001104659-19-025328-index.htm",
    "finalLink": "https://www.sec.gov/Archives/edgar/data/51143/000110465919025328/a19-6867_110q.htm"
  },
  {
    "date": "2018-12-31",
    "symbol": "IBM",
    "reportedCurrency": "USD",
    "cik": "0000051143",
    "fillingDate": "2019-02-26",
    "acceptedDate": "2019-02-26 16:27:59",
    "calendarYear": "2018",
    "period": "Q4",
    "revenue": 21760000000,
    "costOfRevenue": 11073000000,
    "grossProfit": 10687000000,
    "grossProfitRatio": 0.4911305147,
    "researchAndDevelopmentExpenses": 1358000000,
    "generalAndAdministrativeExpenses": 4248000000,
    "sellingAndMarketingExpenses": 335000000,
    "sellingGeneralAndAdministrativeExpenses": 4583000000,
    "otherExpenses": -78000000,
    "operatingExpenses": 5863000000,
    "costAndExpenses": 16936000000,
    "interestIncome": 77000000,
    "interestExpense": 193000000,
    "depreciationAndAmortization": 1112000000,
    "ebitda": 5739000000,
    "ebitdaratio": 0.2637408088,
    "operatingIncome": 4824000000,
    "operatingIncomeRatio": 0.2216911765,
    "totalOtherIncomeExpensesNet": -390000000,
    "incomeBeforeTax": 4434000000,
    "incomeBeforeTaxRatio": 0.2037683824,
    "incomeTaxExpense": 2481000000,
    "netIncome": 1951000000,
    "netIncomeRatio": 0.0896599265,
    "eps": 2.17,
    "epsdiluted": 2.15,
    "weightedAverageShsOut": 901300000,
    "weightedAverageShsOutDil": 905200000,
    "link": "https://www.sec.gov/Archives/edgar/data/51143/000104746919000712/0001047469-19-000712-index.htm",
    "finalLink": "https://www.sec.gov/Archives/edgar/data/51143/000104746919000712/a2237254z10-k.htm"
  },
  {
    "date": "2018-09-30",
    "symbol": "IBM",
    "reportedCurrency": "USD",
    "cik": "0000051143",
    "fillingDate": "2018-10-30",
    "acceptedDate": "2018-10-30 16:43:46",
    "calendarYear": "2018",
    "period": "Q3",
    "revenue": 18756000000,
    "costOfRevenue": 9953000000,
    "grossProfit": 8803000000,
    "grossProfitRatio": 0.4693431435,
    "researchAndDevelopmentExpenses": 1252000000,
    "generalAndAdministrativeExpenses": 3926000000,
    "sellingAndMarketingExpenses": 323000000,
    "sellingGeneralAndAdministrativeExpenses": 4249000000,
    "otherExpenses": -165000000,
    "operatingExpenses": 5336000000,
    "costAndExpenses": 15289000000,
    "interestIncome": 70000000,
    "interestExpense": 191000000,
    "depreciationAndAmortization": 1138000000,
    "ebitda": 4325000000,
    "ebitdaratio": 0.2305928769,
    "operatingIncome": 3467000000,
    "operatingIncomeRatio": 0.1848475155,
    "totalOtherIncomeExpensesNet": -471000000,
    "incomeBeforeTax": 2996000000,
    "incomeBeforeTaxRatio": 0.1597355513,
    "incomeTaxExpense": 304000000,
    "netIncome": 2694000000,
    "netIncomeRatio": 0.1436340371,
    "eps": 2.95,
    "epsdiluted": 2.94,
    "weightedAverageShsOut": 911200000,
    "weightedAverageShsOutDil": 915200000,
    "link": "https://www.sec.gov/Archives/edgar/data/51143/000110465918064673/0001104659-18-064673-index.htm",
    "finalLink": "https://www.sec.gov/Archives/edgar/data/51143/000110465918064673/a18-19046_110q.htm"
  },
  {
    "date": "2018-06-30",
    "symbol": "IBM",
    "reportedCurrency": "USD",
    "cik": "0000051143",
    "fillingDate": "2018-07-31",
    "acceptedDate": "2018-07-31 16:10:57",
    "calendarYear": "2018",
    "period": "Q2",
    "revenue": 20003000000,
    "costOfRevenue": 10804000000,
    "grossProfit": 9199000000,
    "grossProfitRatio": 0.4598810178,
    "researchAndDevelopmentExpenses": 1364000000,
    "generalAndAdministrativeExpenses": 4301000000,
    "sellingAndMarketingExpenses": 407000000,
    "sellingGeneralAndAdministrativeExpenses": 4708000000,
    "otherExpenses": -141000000,
    "operatingExpenses": 5931000000,
    "costAndExpenses": 16735000000,
    "interestIncome": 47000000,
    "interestExpense": 173000000,
    "depreciationAndAmortization": 1116000000,
    "ebitda": 4065000000,
    "ebitdaratio": 0.2032195171,
    "operatingIncome": 3268000000,
    "operatingIncomeRatio": 0.1633754937,
    "totalOtherIncomeExpensesNet": -492000000,
    "incomeBeforeTax": 2776000000,
    "incomeBeforeTaxRatio": 0.1387791831,
    "incomeTaxExpense": 373000000,
    "netIncome": 2403000000,
    "netIncomeRatio": 0.1201319802,
    "eps": 2.63,
    "epsdiluted": 2.61,
    "weightedAverageShsOut": 915100000,
    "weightedAverageShsOutDil": 919400000,
    "link": "https://www.sec.gov/Archives/edgar/data/51143/000110465918048404/0001104659-18-048404-index.htm",
    "finalLink": "https://www.sec.gov/Archives/edgar/data/51143/000110465918048404/a18-14112_110q.htm"
  },
  {
    "date": "2018-03-31",
    "symbol": "IBM",
    "reportedCurrency": "USD",
    "cik": "0000051143",
    "fillingDate": "2018-04-24",
    "acceptedDate": "2018-04-24 16:17:32",
    "calendarYear": "2018",
    "period": "Q1",
    "revenue": 19071000000,
    "costOfRevenue": 10825000000,
    "grossProfit": 8247000000,
    "grossProfitRatio": 0.432436684,
    "researchAndDevelopmentExpenses": 1405000000,
    "generalAndAdministrativeExpenses": 4921000000,
    "sellingAndMarketingExpenses": 401000000,
    "sellingGeneralAndAdministrativeExpenses": 5322000000,
    "otherExpenses": -208000000,
    "operatingExpenses": 6519000000,
    "costAndExpenses": 17344000000,
    "interestIncome": 71000000,
    "interestExpense": 165000000,
    "depreciationAndAmortization": 1114000000,
    "ebitda": 2415000000,
    "ebitdaratio": 0.1266320591,
    "operatingIncome": 1727000000,
    "operatingIncomeRatio": 0.0905563421,
    "totalOtherIncomeExpensesNet": -591000000,
    "incomeBeforeTax": 1136000000,
    "incomeBeforeTaxRatio": 0.0595668817,
    "incomeTaxExpense": -540000000,
    "netIncome": 1679000000,
    "netIncomeRatio": 0.0880394316,
    "eps": 1.82,
    "epsdiluted": 1.81,
    "weightedAverageShsOut": 920700000,
    "weightedAverageShsOutDil": 925400000,
    "link": "https://www.sec.gov/Archives/edgar/data/51143/000110465918026178/0001104659-18-026178-index.htm",
    "finalLink": "https://www.sec.gov/Archives/edgar/data/51143/000110465918026178/a18-8695_110q.htm"
  },
  {
    "date": "2017-12-31",
    "symbol": "IBM",
    "reportedCurrency": "USD",
    "cik": "0000051143",
    "fillingDate": "2018-02-27",
    "acceptedDate": "2018-02-27 17:13:57",
    "calendarYear": "2017",
    "period": "Q4",
    "revenue": 22543000000,
    "costOfRevenue": 11681000000,
    "grossProfit": 10862000000,
    "grossProfitRatio": 0.4818347159,
    "researchAndDevelopmentExpenses": 1427000000,
    "generalAndAdministrativeExpenses": 4662000000,
    "sellingAndMarketingExpenses": 355000000,
    "sellingGeneralAndAdministrativeExpenses": 5017000000,
    "otherExpenses": -234000000,
    "operatingExpenses": 6210000000,
    "costAndExpenses": 17891000000,
    "interestIncome": 42000000,
    "interestExpense": 164000000,
    "depreciationAndAmortization": 1149000000,
    "ebitda": 5782000000,
    "ebitdaratio": 0.2564876015,
    "operatingIncome": 4652000000,
    "operatingIncomeRatio": 0.2063611764,
    "totalOtherIncomeExpensesNet": -183000000,
    "incomeBeforeTax": 4469000000,
    "incomeBeforeTaxRatio": 0.1982433571,
    "incomeTaxExpense": 5522000000,
    "netIncome": -1055000000,
    "netIncomeRatio": -0.0467994499,
    "eps": -1.14,
    "epsdiluted": -1.13,
    "weightedAverageShsOut": 924500000,
    "weightedAverageShsOutDil": 928900000,
    "link": "https://www.sec.gov/Archives/edgar/data/51143/000104746918001117/0001047469-18-001117-index.htm",
    "finalLink": "https://www.sec.gov/Archives/edgar/data/51143/000104746918001117/a2233835z10-k.htm"
  },
  {
    "date": "2017-09-30",
    "symbol": "IBM",
    "reportedCurrency": "USD",
    "cik": "0000051143",
    "fillingDate": "2017-10-31",
    "acceptedDate": "2017-10-31 16:15:02",
    "calendarYear": "2017",
    "period": "Q3",
    "revenue": 19153000000,
    "costOfRevenue": 10172000000,
    "grossProfit": 8981000000,
    "grossProfitRatio": 0.468908265,
    "researchAndDevelopmentExpenses": 1291000000,
    "generalAndAdministrativeExpenses": 4137000000,
    "sellingAndMarketingExpenses": 337000000,
    "sellingGeneralAndAdministrativeExpenses": 4474000000,
    "otherExpenses": -183000000,
    "operatingExpenses": 5582000000,
    "costAndExpenses": 15754000000,
    "interestIncome": 38000000,
    "interestExpense": 168000000,
    "depreciationAndAmortization": 1176000000,
    "ebitda": 4409000000,
    "ebitdaratio": 0.2301989245,
    "operatingIncome": 3399000000,
    "operatingIncomeRatio": 0.1774656712,
    "totalOtherIncomeExpensesNet": -334000000,
    "incomeBeforeTax": 3065000000,
    "incomeBeforeTaxRatio": 0.1600271498,
    "incomeTaxExpense": 339000000,
    "netIncome": 2726000000,
    "netIncomeRatio": 0.1423275727,
    "eps": 2.93,
    "epsdiluted": 2.92,
    "weightedAverageShsOut": 929400000,
    "weightedAverageShsOutDil": 933200000,
    "link": "https://www.sec.gov/Archives/edgar/data/51143/000110465917064968/0001104659-17-064968-index.htm",
    "finalLink": "https://www.sec.gov/Archives/edgar/data/51143/000110465917064968/a17-21131_110q.htm"
  },
  {
    "date": "2017-06-30",
    "symbol": "IBM",
    "reportedCurrency": "USD",
    "cik": "0000051143",
    "fillingDate": "2017-07-25",
    "acceptedDate": "2017-07-25 16:15:58",
    "calendarYear": "2017",
    "period": "Q2",
    "revenue": 19289000000,
    "costOfRevenue": 10321000000,
    "grossProfit": 8968000000,
    "grossProfitRatio": 0.4649281974,
    "researchAndDevelopmentExpenses": 1436000000,
    "generalAndAdministrativeExpenses": 4499000000,
    "sellingAndMarketingExpenses": 390000000,
    "sellingGeneralAndAdministrativeExpenses": 4889000000,
    "otherExpenses": -238000000,
    "operatingExpenses": 6087000000,
    "costAndExpenses": 16408000000,
    "interestIncome": 34000000,
    "interestExpense": 147000000,
    "depreciationAndAmortization": 1117000000,
    "ebitda": 3707000000,
    "ebitdaratio": 0.1921820727,
    "operatingIncome": 2881000000,
    "operatingIncomeRatio": 0.1493597387,
    "totalOtherIncomeExpensesNet": -438000000,
    "incomeBeforeTax": 2443000000,
    "incomeBeforeTaxRatio": 0.1266524962,
    "incomeTaxExpense": 111000000,
    "netIncome": 2331000000,
    "netIncomeRatio": 0.1208460781,
    "eps": 2.49,
    "epsdiluted": 2.48,
    "weightedAverageShsOut": 934900000,
    "weightedAverageShsOutDil": 939600000,
    "link": "https://www.sec.gov/Archives/edgar/data/51143/000110465917046808/0001104659-17-046808-index.htm",
    "finalLink": "https://www.sec.gov/Archives/edgar/data/51143/000110465917046808/a17-13367_110q.htm"
  },
  {
    "date": "2017-03-31",
    "symbol": "IBM",
    "reportedCurrency": "USD",
    "cik": "0000051143",
    "fillingDate": "2017-04-25",
    "acceptedDate": "2017-04-25 16:13:34",
    "calendarYear": "2017",
    "period": "Q1",
    "revenue": 18155000000,
    "costOfRevenue": 10211000000,
    "grossProfit": 7944000000,
    "grossProfitRatio": 0.437565409,
    "researchAndDevelopmentExpenses": 1484000000,
    "generalAndAdministrativeExpenses": 4518000000,
    "sellingAndMarketingExpenses": 363000000,
    "sellingGeneralAndAdministrativeExpenses": 4881000000,
    "otherExpenses": -315000000,
    "operatingExpenses": 6050000000,
    "costAndExpenses": 16261000000,
    "interestIncome": 30000000,
    "interestExpense": 135000000,
    "depreciationAndAmortization": 1099000000,
    "ebitda": 2658000000,
    "ebitdaratio": 0.1464059488,
    "operatingIncome": 1894000000,
    "operatingIncomeRatio": 0.1043238777,
    "totalOtherIncomeExpensesNet": -470000000,
    "incomeBeforeTax": 1424000000,
    "incomeBeforeTaxRatio": 0.0784356926,
    "incomeTaxExpense": -329000000,
    "netIncome": 1750000000,
    "netIncomeRatio": 0.0963921785,
    "eps": 1.86,
    "epsdiluted": 1.85,
    "weightedAverageShsOut": 942400000,
    "weightedAverageShsOutDil": 947800000,
    "link": "https://www.sec.gov/Archives/edgar/data/51143/000110465917025881/0001104659-17-025881-index.htm",
    "finalLink": "https://www.sec.gov/Archives/edgar/data/51143/000110465917025881/a17-8917_110q.htm"
  },
  {
    "date": "2016-12-31",
    "symbol": "IBM",
    "reportedCurrency": "USD",
    "cik": "0000051143",
    "fillingDate": "2017-02-28",
    "acceptedDate": "2017-02-28 16:23:36",
    "calendarYear": "2016",
    "period": "Q4",
    "revenue": 21771000000,
    "costOfRevenue": 10877000000,
    "grossProfit": 10893000000,
    "grossProfitRatio": 0.500344495,
    "researchAndDevelopmentExpenses": 1431000000,
    "generalAndAdministrativeExpenses": 4571000000,
    "sellingAndMarketingExpenses": 276000000,
    "sellingGeneralAndAdministrativeExpenses": 4847000000,
    "otherExpenses": -388000000,
    "operatingExpenses": 5890000000,
    "costAndExpenses": 16767000000,
    "interestIncome": 32000000,
    "interestExpense": 157000000,
    "depreciationAndAmortization": 1127000000,
    "ebitda": 6269000000,
    "ebitdaratio": 0.2879518626,
    "operatingIncome": 5004000000,
    "operatingIncomeRatio": 0.2298470442,
    "totalOtherIncomeExpensesNet": -19000000,
    "incomeBeforeTax": 4985000000,
    "incomeBeforeTaxRatio": 0.2289743236,
    "incomeTaxExpense": 480000000,
    "netIncome": 4501000000,
    "netIncomeRatio": 0.2067429149,
    "eps": 4.74,
    "epsdiluted": 4.72,
    "weightedAverageShsOut": 948600000,
    "weightedAverageShsOutDil": 952700000,
    "link": "https://www.sec.gov/Archives/edgar/data/51143/000104746917001061/0001047469-17-001061-index.htm",
    "finalLink": "https://www.sec.gov/Archives/edgar/data/51143/000104746917001061/a2230222z10-k.htm"
  },
  {
    "date": "2016-09-30",
    "symbol": "IBM",
    "reportedCurrency": "USD",
    "cik": "0000051143",
    "fillingDate": "2016-10-25",
    "acceptedDate": "2016-10-25 16:12:03",
    "calendarYear": "2016",
    "period": "Q3",
    "revenue": 19227000000,
    "costOfRevenue": 10213000000,
    "grossProfit": 9013000000,
    "grossProfitRatio": 0.4687678785,
    "researchAndDevelopmentExpenses": 1397000000,
    "generalAndAdministrativeExpenses": 4287000000,
    "sellingAndMarketingExpenses": 341000000,
    "sellingGeneralAndAdministrativeExpenses": 4628000000,
    "otherExpenses": -391000000,
    "operatingExpenses": 5634000000,
    "costAndExpenses": 15847000000,
    "interestIncome": 22000000,
    "interestExpense": 158000000,
    "depreciationAndAmortization": 1127000000,
    "ebitda": 4548000000,
    "ebitdaratio": 0.2365423623,
    "operatingIncome": 3380000000,
    "operatingIncomeRatio": 0.1757944557,
    "totalOtherIncomeExpensesNet": -117000000,
    "incomeBeforeTax": 3263000000,
    "incomeBeforeTaxRatio": 0.169709263,
    "incomeTaxExpense": 409000000,
    "netIncome": 2853000000,
    "netIncomeRatio": 0.1483850835,
    "eps": 2.99,
    "epsdiluted": 2.98,
    "weightedAverageShsOut": 954000000,
    "weightedAverageShsOutDil": 957300000,
    "link": "https://www.sec.gov/Archives/edgar/data/51143/000110465916151931/0001104659-16-151931-index.htm",
    "finalLink": "https://www.sec.gov/Archives/edgar/data/51143/000110465916151931/a16-17246_110q.htm"
  },
  {
    "date": "2016-06-30",
    "symbol": "IBM",
    "reportedCurrency": "USD",
    "cik": "0000051143",
    "fillingDate": "2016-07-26",
    "acceptedDate": "2016-07-26 16:17:42",
    "calendarYear": "2016",
    "period": "Q2",
    "revenue": 20239000000,
    "costOfRevenue": 10536000000,
    "grossProfit": 9702000000,
    "grossProfitRatio": 0.4793715105,
    "researchAndDevelopmentExpenses": 1465000000,
    "generalAndAdministrativeExpenses": 4826000000,
    "sellingAndMarketingExpenses": 361000000,
    "sellingGeneralAndAdministrativeExpenses": 5187000000,
    "otherExpenses": -228000000,
    "operatingExpenses": 6424000000,
    "costAndExpenses": 16960000000,
    "interestIncome": 29000000,
    "interestExpense": 167000000,
    "depreciationAndAmortization": 1103000000,
    "ebitda": 4319000000,
    "ebitdaratio": 0.2133998715,
    "operatingIncome": 3279000000,
    "operatingIncomeRatio": 0.1620139335,
    "totalOtherIncomeExpensesNet": -230000000,
    "incomeBeforeTax": 3049000000,
    "incomeBeforeTaxRatio": 0.1506497357,
    "incomeTaxExpense": 544000000,
    "netIncome": 2505000000,
    "netIncomeRatio": 0.1237709373,
    "eps": 2.62,
    "epsdiluted": 2.61,
    "weightedAverageShsOut": 957400000,
    "weightedAverageShsOutDil": 960500000,
    "link": "https://www.sec.gov/Archives/edgar/data/51143/000110465916134367/0001104659-16-134367-index.htm",
    "finalLink": "https://www.sec.gov/Archives/edgar/data/51143/000110465916134367/a16-12780_110q.htm"
  },
  {
    "date": "2016-03-31",
    "symbol": "IBM",
    "reportedCurrency": "USD",
    "cik": "0000051143",
    "fillingDate": "2016-04-26",
    "acceptedDate": "2016-04-26 16:09:37",
    "calendarYear": "2016",
    "period": "Q1",
    "revenue": 18684000000,
    "costOfRevenue": 9999000000,
    "grossProfit": 8686000000,
    "grossProfitRatio": 0.4648897452,
    "researchAndDevelopmentExpenses": 1458000000,
    "generalAndAdministrativeExpenses": 5468000000,
    "sellingAndMarketingExpenses": 348000000,
    "sellingGeneralAndAdministrativeExpenses": 5816000000,
    "otherExpenses": -119000000,
    "operatingExpenses": 7155000000,
    "costAndExpenses": 17154000000,
    "interestIncome": 24000000,
    "interestExpense": 147000000,
    "depreciationAndAmortization": 1024000000,
    "ebitda": 2205000000,
    "ebitdaratio": 0.1180154143,
    "operatingIncome": 1530000000,
    "operatingIncomeRatio": 0.0818882466,
    "totalOtherIncomeExpensesNet": -496000000,
    "incomeBeforeTax": 1034000000,
    "incomeBeforeTaxRatio": 0.0553414686,
    "incomeTaxExpense": -983000000,
    "netIncome": 2013000000,
    "netIncomeRatio": 0.1077392421,
    "eps": 2.09,
    "epsdiluted": 2.09,
    "weightedAverageShsOut": 961700000,
    "weightedAverageShsOutDil": 964400000,
    "link": "https://www.sec.gov/Archives/edgar/data/51143/000005114316000013/0000051143-16-000013-index.htm",
    "finalLink": "https://www.sec.gov/Archives/edgar/data/51143/000005114316000013/ibm16q1_10q.htm"
  },
  {
    "date": "2015-12-31",
    "symbol": "IBM",
    "reportedCurrency": "USD",
    "cik": "0000051143",
    "fillingDate": "2016-02-23",
    "acceptedDate": "2016-02-23 16:19:19",
    "calendarYear": "2015",
    "period": "Q4",
    "revenue": 22060000000,
    "costOfRevenue": 10652000000,
    "grossProfit": 11406000000,
    "grossProfitRatio": 0.5170444243,
    "researchAndDevelopmentExpenses": 1362000000,
    "generalAndAdministrativeExpenses": 4708000000,
    "sellingAndMarketingExpenses": 322000000,
    "sellingGeneralAndAdministrativeExpenses": 5030000000,
    "otherExpenses": -111000000,
    "operatingExpenses": 6281000000,
    "costAndExpenses": 16933000000,
    "interestIncome": 20000000,
    "interestExpense": 128000000,
    "depreciationAndAmortization": 990000000,
    "ebitda": 6217000000,
    "ebitdaratio": 0.2818223028,
    "operatingIncome": 5127000000,
    "operatingIncomeRatio": 0.2324116047,
    "totalOtherIncomeExpensesNet": -28000000,
    "incomeBeforeTax": 5099000000,
    "incomeBeforeTaxRatio": 0.2311423391,
    "incomeTaxExpense": 638000000,
    "netIncome": 4462000000,
    "netIncomeRatio": 0.2022665458,
    "eps": 4.6,
    "epsdiluted": 4.59,
    "weightedAverageShsOut": 969400000,
    "weightedAverageShsOutDil": 972800000,
    "link": "https://www.sec.gov/Archives/edgar/data/51143/000104746916010329/0001047469-16-010329-index.htm",
    "finalLink": "https://www.sec.gov/Archives/edgar/data/51143/000104746916010329/a2226548z10-k.htm"
  },
  {
    "date": "2015-09-30",
    "symbol": "IBM",
    "reportedCurrency": "USD",
    "cik": "0000051143",
    "fillingDate": "2015-10-27",
    "acceptedDate": "2015-10-27 13:36:47",
    "calendarYear": "2015",
    "period": "Q3",
    "revenue": 19280000000,
    "costOfRevenue": 9844000000,
    "grossProfit": 9436000000,
    "grossProfitRatio": 0.4894190871,
    "researchAndDevelopmentExpenses": 1287000000,
    "generalAndAdministrativeExpenses": 4318000000,
    "sellingAndMarketingExpenses": 315000000,
    "sellingGeneralAndAdministrativeExpenses": 4633000000,
    "otherExpenses": -115000000,
    "operatingExpenses": 5805000000,
    "costAndExpenses": 15649000000,
    "interestIncome": 16000000,
    "interestExpense": 117000000,
    "depreciationAndAmortization": 936000000,
    "ebitda": 4674000000,
    "ebitdaratio": 0.2424273859,
    "operatingIncome": 3631000000,
    "operatingIncomeRatio": 0.1883298755,
    "totalOtherIncomeExpensesNet": -10000000,
    "incomeBeforeTax": 3621000000,
    "incomeBeforeTaxRatio": 0.1878112033,
    "incomeTaxExpense": 659000000,
    "netIncome": 2950000000,
    "netIncomeRatio": 0.1530082988,
    "eps": 3.03,
    "epsdiluted": 3.01,
    "weightedAverageShsOut": 975100000,
    "weightedAverageShsOutDil": 979000000,
    "link": "https://www.sec.gov/Archives/edgar/data/51143/000005114315000009/0000051143-15-000009-index.htm",
    "finalLink": "https://www.sec.gov/Archives/edgar/data/51143/000005114315000009/ibm15q3_10q.htm"
  },
  {
    "date": "2015-06-30",
    "symbol": "IBM",
    "reportedCurrency": "USD",
    "cik": "0000051143",
    "fillingDate": "2015-07-28",
    "acceptedDate": "2015-07-28 14:32:26",
    "calendarYear": "2015",
    "period": "Q2",
    "revenue": 20814000000,
    "costOfRevenue": 10423000000,
    "grossProfit": 10390000000,
    "grossProfitRatio": 0.499183242,
    "researchAndDevelopmentExpenses": 1300000000,
    "generalAndAdministrativeExpenses": 4693000000,
    "sellingAndMarketingExpenses": 341000000,
    "sellingGeneralAndAdministrativeExpenses": 5034000000,
    "otherExpenses": -55000000,
    "operatingExpenses": 6279000000,
    "costAndExpenses": 16702000000,
    "interestIncome": 18000000,
    "interestExpense": 115000000,
    "depreciationAndAmortization": 961000000,
    "ebitda": 5300000000,
    "ebitdaratio": 0.2546363025,
    "operatingIncome": 4112000000,
    "operatingIncomeRatio": 0.1975593351,
    "totalOtherIncomeExpensesNet": 112000000,
    "incomeBeforeTax": 4224000000,
    "incomeBeforeTaxRatio": 0.2029403286,
    "incomeTaxExpense": 698000000,
    "netIncome": 3449000000,
    "netIncomeRatio": 0.165705775,
    "eps": 3.51,
    "epsdiluted": 3.5,
    "weightedAverageShsOut": 982300000,
    "weightedAverageShsOutDil": 986700000,
    "link": "https://www.sec.gov/Archives/edgar/data/51143/000005114315000005/0000051143-15-000005-index.htm",
    "finalLink": "https://www.sec.gov/Archives/edgar/data/51143/000005114315000005/ibm15q2_10q.htm"
  },
  {
    "date": "2015-03-31",
    "symbol": "IBM",
    "reportedCurrency": "USD",
    "cik": "0000051143",
    "fillingDate": "2015-04-28",
    "acceptedDate": "2015-04-28 14:22:44",
    "calendarYear": "2015",
    "period": "Q1",
    "revenue": 19590000000,
    "costOfRevenue": 10138000000,
    "grossProfit": 9452000000,
    "grossProfitRatio": 0.4824910669,
    "researchAndDevelopmentExpenses": 1298000000,
    "generalAndAdministrativeExpenses": 4887000000,
    "sellingAndMarketingExpenses": 313000000,
    "sellingGeneralAndAdministrativeExpenses": 5200000000,
    "otherExpenses": -94000000,
    "operatingExpenses": 6404000000,
    "costAndExpenses": 16542000000,
    "interestIncome": 19000000,
    "interestExpense": 108000000,
    "depreciationAndAmortization": 968000000,
    "ebitda": 4077000000,
    "ebitdaratio": 0.2081163859,
    "operatingIncome": 3048000000,
    "operatingIncomeRatio": 0.1555895865,
    "totalOtherIncomeExpensesNet": -47000000,
    "incomeBeforeTax": 3001000000,
    "incomeBeforeTaxRatio": 0.1531904033,
    "incomeTaxExpense": 585000000,
    "netIncome": 2327000000,
    "netIncomeRatio": 0.1187850944,
    "eps": 2.36,
    "epsdiluted": 2.35,
    "weightedAverageShsOut": 988100000,
    "weightedAverageShsOutDil": 992300000,
    "link": "https://www.sec.gov/Archives/edgar/data/51143/000005114315000003/0000051143-15-000003-index.htm",
    "finalLink": "https://www.sec.gov/Archives/edgar/data/51143/000005114315000003/ibm15q1_10q.htm"
  },
  {
    "date": "2014-12-31",
    "symbol": "IBM",
    "reportedCurrency": "USD",
    "cik": "0000051143",
    "fillingDate": "2015-02-24",
    "acceptedDate": "2015-02-24 14:08:09",
    "calendarYear": "2014",
    "period": "Q4",
    "revenue": 24113000000,
    "costOfRevenue": 11251000000,
    "grossProfit": 12862000000,
    "grossProfitRatio": 0.5334052171,
    "researchAndDevelopmentExpenses": 1320000000,
    "generalAndAdministrativeExpenses": 5515000000,
    "sellingAndMarketingExpenses": 316000000,
    "sellingGeneralAndAdministrativeExpenses": 5831000000,
    "otherExpenses": -106000000,
    "operatingExpenses": 7045000000,
    "costAndExpenses": 18296000000,
    "interestIncome": 25000000,
    "interestExpense": 117000000,
    "depreciationAndAmortization": 1046000000,
    "ebitda": 8258000000,
    "ebitdaratio": 0.3424708663,
    "operatingIncome": 5817000000,
    "operatingIncomeRatio": 0.2412391656,
    "totalOtherIncomeExpensesNet": 1278000000,
    "incomeBeforeTax": 7095000000,
    "incomeBeforeTaxRatio": 0.2942396218,
    "incomeTaxExpense": 1579000000,
    "netIncome": 5483000000,
    "netIncomeRatio": 0.2273877162,
    "eps": 5.54,
    "epsdiluted": 5.51,
    "weightedAverageShsOut": 990400000,
    "weightedAverageShsOutDil": 995400000,
    "link": "https://www.sec.gov/Archives/edgar/data/51143/000104746915001106/0001047469-15-001106-index.htm",
    "finalLink": "https://www.sec.gov/Archives/edgar/data/51143/000104746915001106/a2222209z10-k.htm"
  },
  {
    "date": "2014-09-30",
    "symbol": "IBM",
    "reportedCurrency": "USD",
    "cik": "0000051143",
    "fillingDate": "2014-10-28",
    "acceptedDate": "2014-10-28 13:56:04",
    "calendarYear": "2014",
    "period": "Q3",
    "revenue": 22397000000,
    "costOfRevenue": 11523000000,
    "grossProfit": 10874000000,
    "grossProfitRatio": 0.4855114524,
    "researchAndDevelopmentExpenses": 1354000000,
    "generalAndAdministrativeExpenses": 4778000000,
    "sellingAndMarketingExpenses": 306000000,
    "sellingGeneralAndAdministrativeExpenses": 5084000000,
    "otherExpenses": -49000000,
    "operatingExpenses": 6389000000,
    "costAndExpenses": 17912000000,
    "interestIncome": 21000000,
    "interestExpense": 126000000,
    "depreciationAndAmortization": 1139000000,
    "ebitda": 5626000000,
    "ebitdaratio": 0.2511943564,
    "operatingIncome": 4485000000,
    "operatingIncomeRatio": 0.2002500335,
    "totalOtherIncomeExpensesNet": -124000000,
    "incomeBeforeTax": 4361000000,
    "incomeBeforeTaxRatio": 0.1947135777,
    "incomeTaxExpense": 906000000,
    "netIncome": 18000000,
    "netIncomeRatio": 0.0008036791,
    "eps": 0.02,
    "epsdiluted": 0.02,
    "weightedAverageShsOut": 991800000,
    "weightedAverageShsOutDil": 997700000,
    "link": "https://www.sec.gov/Archives/edgar/data/51143/000005114314000010/0000051143-14-000010-index.htm",
    "finalLink": "https://www.sec.gov/Archives/edgar/data/51143/000005114314000010/ibm14q3_10q.htm"
  },
  {
    "date": "2014-06-30",
    "symbol": "IBM",
    "reportedCurrency": "USD",
    "cik": "0000051143",
    "fillingDate": "2014-07-29",
    "acceptedDate": "2014-07-29 14:48:12",
    "calendarYear": "2014",
    "period": "Q2",
    "revenue": 24047000000,
    "costOfRevenue": 12003000000,
    "grossProfit": 12044000000,
    "grossProfitRatio": 0.5008524972,
    "researchAndDevelopmentExpenses": 1361000000,
    "generalAndAdministrativeExpenses": 5085000000,
    "sellingAndMarketingExpenses": 347000000,
    "sellingGeneralAndAdministrativeExpenses": 5432000000,
    "otherExpenses": -97000000,
    "operatingExpenses": 6696000000,
    "costAndExpenses": 18699000000,
    "interestIncome": 22000000,
    "interestExpense": 136000000,
    "depreciationAndAmortization": 1166000000,
    "ebitda": 6650000000,
    "ebitdaratio": 0.2765417724,
    "operatingIncome": 5348000000,
    "operatingIncomeRatio": 0.2223978043,
    "totalOtherIncomeExpensesNet": 0,
    "incomeBeforeTax": 5348000000,
    "incomeBeforeTaxRatio": 0.2223978043,
    "incomeTaxExpense": 1096000000,
    "netIncome": 4136000000,
    "netIncomeRatio": 0.1719965068,
    "eps": 4.14,
    "epsdiluted": 4.12,
    "weightedAverageShsOut": 999600000,
    "weightedAverageShsOutDil": 1005100000,
    "link": "https://www.sec.gov/Archives/edgar/data/51143/000005114314000007/0000051143-14-000007-index.htm",
    "finalLink": "https://www.sec.gov/Archives/edgar/data/51143/000005114314000007/ibm14q2_10q.htm"
  },
  {
    "date": "2014-03-31",
    "symbol": "IBM",
    "reportedCurrency": "USD",
    "cik": "0000051143",
    "fillingDate": "2014-03-31",
    "acceptedDate": "2014-03-30 20:00:00",
    "calendarYear": "2014",
    "period": "Q1",
    "revenue": 22236000000,
    "costOfRevenue": 11608000000,
    "grossProfit": 10627000000,
    "grossProfitRatio": 0.4779186904,
    "researchAndDevelopmentExpenses": 1402000000,
    "generalAndAdministrativeExpenses": 5787000000,
    "sellingAndMarketingExpenses": 338000000,
    "sellingGeneralAndAdministrativeExpenses": 6125000000,
    "otherExpenses": -114000000,
    "operatingExpenses": 7413000000,
    "costAndExpenses": 19021000000,
    "interestIncome": 22000000,
    "interestExpense": 105000000,
    "depreciationAndAmortization": 1141000000,
    "ebitda": 4429000000,
    "ebitdaratio": 0.1991815075,
    "operatingIncome": 3215000000,
    "operatingIncomeRatio": 0.1445853571,
    "totalOtherIncomeExpensesNet": -32000000,
    "incomeBeforeTax": 3183000000,
    "incomeBeforeTaxRatio": 0.1431462493,
    "incomeTaxExpense": 653000000,
    "netIncome": 2384000000,
    "netIncomeRatio": 0.1072135276,
    "eps": 2.3,
    "epsdiluted": 2.29,
    "weightedAverageShsOut": 1035200000,
    "weightedAverageShsOutDil": 1041800000,
    "link": "",
    "finalLink": ""
  },
  {
    "date": "2013-12-31",
    "symbol": "IBM",
    "reportedCurrency": "USD",
    "cik": "0000051143",
    "fillingDate": "2014-02-25",
    "acceptedDate": "2014-02-25 14:13:24",
    "calendarYear": "2013",
    "period": "Q4",
    "revenue": 27699000000,
    "costOfRevenue": 13383000000,
    "grossProfit": 14316000000,
    "grossProfitRatio": 0.5168417632,
    "researchAndDevelopmentExpenses": 1565000000,
    "generalAndAdministrativeExpenses": 5494000000,
    "sellingAndMarketingExpenses": 323000000,
    "sellingGeneralAndAdministrativeExpenses": 5817000000,
    "otherExpenses": -108000000,
    "operatingExpenses": 7274000000,
    "costAndExpenses": 20657000000,
    "interestIncome": 18000000,
    "interestExpense": 113000000,
    "depreciationAndAmortization": 1214000000,
    "ebitda": 8289000000,
    "ebitdaratio": 0.2992526806,
    "operatingIncome": 7042000000,
    "operatingIncomeRatio": 0.2542330048,
    "totalOtherIncomeExpensesNet": -80000000,
    "incomeBeforeTax": 6962000000,
    "incomeBeforeTaxRatio": 0.2513448139,
    "incomeTaxExpense": 778000000,
    "netIncome": 6184000000,
    "netIncomeRatio": 0.2232571573,
    "eps": 5.77,
    "epsdiluted": 5.73,
    "weightedAverageShsOut": 1072500000,
    "weightedAverageShsOutDil": 1080000000,
    "link": "https://www.sec.gov/Archives/edgar/data/51143/000104746914001302/0001047469-14-001302-index.htm",
    "finalLink": "https://www.sec.gov/Archives/edgar/data/51143/000104746914001302/a2217495z10-k.htm"
  },
  {
    "date": "2013-09-30",
    "symbol": "IBM",
    "reportedCurrency": "USD",
    "cik": "0000051143",
    "fillingDate": "2013-10-29",
    "acceptedDate": "2013-10-29 16:51:27",
    "calendarYear": "2013",
    "period": "Q3",
    "revenue": 23338000000,
    "costOfRevenue": 11908000000,
    "grossProfit": 11429000000,
    "grossProfitRatio": 0.4897163424,
    "researchAndDevelopmentExpenses": 1356000000,
    "generalAndAdministrativeExpenses": 4830000000,
    "sellingAndMarketingExpenses": 300000000,
    "sellingGeneralAndAdministrativeExpenses": 5130000000,
    "otherExpenses": -90000000,
    "operatingExpenses": 6396000000,
    "costAndExpenses": 18304000000,
    "interestIncome": 13000000,
    "interestExpense": 97000000,
    "depreciationAndAmortization": 1175000000,
    "ebitda": 6244000000,
    "ebitdaratio": 0.2675464907,
    "operatingIncome": 5034000000,
    "operatingIncomeRatio": 0.2156997172,
    "totalOtherIncomeExpensesNet": -62000000,
    "incomeBeforeTax": 4972000000,
    "incomeBeforeTaxRatio": 0.2130431057,
    "incomeTaxExpense": 832000000,
    "netIncome": 4041000000,
    "netIncomeRatio": 0.1731510841,
    "eps": 3.7,
    "epsdiluted": 3.68,
    "weightedAverageShsOut": 1090900000,
    "weightedAverageShsOutDil": 1098800000,
    "link": "https://www.sec.gov/Archives/edgar/data/51143/000005114313000007/0000051143-13-000007-index.htm",
    "finalLink": "https://www.sec.gov/Archives/edgar/data/51143/000005114313000007/ibm13q3_10q.htm"
  },
  {
    "date": "2013-06-30",
    "symbol": "IBM",
    "reportedCurrency": "USD",
    "cik": "0000051143",
    "fillingDate": "2013-07-31",
    "acceptedDate": "2013-07-30 21:30:19",
    "calendarYear": "2013",
    "period": "Q2",
    "revenue": 24924000000,
    "costOfRevenue": 12792000000,
    "grossProfit": 12132000000,
    "grossProfitRatio": 0.4867597496,
    "researchAndDevelopmentExpenses": 1548000000,
    "generalAndAdministrativeExpenses": 6220000000,
    "sellingAndMarketingExpenses": 348000000,
    "sellingGeneralAndAdministrativeExpenses": 6568000000,
    "otherExpenses": -159000000,
    "operatingExpenses": 7957000000,
    "costAndExpenses": 20749000000,
    "interestIncome": 19000000,
    "interestExpense": 98000000,
    "depreciationAndAmortization": 1136000000,
    "ebitda": 5378000000,
    "ebitdaratio": 0.2157759589,
    "operatingIncome": 4175000000,
    "operatingIncomeRatio": 0.1675092281,
    "totalOtherIncomeExpensesNet": -31000000,
    "incomeBeforeTax": 4144000000,
    "incomeBeforeTaxRatio": 0.166265447,
    "incomeTaxExpense": 918000000,
    "netIncome": 3226000000,
    "netIncomeRatio": 0.1294334778,
    "eps": 2.93,
    "epsdiluted": 2.91,
    "weightedAverageShsOut": 1100900000,
    "weightedAverageShsOutDil": 1109400000,
    "link": "https://www.sec.gov/Archives/edgar/data/51143/000110465913058041/0001104659-13-058041-index.htm",
    "finalLink": "https://www.sec.gov/Archives/edgar/data/51143/000110465913058041/a13-13617_110q.htm"
  },
  {
    "date": "2013-03-31",
    "symbol": "IBM",
    "reportedCurrency": "USD",
    "cik": "0000051143",
    "fillingDate": "2013-04-30",
    "acceptedDate": "2013-04-30 14:34:00",
    "calendarYear": "2013",
    "period": "Q1",
    "revenue": 23408000000,
    "costOfRevenue": 12730000000,
    "grossProfit": 10678000000,
    "grossProfitRatio": 0.4561688312,
    "researchAndDevelopmentExpenses": 1644000000,
    "generalAndAdministrativeExpenses": 5142000000,
    "sellingAndMarketingExpenses": 323000000,
    "sellingGeneralAndAdministrativeExpenses": 5465000000,
    "otherExpenses": -93000000,
    "operatingExpenses": 7016000000,
    "costAndExpenses": 19746000000,
    "interestIncome": 23000000,
    "interestExpense": 94000000,
    "depreciationAndAmortization": 1153000000,
    "ebitda": 4853000000,
    "ebitdaratio": 0.207322283,
    "operatingIncome": 3662000000,
    "operatingIncomeRatio": 0.156442242,
    "totalOtherIncomeExpensesNet": -56000000,
    "incomeBeforeTax": 3606000000,
    "incomeBeforeTaxRatio": 0.1540498975,
    "incomeTaxExpense": 574000000,
    "netIncome": 3032000000,
    "netIncomeRatio": 0.1295283664,
    "eps": 2.72,
    "epsdiluted": 2.7,
    "weightedAverageShsOut": 1113700000,
    "weightedAverageShsOutDil": 1124000000,
    "link": "https://www.sec.gov/Archives/edgar/data/51143/000110465913035106/0001104659-13-035106-index.htm",
    "finalLink": "https://www.sec.gov/Archives/edgar/data/51143/000110465913035106/a13-7778_110q.htm"
  },
  {
    "date": "2012-12-31",
    "symbol": "IBM",
    "reportedCurrency": "USD",
    "cik": "0000051143",
    "fillingDate": "2013-02-26",
    "acceptedDate": "2013-02-26 15:35:35",
    "calendarYear": "2012",
    "period": "Q4",
    "revenue": 29304000000,
    "costOfRevenue": 14137000000,
    "grossProfit": 15167000000,
    "grossProfitRatio": 0.5175743926,
    "researchAndDevelopmentExpenses": 1580000000,
    "generalAndAdministrativeExpenses": 5463000000,
    "sellingAndMarketingExpenses": 350000000,
    "sellingGeneralAndAdministrativeExpenses": 5813000000,
    "otherExpenses": -1016000000,
    "operatingExpenses": 6377000000,
    "costAndExpenses": 20514000000,
    "interestIncome": 26000000,
    "interestExpense": 109000000,
    "depreciationAndAmortization": 1152000000,
    "ebitda": 9092000000,
    "ebitdaratio": 0.3102648103,
    "operatingIncome": 8790000000,
    "operatingIncomeRatio": 0.29995905,
    "totalOtherIncomeExpensesNet": -959000000,
    "incomeBeforeTax": 7831000000,
    "incomeBeforeTaxRatio": 0.2672331422,
    "incomeTaxExpense": 1998000000,
    "netIncome": 5833000000,
    "netIncomeRatio": 0.1990513241,
    "eps": 5.19,
    "epsdiluted": 5.13,
    "weightedAverageShsOut": 1124700000,
    "weightedAverageShsOutDil": 1136400000,
    "link": "https://www.sec.gov/Archives/edgar/data/51143/000104746913001698/0001047469-13-001698-index.htm",
    "finalLink": "https://www.sec.gov/Archives/edgar/data/51143/000104746913001698/a2212340z10-k.htm"
  },
  {
    "date": "2012-09-30",
    "symbol": "IBM",
    "reportedCurrency": "USD",
    "cik": "0000051143",
    "fillingDate": "2012-10-30",
    "acceptedDate": "2012-10-30 14:01:17",
    "calendarYear": "2012",
    "period": "Q3",
    "revenue": 24747000000,
    "costOfRevenue": 13016000000,
    "grossProfit": 11732000000,
    "grossProfitRatio": 0.474077666,
    "researchAndDevelopmentExpenses": 1534000000,
    "generalAndAdministrativeExpenses": 5480000000,
    "sellingAndMarketingExpenses": 330000000,
    "sellingGeneralAndAdministrativeExpenses": 5810000000,
    "otherExpenses": -221000000,
    "operatingExpenses": 7123000000,
    "costAndExpenses": 20139000000,
    "interestIncome": 22000000,
    "interestExpense": 124000000,
    "depreciationAndAmortization": 1191000000,
    "ebitda": 6389000000,
    "ebitdaratio": 0.2581727078,
    "operatingIncome": 4608000000,
    "operatingIncomeRatio": 0.1862043884,
    "totalOtherIncomeExpensesNet": 466000000,
    "incomeBeforeTax": 5074000000,
    "incomeBeforeTaxRatio": 0.2050349537,
    "incomeTaxExpense": 1251000000,
    "netIncome": 3824000000,
    "netIncomeRatio": 0.1545237807,
    "eps": 3.36,
    "epsdiluted": 3.33,
    "weightedAverageShsOut": 1137200000,
    "weightedAverageShsOutDil": 1149300000,
    "link": "https://www.sec.gov/Archives/edgar/data/51143/000110465912072210/0001104659-12-072210-index.htm",
    "finalLink": "https://www.sec.gov/Archives/edgar/data/51143/000110465912072210/a12-20368_110q.htm"
  },
  {
    "date": "2012-06-30",
    "symbol": "IBM",
    "reportedCurrency": "USD",
    "cik": "0000051143",
    "fillingDate": "2012-07-31",
    "acceptedDate": "2012-07-31 13:59:43",
    "calendarYear": "2012",
    "period": "Q2",
    "revenue": 25782000000,
    "costOfRevenue": 13502000000,
    "grossProfit": 12281000000,
    "grossProfitRatio": 0.4763400822,
    "researchAndDevelopmentExpenses": 1587000000,
    "generalAndAdministrativeExpenses": 5409000000,
    "sellingAndMarketingExpenses": 344000000,
    "sellingGeneralAndAdministrativeExpenses": 5753000000,
    "otherExpenses": -209000000,
    "operatingExpenses": 7131000000,
    "costAndExpenses": 20633000000,
    "interestIncome": 31000000,
    "interestExpense": 117000000,
    "depreciationAndAmortization": 1176000000,
    "ebitda": 6454000000,
    "ebitdaratio": 0.2503296874,
    "operatingIncome": 5149000000,
    "operatingIncomeRatio": 0.199712978,
    "totalOtherIncomeExpensesNet": 12000000,
    "incomeBeforeTax": 5161000000,
    "incomeBeforeTaxRatio": 0.2001784191,
    "incomeTaxExpense": 1280000000,
    "netIncome": 3881000000,
    "netIncomeRatio": 0.1505313785,
    "eps": 3.38,
    "epsdiluted": 3.34,
    "weightedAverageShsOut": 1149000000,
    "weightedAverageShsOutDil": 1161900000,
    "link": "https://www.sec.gov/Archives/edgar/data/51143/000110465912052637/0001104659-12-052637-index.htm",
    "finalLink": "https://www.sec.gov/Archives/edgar/data/51143/000110465912052637/a12-10636_110q.htm"
  },
  {
    "date": "2012-03-31",
    "symbol": "IBM",
    "reportedCurrency": "USD",
    "cik": "0000051143",
    "fillingDate": "2012-04-24",
    "acceptedDate": "2012-04-24 13:33:46",
    "calendarYear": "2012",
    "period": "Q1",
    "revenue": 24673000000,
    "costOfRevenue": 13555000000,
    "grossProfit": 11118000000,
    "grossProfitRatio": 0.4506140315,
    "researchAndDevelopmentExpenses": 1601000000,
    "generalAndAdministrativeExpenses": 5484000000,
    "sellingAndMarketingExpenses": 316000000,
    "sellingGeneralAndAdministrativeExpenses": 5800000000,
    "otherExpenses": -177000000,
    "operatingExpenses": 7224000000,
    "costAndExpenses": 20779000000,
    "interestIncome": 31000000,
    "interestExpense": 110000000,
    "depreciationAndAmortization": 1157000000,
    "ebitda": 5103000000,
    "ebitdaratio": 0.2068252746,
    "operatingIncome": 3894000000,
    "operatingIncomeRatio": 0.1578243424,
    "totalOtherIncomeExpensesNet": -58000000,
    "incomeBeforeTax": 3836000000,
    "incomeBeforeTaxRatio": 0.1554735946,
    "incomeTaxExpense": 769000000,
    "netIncome": 3066000000,
    "netIncomeRatio": 0.1242653913,
    "eps": 2.65,
    "epsdiluted": 2.61,
    "weightedAverageShsOut": 1159100000,
    "weightedAverageShsOutDil": 1174200000,
    "link": "https://www.sec.gov/Archives/edgar/data/51143/000110465912027715/0001104659-12-027715-index.htm",
    "finalLink": "https://www.sec.gov/Archives/edgar/data/51143/000110465912027715/a12-7383_110q.htm"
  },
  {
    "date": "2011-12-31",
    "symbol": "IBM",
    "reportedCurrency": "USD",
    "cik": "0000051143",
    "fillingDate": "2012-02-28",
    "acceptedDate": "2012-02-28 14:52:20",
    "calendarYear": "2011",
    "period": "Q4",
    "revenue": 29486000000,
    "costOfRevenue": 14764000000,
    "grossProfit": 14722000000,
    "grossProfitRatio": 0.4992877976,
    "researchAndDevelopmentExpenses": 1555000000,
    "generalAndAdministrativeExpenses": 5570000000,
    "sellingAndMarketingExpenses": 345000000,
    "sellingGeneralAndAdministrativeExpenses": 5915000000,
    "otherExpenses": 161000000,
    "operatingExpenses": 7631000000,
    "costAndExpenses": 22395000000,
    "interestIncome": 31000000,
    "interestExpense": 113000000,
    "depreciationAndAmortization": 1188000000,
    "ebitda": 8575000000,
    "ebitdaratio": 0.2908159805,
    "operatingIncome": 7091000000,
    "operatingIncomeRatio": 0.2404870108,
    "totalOtherIncomeExpensesNet": 183000000,
    "incomeBeforeTax": 7274000000,
    "incomeBeforeTaxRatio": 0.246693346,
    "incomeTaxExpense": 1784000000,
    "netIncome": 5490000000,
    "netIncomeRatio": 0.1861900563,
    "eps": 4.68,
    "epsdiluted": 4.62,
    "weightedAverageShsOut": 1172200000,
    "weightedAverageShsOutDil": 1188700000,
    "link": "https://www.sec.gov/Archives/edgar/data/51143/000104746912001742/0001047469-12-001742-index.htm",
    "finalLink": "https://www.sec.gov/Archives/edgar/data/51143/000104746912001742/a2206744z10-k.htm"
  },
  {
    "date": "2011-09-30",
    "symbol": "IBM",
    "reportedCurrency": "USD",
    "cik": "0000051143",
    "fillingDate": "2011-10-25",
    "acceptedDate": "2011-10-25 13:01:40",
    "calendarYear": "2011",
    "period": "Q3",
    "revenue": 26157000000,
    "costOfRevenue": 13984000000,
    "grossProfit": 12173000000,
    "grossProfitRatio": 0.4653821157,
    "researchAndDevelopmentExpenses": 1546000000,
    "generalAndAdministrativeExpenses": 5247000000,
    "sellingAndMarketingExpenses": 339000000,
    "sellingGeneralAndAdministrativeExpenses": 5586000000,
    "otherExpenses": 75000000,
    "operatingExpenses": 7207000000,
    "costAndExpenses": 21191000000,
    "interestIncome": 39000000,
    "interestExpense": 107000000,
    "depreciationAndAmortization": 1192000000,
    "ebitda": 6326000000,
    "ebitdaratio": 0.2418473066,
    "operatingIncome": 4966000000,
    "operatingIncomeRatio": 0.1898535765,
    "totalOtherIncomeExpensesNet": 61000000,
    "incomeBeforeTax": 5027000000,
    "incomeBeforeTaxRatio": 0.1921856482,
    "incomeTaxExpense": 1188000000,
    "netIncome": 3839000000,
    "netIncomeRatio": 0.1467675957,
    "eps": 3.23,
    "epsdiluted": 3.19,
    "weightedAverageShsOut": 1188600000,
    "weightedAverageShsOutDil": 1204900000,
    "link": "https://www.sec.gov/Archives/edgar/data/51143/000110465911057630/0001104659-11-057630-index.htm",
    "finalLink": "https://www.sec.gov/Archives/edgar/data/51143/000110465911057630/a11-25576_110q.htm"
  },
  {
    "date": "2011-06-30",
    "symbol": "IBM",
    "reportedCurrency": "USD",
    "cik": "0000051143",
    "fillingDate": "2011-07-26",
    "acceptedDate": "2011-07-26 14:07:05",
    "calendarYear": "2011",
    "period": "Q2",
    "revenue": 26667000000,
    "costOfRevenue": 14282000000,
    "grossProfit": 12385000000,
    "grossProfitRatio": 0.4644316946,
    "researchAndDevelopmentExpenses": 1569000000,
    "generalAndAdministrativeExpenses": 5585000000,
    "sellingAndMarketingExpenses": 366000000,
    "sellingGeneralAndAdministrativeExpenses": 5951000000,
    "otherExpenses": 80000000,
    "operatingExpenses": 7600000000,
    "costAndExpenses": 21882000000,
    "interestIncome": 30000000,
    "interestExpense": 97000000,
    "depreciationAndAmortization": 1207000000,
    "ebitda": 6189000000,
    "ebitdaratio": 0.2320845989,
    "operatingIncome": 4785000000,
    "operatingIncomeRatio": 0.1794352571,
    "totalOtherIncomeExpensesNet": 100000000,
    "incomeBeforeTax": 4885000000,
    "incomeBeforeTaxRatio": 0.1831852102,
    "incomeTaxExpense": 1221000000,
    "netIncome": 3664000000,
    "netIncomeRatio": 0.1373982825,
    "eps": 3.04,
    "epsdiluted": 3,
    "weightedAverageShsOut": 1204800000,
    "weightedAverageShsOutDil": 1221400000,
    "link": "https://www.sec.gov/Archives/edgar/data/51143/000110465911040759/0001104659-11-040759-index.htm",
    "finalLink": "https://www.sec.gov/Archives/edgar/data/51143/000110465911040759/a11-12772_110q.htm"
  },
  {
    "date": "2011-03-31",
    "symbol": "IBM",
    "reportedCurrency": "USD",
    "cik": "0000051143",
    "fillingDate": "2011-04-26",
    "acceptedDate": "2011-04-26 13:07:53",
    "calendarYear": "2011",
    "period": "Q1",
    "revenue": 24607000000,
    "costOfRevenue": 13749000000,
    "grossProfit": 10858000000,
    "grossProfitRatio": 0.441256553,
    "researchAndDevelopmentExpenses": 1587000000,
    "generalAndAdministrativeExpenses": 5442000000,
    "sellingAndMarketingExpenses": 323000000,
    "sellingGeneralAndAdministrativeExpenses": 5765000000,
    "otherExpenses": 73000000,
    "operatingExpenses": 7425000000,
    "costAndExpenses": 21174000000,
    "interestIncome": 36000000,
    "interestExpense": 93000000,
    "depreciationAndAmortization": 1228000000,
    "ebitda": 5138000000,
    "ebitdaratio": 0.2088023733,
    "operatingIncome": 3433000000,
    "operatingIncomeRatio": 0.1395131467,
    "totalOtherIncomeExpensesNet": 384000000,
    "incomeBeforeTax": 3817000000,
    "incomeBeforeTaxRatio": 0.1551184622,
    "incomeTaxExpense": 954000000,
    "netIncome": 2863000000,
    "netIncomeRatio": 0.1163490064,
    "eps": 2.34,
    "epsdiluted": 2.31,
    "weightedAverageShsOut": 1222200000,
    "weightedAverageShsOutDil": 1240000000,
    "link": "https://www.sec.gov/Archives/edgar/data/51143/000110465911022352/0001104659-11-022352-index.htm",
    "finalLink": "https://www.sec.gov/Archives/edgar/data/51143/000110465911022352/a11-9215_110q.htm"
  },
  {
    "date": "2010-12-31",
    "symbol": "IBM",
    "reportedCurrency": "USD",
    "cik": "0000051143",
    "fillingDate": "2011-02-22",
    "acceptedDate": "2011-02-22 13:08:33",
    "calendarYear": "2010",
    "period": "Q4",
    "revenue": 29018000000,
    "costOfRevenue": 14792000000,
    "grossProfit": 14227000000,
    "grossProfitRatio": 0.490281894,
    "researchAndDevelopmentExpenses": 1578000000,
    "generalAndAdministrativeExpenses": 5474000000,
    "sellingAndMarketingExpenses": 371000000,
    "sellingGeneralAndAdministrativeExpenses": 5845000000,
    "otherExpenses": 116000000,
    "operatingExpenses": 7539000000,
    "costAndExpenses": 22331000000,
    "interestIncome": 27000000,
    "interestExpense": 101000000,
    "depreciationAndAmortization": 1235000000,
    "ebitda": 8291000000,
    "ebitdaratio": 0.2857192088,
    "operatingIncome": 6687000000,
    "operatingIncomeRatio": 0.2304431732,
    "totalOtherIncomeExpensesNet": 268000000,
    "incomeBeforeTax": 6955000000,
    "incomeBeforeTaxRatio": 0.23967882,
    "incomeTaxExpense": 1698000000,
    "netIncome": 5257000000,
    "netIncomeRatio": 0.1811634158,
    "eps": 4.24,
    "epsdiluted": 4.18,
    "weightedAverageShsOut": 1240100000,
    "weightedAverageShsOutDil": 1258400000,
    "link": "https://www.sec.gov/Archives/edgar/data/51143/000104746911001117/0001047469-11-001117-index.htm",
    "finalLink": "https://www.sec.gov/Archives/edgar/data/51143/000104746911001117/a2201254z10-k.htm"
  },
  {
    "date": "2010-09-30",
    "symbol": "IBM",
    "reportedCurrency": "USD",
    "cik": "0000051143",
    "fillingDate": "2010-10-26",
    "acceptedDate": "2010-10-26 14:08:52",
    "calendarYear": "2010",
    "period": "Q3",
    "revenue": 24271000000,
    "costOfRevenue": 13270000000,
    "grossProfit": 11001000000,
    "grossProfitRatio": 0.4532569733,
    "researchAndDevelopmentExpenses": 1464000000,
    "generalAndAdministrativeExpenses": 4769000000,
    "sellingAndMarketingExpenses": 337000000,
    "sellingGeneralAndAdministrativeExpenses": 5106000000,
    "otherExpenses": 42000000,
    "operatingExpenses": 6612000000,
    "costAndExpenses": 19882000000,
    "interestIncome": 23000000,
    "interestExpense": 95000000,
    "depreciationAndAmortization": 1203000000,
    "ebitda": 5975000000,
    "ebitdaratio": 0.246178567,
    "operatingIncome": 4389000000,
    "operatingIncomeRatio": 0.180833093,
    "totalOtherIncomeExpensesNet": 288000000,
    "incomeBeforeTax": 4677000000,
    "incomeBeforeTaxRatio": 0.1926991059,
    "incomeTaxExpense": 1088000000,
    "netIncome": 3589000000,
    "netIncomeRatio": 0.1478719459,
    "eps": 2.86,
    "epsdiluted": 2.82,
    "weightedAverageShsOut": 1255200000,
    "weightedAverageShsOutDil": 1272800000,
    "link": "https://www.sec.gov/Archives/edgar/data/51143/000110465910053716/0001104659-10-053716-index.htm",
    "finalLink": "https://www.sec.gov/Archives/edgar/data/51143/000110465910053716/a10-17268_110q.htm"
  },
  {
    "date": "2010-06-30",
    "symbol": "IBM",
    "reportedCurrency": "USD",
    "cik": "0000051143",
    "fillingDate": "2010-07-27",
    "acceptedDate": "2010-07-27 14:42:55",
    "calendarYear": "2010",
    "period": "Q2",
    "revenue": 23723000000,
    "costOfRevenue": 12915000000,
    "grossProfit": 10808000000,
    "grossProfitRatio": 0.4555916199,
    "researchAndDevelopmentExpenses": 1475000000,
    "generalAndAdministrativeExpenses": 4655000000,
    "sellingAndMarketingExpenses": 329000000,
    "sellingGeneralAndAdministrativeExpenses": 4984000000,
    "otherExpenses": 78000000,
    "operatingExpenses": 6537000000,
    "costAndExpenses": 19452000000,
    "interestIncome": 23000000,
    "interestExpense": 90000000,
    "depreciationAndAmortization": 1183000000,
    "ebitda": 5848000000,
    "ebitdaratio": 0.246511824,
    "operatingIncome": 4271000000,
    "operatingIncomeRatio": 0.1800362517,
    "totalOtherIncomeExpensesNet": 304000000,
    "incomeBeforeTax": 4575000000,
    "incomeBeforeTaxRatio": 0.1928508199,
    "incomeTaxExpense": 1190000000,
    "netIncome": 3386000000,
    "netIncomeRatio": 0.1427306833,
    "eps": 2.65,
    "epsdiluted": 2.61,
    "weightedAverageShsOut": 1278600000,
    "weightedAverageShsOutDil": 1296700000,
    "link": "https://www.sec.gov/Archives/edgar/data/51143/000110465910039808/0001104659-10-039808-index.htm",
    "finalLink": "https://www.sec.gov/Archives/edgar/data/51143/000110465910039808/a10-12603_110q.htm"
  },
  {
    "date": "2010-03-31",
    "symbol": "IBM",
    "reportedCurrency": "USD",
    "cik": "0000051143",
    "fillingDate": "2010-04-27",
    "acceptedDate": "2010-04-27 14:01:05",
    "calendarYear": "2010",
    "period": "Q1",
    "revenue": 22858000000,
    "costOfRevenue": 12880000000,
    "grossProfit": 9978000000,
    "grossProfitRatio": 0.4365211305,
    "researchAndDevelopmentExpenses": 1509000000,
    "generalAndAdministrativeExpenses": 5309000000,
    "sellingAndMarketingExpenses": 300000000,
    "sellingGeneralAndAdministrativeExpenses": 5609000000,
    "otherExpenses": 66000000,
    "operatingExpenses": 7184000000,
    "costAndExpenses": 20064000000,
    "interestIncome": 19000000,
    "interestExpense": 101000000,
    "depreciationAndAmortization": 1210000000,
    "ebitda": 4826000000,
    "ebitdaratio": 0.2111295826,
    "operatingIncome": 2794000000,
    "operatingIncomeRatio": 0.1222329163,
    "totalOtherIncomeExpensesNet": 721000000,
    "incomeBeforeTax": 3515000000,
    "incomeBeforeTaxRatio": 0.1537754834,
    "incomeTaxExpense": 914000000,
    "netIncome": 2601000000,
    "netIncomeRatio": 0.1137894829,
    "eps": 2,
    "epsdiluted": 1.97,
    "weightedAverageShsOut": 1301200000,
    "weightedAverageShsOutDil": 1321600000,
    "link": "https://www.sec.gov/Archives/edgar/data/51143/000110465910022064/0001104659-10-022064-index.htm",
    "finalLink": "https://www.sec.gov/Archives/edgar/data/51143/000110465910022064/a10-5717_110q.htm"
  },
  {
    "date": "2009-12-31",
    "symbol": "IBM",
    "reportedCurrency": "USD",
    "cik": "0000051143",
    "fillingDate": "2010-02-23",
    "acceptedDate": "2010-02-23 13:31:57",
    "calendarYear": "2009",
    "period": "Q4",
    "revenue": 27230000000,
    "costOfRevenue": 14085000000,
    "grossProfit": 13145000000,
    "grossProfitRatio": 0.4827396254,
    "researchAndDevelopmentExpenses": 1460000000,
    "generalAndAdministrativeExpenses": 5103000000,
    "sellingAndMarketingExpenses": 341000000,
    "sellingGeneralAndAdministrativeExpenses": 5444000000,
    "otherExpenses": 214000000,
    "operatingExpenses": 7118000000,
    "costAndExpenses": 21203000000,
    "interestIncome": 41000000,
    "interestExpense": 81000000,
    "depreciationAndAmortization": 1265000000,
    "ebitda": 7727000000,
    "ebitdaratio": 0.283767903,
    "operatingIncome": 6027000000,
    "operatingIncomeRatio": 0.2213367609,
    "totalOtherIncomeExpensesNet": 354000000,
    "incomeBeforeTax": 6381000000,
    "incomeBeforeTaxRatio": 0.2343371282,
    "incomeTaxExpense": 1568000000,
    "netIncome": 4813000000,
    "netIncomeRatio": 0.1767535806,
    "eps": 3.65,
    "epsdiluted": 3.59,
    "weightedAverageShsOut": 1318400000,
    "weightedAverageShsOutDil": 1340700000,
    "link": "https://www.sec.gov/Archives/edgar/data/51143/000104746910001151/0001047469-10-001151-index.htm",
    "finalLink": "https://www.sec.gov/Archives/edgar/data/51143/000104746910001151/a2195966z10-k.htm"
  },
  {
    "date": "2009-09-30",
    "symbol": "IBM",
    "reportedCurrency": "USD",
    "cik": "0000051143",
    "fillingDate": "2009-10-27",
    "acceptedDate": "2009-10-27 14:02:36",
    "calendarYear": "2009",
    "period": "Q3",
    "revenue": 23566000000,
    "costOfRevenue": 12939000000,
    "grossProfit": 10627000000,
    "grossProfitRatio": 0.4509462785,
    "researchAndDevelopmentExpenses": 1446000000,
    "generalAndAdministrativeExpenses": 4641000000,
    "sellingAndMarketingExpenses": 324000000,
    "sellingGeneralAndAdministrativeExpenses": 4965000000,
    "otherExpenses": 72000000,
    "operatingExpenses": 6483000000,
    "costAndExpenses": 19422000000,
    "interestIncome": 8000000,
    "interestExpense": 84000000,
    "depreciationAndAmortization": 1258000000,
    "ebitda": 5715000000,
    "ebitdaratio": 0.2425103963,
    "operatingIncome": 4144000000,
    "operatingIncomeRatio": 0.1758465586,
    "totalOtherIncomeExpensesNet": 229000000,
    "incomeBeforeTax": 4373000000,
    "incomeBeforeTaxRatio": 0.1855639481,
    "incomeTaxExpense": 1159000000,
    "netIncome": 3214000000,
    "netIncomeRatio": 0.1363829246,
    "eps": 2.44,
    "epsdiluted": 2.4,
    "weightedAverageShsOut": 1319900000,
    "weightedAverageShsOutDil": 1338200000,
    "link": "https://www.sec.gov/Archives/edgar/data/51143/000110465909060554/0001104659-09-060554-index.htm",
    "finalLink": "https://www.sec.gov/Archives/edgar/data/51143/000110465909060554/a09-26663_110q.htm"
  },
  {
    "date": "2009-06-30",
    "symbol": "IBM",
    "reportedCurrency": "USD",
    "cik": "0000051143",
    "fillingDate": "2009-07-28",
    "acceptedDate": "2009-07-28 14:06:31",
    "calendarYear": "2009",
    "period": "Q2",
    "revenue": 23250000000,
    "costOfRevenue": 12669000000,
    "grossProfit": 10581000000,
    "grossProfitRatio": 0.4550967742,
    "researchAndDevelopmentExpenses": 1434000000,
    "generalAndAdministrativeExpenses": 4716000000,
    "sellingAndMarketingExpenses": 302000000,
    "sellingGeneralAndAdministrativeExpenses": 5018000000,
    "otherExpenses": 73000000,
    "operatingExpenses": 6525000000,
    "costAndExpenses": 19194000000,
    "interestIncome": 19000000,
    "interestExpense": 101000000,
    "depreciationAndAmortization": 1242000000,
    "ebitda": 5605000000,
    "ebitdaratio": 0.2410752688,
    "operatingIncome": 4056000000,
    "operatingIncomeRatio": 0.1744516129,
    "totalOtherIncomeExpensesNet": 206000000,
    "incomeBeforeTax": 4262000000,
    "incomeBeforeTaxRatio": 0.183311828,
    "incomeTaxExpense": 1159000000,
    "netIncome": 3103000000,
    "netIncomeRatio": 0.1334623656,
    "eps": 2.34,
    "epsdiluted": 2.32,
    "weightedAverageShsOut": 1326100000,
    "weightedAverageShsOutDil": 1336900000,
    "link": "https://www.sec.gov/Archives/edgar/data/51143/000110465909045198/0001104659-09-045198-index.htm",
    "finalLink": "https://www.sec.gov/Archives/edgar/data/51143/000110465909045198/a09-16493_110q.htm"
  },
  {
    "date": "2009-03-31",
    "symbol": "IBM",
    "reportedCurrency": "USD",
    "cik": "0000051143",
    "fillingDate": "2009-04-28",
    "acceptedDate": "2009-04-28 14:01:46",
    "calendarYear": "2009",
    "period": "Q1",
    "revenue": 21711000000,
    "costOfRevenue": 12280000000,
    "grossProfit": 9431000000,
    "grossProfitRatio": 0.4343880982,
    "researchAndDevelopmentExpenses": 1480000000,
    "generalAndAdministrativeExpenses": 4805000000,
    "sellingAndMarketingExpenses": 288000000,
    "sellingGeneralAndAdministrativeExpenses": 5093000000,
    "otherExpenses": 170000000,
    "operatingExpenses": 6743000000,
    "costAndExpenses": 19023000000,
    "interestIncome": 25000000,
    "interestExpense": 136000000,
    "depreciationAndAmortization": 1229000000,
    "ebitda": 4487000000,
    "ebitdaratio": 0.2066694302,
    "operatingIncome": 2688000000,
    "operatingIncomeRatio": 0.1238082078,
    "totalOtherIncomeExpensesNet": 434000000,
    "incomeBeforeTax": 3122000000,
    "incomeBeforeTaxRatio": 0.1437980747,
    "incomeTaxExpense": 827000000,
    "netIncome": 2295000000,
    "netIncomeRatio": 0.1057067846,
    "eps": 1.71,
    "epsdiluted": 1.7,
    "weightedAverageShsOut": 1344300000,
    "weightedAverageShsOutDil": 1349500000,
    "link": "https://www.sec.gov/Archives/edgar/data/51143/000110465909026661/0001104659-09-026661-index.htm",
    "finalLink": "https://www.sec.gov/Archives/edgar/data/51143/000110465909026661/a09-10849_110q.htm"
  },
  {
    "date": "2008-12-31",
    "symbol": "IBM",
    "reportedCurrency": "USD",
    "cik": "0000051143",
    "fillingDate": "2009-02-24",
    "acceptedDate": "2009-02-24 14:26:00",
    "calendarYear": "2008",
    "period": "Q4",
    "revenue": 27007000000,
    "costOfRevenue": 14071000000,
    "grossProfit": 12936000000,
    "grossProfitRatio": 0.4789869293,
    "researchAndDevelopmentExpenses": 1528000000,
    "generalAndAdministrativeExpenses": 0,
    "sellingAndMarketingExpenses": 0,
    "sellingGeneralAndAdministrativeExpenses": 5833000000,
    "otherExpenses": 0,
    "operatingExpenses": 7361000000,
    "costAndExpenses": 21432000000,
    "interestIncome": 0,
    "interestExpense": 191000000,
    "depreciationAndAmortization": 1321000000,
    "ebitda": 7320000000,
    "ebitdaratio": 0.2710408413,
    "operatingIncome": 5575000000,
    "operatingIncomeRatio": 0.2064279631,
    "totalOtherIncomeExpensesNet": 233000000,
    "incomeBeforeTax": 5808000000,
    "incomeBeforeTaxRatio": 0.215055356,
    "incomeTaxExpense": 1382000000,
    "netIncome": 4427000000,
    "netIncomeRatio": 0.1639204651,
    "eps": 3.29,
    "epsdiluted": 3.29,
    "weightedAverageShsOut": 1344300000,
    "weightedAverageShsOutDil": 1344300000,
    "link": "https://www.sec.gov/Archives/edgar/data/51143/000104746909001737/0001047469-09-001737-index.htm",
    "finalLink": "https://www.sec.gov/Archives/edgar/data/51143/000104746909001737/a2189817z10-k.htm"
  },
  {
    "date": "2008-09-30",
    "symbol": "IBM",
    "reportedCurrency": "USD",
    "cik": "0000051143",
    "fillingDate": "2008-10-28",
    "acceptedDate": "2008-10-28 13:59:06",
    "calendarYear": "2008",
    "period": "Q3",
    "revenue": 25302000000,
    "costOfRevenue": 14342000000,
    "grossProfit": 10959000000,
    "grossProfitRatio": 0.433127816,
    "researchAndDevelopmentExpenses": 1579000000,
    "generalAndAdministrativeExpenses": 5126000000,
    "sellingAndMarketingExpenses": 312000000,
    "sellingGeneralAndAdministrativeExpenses": 5438000000,
    "otherExpenses": 79000000,
    "operatingExpenses": 7096000000,
    "costAndExpenses": 21438000000,
    "interestIncome": 74000000,
    "interestExpense": 159000000,
    "depreciationAndAmortization": 1379000000,
    "ebitda": 5433000000,
    "ebitdaratio": 0.2147261086,
    "operatingIncome": 3864000000,
    "operatingIncomeRatio": 0.1527152004,
    "totalOtherIncomeExpensesNet": 31000000,
    "incomeBeforeTax": 3895000000,
    "incomeBeforeTaxRatio": 0.1539404,
    "incomeTaxExpense": 1071000000,
    "netIncome": 2824000000,
    "netIncomeRatio": 0.1116117303,
    "eps": 2.09,
    "epsdiluted": 2.05,
    "weightedAverageShsOut": 1350700000,
    "weightedAverageShsOutDil": 1379100000,
    "link": "https://www.sec.gov/Archives/edgar/data/51143/000110465908066201/0001104659-08-066201-index.htm",
    "finalLink": "https://www.sec.gov/Archives/edgar/data/51143/000110465908066201/a08-26479_110q.htm"
  },
  {
    "date": "2008-06-30",
    "symbol": "IBM",
    "reportedCurrency": "USD",
    "cik": "0000051143",
    "fillingDate": "2008-07-29",
    "acceptedDate": "2008-07-29 14:28:31",
    "calendarYear": "2008",
    "period": "Q2",
    "revenue": 26820000000,
    "costOfRevenue": 15221000000,
    "grossProfit": 11599000000,
    "grossProfitRatio": 0.4324757644,
    "researchAndDevelopmentExpenses": 1660000000,
    "generalAndAdministrativeExpenses": 5814000000,
    "sellingAndMarketingExpenses": 339000000,
    "sellingGeneralAndAdministrativeExpenses": 6153000000,
    "otherExpenses": 137000000,
    "operatingExpenses": 7950000000,
    "costAndExpenses": 23171000000,
    "interestIncome": 77000000,
    "interestExpense": 145000000,
    "depreciationAndAmortization": 1403000000,
    "ebitda": 5362000000,
    "ebitdaratio": 0.1999254288,
    "operatingIncome": 3649000000,
    "operatingIncomeRatio": 0.1360551827,
    "totalOtherIncomeExpensesNet": 165000000,
    "incomeBeforeTax": 3814000000,
    "incomeBeforeTaxRatio": 0.142207308,
    "incomeTaxExpense": 1049000000,
    "netIncome": 2765000000,
    "netIncomeRatio": 0.1030947054,
    "eps": 2.02,
    "epsdiluted": 1.98,
    "weightedAverageShsOut": 1366300000,
    "weightedAverageShsOutDil": 1395800000,
    "link": "https://www.sec.gov/Archives/edgar/data/51143/000110465908048278/0001104659-08-048278-index.htm",
    "finalLink": "https://www.sec.gov/Archives/edgar/data/51143/000110465908048278/a08-18576_110q.htm"
  },
  {
    "date": "2008-03-31",
    "symbol": "IBM",
    "reportedCurrency": "USD",
    "cik": "0000051143",
    "fillingDate": "2008-04-29",
    "acceptedDate": "2008-04-29 13:58:24",
    "calendarYear": "2008",
    "period": "Q1",
    "revenue": 24502000000,
    "costOfRevenue": 14336000000,
    "grossProfit": 10166000000,
    "grossProfitRatio": 0.4149049057,
    "researchAndDevelopmentExpenses": 1569000000,
    "generalAndAdministrativeExpenses": 5253000000,
    "sellingAndMarketingExpenses": 297000000,
    "sellingGeneralAndAdministrativeExpenses": 5550000000,
    "otherExpenses": 70000000,
    "operatingExpenses": 7189000000,
    "costAndExpenses": 21525000000,
    "interestIncome": 134000000,
    "interestExpense": 178000000,
    "depreciationAndAmortization": 1347000000,
    "ebitda": 4723000000,
    "ebitdaratio": 0.1927597747,
    "operatingIncome": 2977000000,
    "operatingIncomeRatio": 0.1215002857,
    "totalOtherIncomeExpensesNet": 221000000,
    "incomeBeforeTax": 3198000000,
    "incomeBeforeTaxRatio": 0.1305199576,
    "incomeTaxExpense": 879000000,
    "netIncome": 2319000000,
    "netIncomeRatio": 0.0946453351,
    "eps": 1.68,
    "epsdiluted": 1.65,
    "weightedAverageShsOut": 1383000000,
    "weightedAverageShsOutDil": 1404300000,
    "link": "https://www.sec.gov/Archives/edgar/data/51143/000110465908027817/0001104659-08-027817-index.htm",
    "finalLink": "https://www.sec.gov/Archives/edgar/data/51143/000110465908027817/a08-10117_110q.htm"
  },
  {
    "date": "2007-12-31",
    "symbol": "IBM",
    "reportedCurrency": "USD",
    "cik": "0000051143",
    "fillingDate": "2008-02-26",
    "acceptedDate": "2008-02-26 14:06:45",
    "calendarYear": "2007",
    "period": "Q4",
    "revenue": 30718000000,
    "costOfRevenue": 15897000000,
    "grossProfit": 14821000000,
    "grossProfitRatio": 0.4824858389,
    "researchAndDevelopmentExpenses": 1585000000,
    "generalAndAdministrativeExpenses": 0,
    "sellingAndMarketingExpenses": 0,
    "sellingGeneralAndAdministrativeExpenses": 6016000000,
    "otherExpenses": 0,
    "operatingExpenses": 7601000000,
    "costAndExpenses": 23498000000,
    "interestIncome": 0,
    "interestExpense": 215000000,
    "depreciationAndAmortization": 1337000000,
    "ebitda": 7040000000,
    "ebitdaratio": 0.2291815873,
    "operatingIncome": 7220000000,
    "operatingIncomeRatio": 0.2350413438,
    "totalOtherIncomeExpensesNet": -1732000000,
    "incomeBeforeTax": 5488000000,
    "incomeBeforeTaxRatio": 0.1786574647,
    "incomeTaxExpense": 1537000000,
    "netIncome": 3952000000,
    "netIncomeRatio": 0.1286542093,
    "eps": 2.86,
    "epsdiluted": 2.86,
    "weightedAverageShsOut": 1383000000,
    "weightedAverageShsOutDil": 1383000000,
    "link": "https://www.sec.gov/Archives/edgar/data/51143/000104746908001731/0001047469-08-001731-index.htm",
    "finalLink": "https://www.sec.gov/Archives/edgar/data/51143/000104746908001731/a2181836z10-k.htm"
  },
  {
    "date": "2007-09-30",
    "symbol": "IBM",
    "reportedCurrency": "USD",
    "cik": "0000051143",
    "fillingDate": "2007-10-30",
    "acceptedDate": "2007-10-30 14:36:47",
    "calendarYear": "2007",
    "period": "Q3",
    "revenue": 24119000000,
    "costOfRevenue": 14163000000,
    "grossProfit": 9956000000,
    "grossProfitRatio": 0.4127865998,
    "researchAndDevelopmentExpenses": 1524000000,
    "generalAndAdministrativeExpenses": 0,
    "sellingAndMarketingExpenses": 0,
    "sellingGeneralAndAdministrativeExpenses": 5324000000,
    "otherExpenses": 0,
    "operatingExpenses": 6848000000,
    "costAndExpenses": 21011000000,
    "interestIncome": 123000000,
    "interestExpense": 193000000,
    "depreciationAndAmortization": 1340000000,
    "ebitda": 4813000000,
    "ebitdaratio": 0.1995522202,
    "operatingIncome": 3108000000,
    "operatingIncomeRatio": 0.1288610639,
    "totalOtherIncomeExpensesNet": 172000000,
    "incomeBeforeTax": 3280000000,
    "incomeBeforeTaxRatio": 0.1359923712,
    "incomeTaxExpense": 918000000,
    "netIncome": 2361000000,
    "netIncomeRatio": 0.0978896306,
    "eps": 1.72,
    "epsdiluted": 1.68,
    "weightedAverageShsOut": 1371400000,
    "weightedAverageShsOutDil": 1405800000,
    "link": "https://www.sec.gov/Archives/edgar/data/51143/000110465907078049/0001104659-07-078049-index.htm",
    "finalLink": "https://www.sec.gov/Archives/edgar/data/51143/000110465907078049/a07-24846_110q.htm"
  },
  {
    "date": "2007-06-30",
    "symbol": "IBM",
    "reportedCurrency": "USD",
    "cik": "0000051143",
    "fillingDate": "2007-07-31",
    "acceptedDate": "2007-07-31 14:01:02",
    "calendarYear": "2007",
    "period": "Q2",
    "revenue": 23170000000,
    "costOfRevenue": 13834000000,
    "grossProfit": 9336000000,
    "grossProfitRatio": 0.4029348295,
    "researchAndDevelopmentExpenses": 1534000000,
    "generalAndAdministrativeExpenses": 0,
    "sellingAndMarketingExpenses": 0,
    "sellingGeneralAndAdministrativeExpenses": 5631000000,
    "otherExpenses": 0,
    "operatingExpenses": 7165000000,
    "costAndExpenses": 20999000000,
    "interestIncome": 730000000,
    "interestExpense": 130000000,
    "depreciationAndAmortization": 1284000000,
    "ebitda": 4556000000,
    "ebitdaratio": 0.1966335779,
    "operatingIncome": 2171000000,
    "operatingIncomeRatio": 0.0936987484,
    "totalOtherIncomeExpensesNet": 971000000,
    "incomeBeforeTax": 3142000000,
    "incomeBeforeTaxRatio": 0.1356063876,
    "incomeTaxExpense": 881000000,
    "netIncome": 2260000000,
    "netIncomeRatio": 0.0975399223,
    "eps": 1.57,
    "epsdiluted": 1.55,
    "weightedAverageShsOut": 1437200000,
    "weightedAverageShsOutDil": 1460800000,
    "link": "https://www.sec.gov/Archives/edgar/data/51143/000110465907057458/0001104659-07-057458-index.htm",
    "finalLink": "https://www.sec.gov/Archives/edgar/data/51143/000110465907057458/a07-18155_110q.htm"
  },
  {
    "date": "2007-03-31",
    "symbol": "IBM",
    "reportedCurrency": "USD",
    "cik": "0000051143",
    "fillingDate": "2007-04-24",
    "acceptedDate": "2007-04-24 15:01:20",
    "calendarYear": "2007",
    "period": "Q1",
    "revenue": 21408000000,
    "costOfRevenue": 13163000000,
    "grossProfit": 8245000000,
    "grossProfitRatio": 0.3851363976,
    "researchAndDevelopmentExpenses": 1509000000,
    "generalAndAdministrativeExpenses": 0,
    "sellingAndMarketingExpenses": 0,
    "sellingGeneralAndAdministrativeExpenses": 5089000000,
    "otherExpenses": 0,
    "operatingExpenses": 6598000000,
    "costAndExpenses": 19761000000,
    "interestIncome": 759000000,
    "interestExpense": 73000000,
    "depreciationAndAmortization": 1240000000,
    "ebitda": 3892000000,
    "ebitdaratio": 0.1818011958,
    "operatingIncome": 1647000000,
    "operatingIncomeRatio": 0.0769338565,
    "totalOtherIncomeExpensesNet": 932000000,
    "incomeBeforeTax": 2579000000,
    "incomeBeforeTaxRatio": 0.1204689836,
    "incomeTaxExpense": 735000000,
    "netIncome": 1844000000,
    "netIncomeRatio": 0.0861360239,
    "eps": 1.23,
    "epsdiluted": 1.21,
    "weightedAverageShsOut": 1499500000,
    "weightedAverageShsOutDil": 1522800000,
    "link": "https://www.sec.gov/Archives/edgar/data/51143/000110465907030840/0001104659-07-030840-index.htm",
    "finalLink": "https://www.sec.gov/Archives/edgar/data/51143/000110465907030840/a07-10621_110q.htm"
  },
  {
    "date": "2006-12-31",
    "symbol": "IBM",
    "reportedCurrency": "USD",
    "cik": "0000051143",
    "fillingDate": "2007-02-27",
    "acceptedDate": "2007-02-27 15:08:14",
    "calendarYear": "2006",
    "period": "Q4",
    "revenue": 26258000000,
    "costOfRevenue": 14556000000,
    "grossProfit": 11701000000,
    "grossProfitRatio": 0.445616574,
    "researchAndDevelopmentExpenses": 1587000000,
    "generalAndAdministrativeExpenses": 0,
    "sellingAndMarketingExpenses": 0,
    "sellingGeneralAndAdministrativeExpenses": 5620000000,
    "otherExpenses": 0,
    "operatingExpenses": 7207000000,
    "costAndExpenses": 21763000000,
    "interestIncome": 0,
    "interestExpense": 71000000,
    "depreciationAndAmortization": 1300000000,
    "ebitda": 6185000000,
    "ebitdaratio": 0.2355472618,
    "operatingIncome": 4495000000,
    "operatingIncomeRatio": 0.1711859243,
    "totalOtherIncomeExpensesNet": 319000000,
    "incomeBeforeTax": 4814000000,
    "incomeBeforeTaxRatio": 0.1833346028,
    "incomeTaxExpense": 1350000000,
    "netIncome": 3540000000,
    "netIncomeRatio": 0.1348160561,
    "eps": 2.36,
    "epsdiluted": 2.36,
    "weightedAverageShsOut": 1499500000,
    "weightedAverageShsOutDil": 1499500000,
    "link": "https://www.sec.gov/Archives/edgar/data/51143/000104746907001434/0001047469-07-001434-index.htm",
    "finalLink": "https://www.sec.gov/Archives/edgar/data/51143/000104746907001434/a2175501z10-k.htm"
  },
  {
    "date": "2006-09-30",
    "symbol": "IBM",
    "reportedCurrency": "USD",
    "cik": "0000051143",
    "fillingDate": "2006-10-31",
    "acceptedDate": "2006-10-31 15:06:13",
    "calendarYear": "2006",
    "period": "Q3",
    "revenue": 22026000000,
    "costOfRevenue": 13126000000,
    "grossProfit": 8901000000,
    "grossProfitRatio": 0.4041133206,
    "researchAndDevelopmentExpenses": 1543000000,
    "generalAndAdministrativeExpenses": 0,
    "sellingAndMarketingExpenses": 0,
    "sellingGeneralAndAdministrativeExpenses": 5121000000,
    "otherExpenses": 0,
    "operatingExpenses": 6664000000,
    "costAndExpenses": 19790000000,
    "interestIncome": 591000000,
    "interestExpense": 70000000,
    "depreciationAndAmortization": 1228000000,
    "ebitda": 4472000000,
    "ebitdaratio": 0.2030327794,
    "operatingIncome": 2236000000,
    "operatingIncomeRatio": 0.1015163897,
    "totalOtherIncomeExpensesNet": 938000000,
    "incomeBeforeTax": 3174000000,
    "incomeBeforeTaxRatio": 0.1441024244,
    "incomeTaxExpense": 952000000,
    "netIncome": 2222000000,
    "netIncomeRatio": 0.1008807773,
    "eps": 1.47,
    "epsdiluted": 1.45,
    "weightedAverageShsOut": 1513200000,
    "weightedAverageShsOutDil": 1534300000,
    "link": "https://www.sec.gov/Archives/edgar/data/51143/000110465906069905/0001104659-06-069905-index.htm",
    "finalLink": "https://www.sec.gov/Archives/edgar/data/51143/000110465906069905/a06-19062_710q.htm"
  },
  {
    "date": "2006-06-30",
    "symbol": "IBM",
    "reportedCurrency": "USD",
    "cik": "0000051143",
    "fillingDate": "2006-07-25",
    "acceptedDate": "2006-07-25 16:17:43",
    "calendarYear": "2006",
    "period": "Q2",
    "revenue": 21310000000,
    "costOfRevenue": 12876000000,
    "grossProfit": 8434000000,
    "grossProfitRatio": 0.3957766307,
    "researchAndDevelopmentExpenses": 1522000000,
    "generalAndAdministrativeExpenses": 0,
    "sellingAndMarketingExpenses": 0,
    "sellingGeneralAndAdministrativeExpenses": 4916000000,
    "otherExpenses": 0,
    "operatingExpenses": 6438000000,
    "costAndExpenses": 19314000000,
    "interestIncome": 580000000,
    "interestExpense": 72000000,
    "depreciationAndAmortization": 1247000000,
    "ebitda": 4208000000,
    "ebitdaratio": 0.1974659784,
    "operatingIncome": 1996000000,
    "operatingIncomeRatio": 0.093664946,
    "totalOtherIncomeExpensesNet": 893000000,
    "incomeBeforeTax": 2889000000,
    "incomeBeforeTaxRatio": 0.1355701549,
    "incomeTaxExpense": 867000000,
    "netIncome": 2022000000,
    "netIncomeRatio": 0.0948850305,
    "eps": 1.31,
    "epsdiluted": 1.3,
    "weightedAverageShsOut": 1538100000,
    "weightedAverageShsOutDil": 1560100000,
    "link": "https://www.sec.gov/Archives/edgar/data/51143/000110465906048719/0001104659-06-048719-index.htm",
    "finalLink": "https://www.sec.gov/Archives/edgar/data/51143/000110465906048719/a06-15152_110q.htm"
  },
  {
    "date": "2006-03-31",
    "symbol": "IBM",
    "reportedCurrency": "USD",
    "cik": "0000051143",
    "fillingDate": "2006-04-25",
    "acceptedDate": "2006-04-25 16:17:59",
    "calendarYear": "2006",
    "period": "Q1",
    "revenue": 20076000000,
    "costOfRevenue": 12571000000,
    "grossProfit": 7505000000,
    "grossProfitRatio": 0.3738294481,
    "researchAndDevelopmentExpenses": 1456000000,
    "generalAndAdministrativeExpenses": 0,
    "sellingAndMarketingExpenses": 0,
    "sellingGeneralAndAdministrativeExpenses": 4602000000,
    "otherExpenses": 0,
    "operatingExpenses": 6058000000,
    "costAndExpenses": 18629000000,
    "interestIncome": 583000000,
    "interestExpense": 66000000,
    "depreciationAndAmortization": 1208000000,
    "ebitda": 3714000000,
    "ebitdaratio": 0.1849970114,
    "operatingIncome": 1447000000,
    "operatingIncomeRatio": 0.0720761108,
    "totalOtherIncomeExpensesNet": 993000000,
    "incomeBeforeTax": 2440000000,
    "incomeBeforeTaxRatio": 0.121538155,
    "incomeTaxExpense": 732000000,
    "netIncome": 1708000000,
    "netIncomeRatio": 0.0850767085,
    "eps": 1.09,
    "epsdiluted": 1.08,
    "weightedAverageShsOut": 1564500000,
    "weightedAverageShsOutDil": 1587200000,
    "link": "https://www.sec.gov/Archives/edgar/data/51143/000110465906027428/0001104659-06-027428-index.htm",
    "finalLink": "https://www.sec.gov/Archives/edgar/data/51143/000110465906027428/a06-9204_110q.htm"
  },
  {
    "date": "2005-12-31",
    "symbol": "IBM",
    "reportedCurrency": "USD",
    "cik": "0000051143",
    "fillingDate": "2006-02-28",
    "acceptedDate": "2006-02-28 16:50:07",
    "calendarYear": "2005",
    "period": "Q4",
    "revenue": 24427000000,
    "costOfRevenue": 13662000000,
    "grossProfit": 10765000000,
    "grossProfitRatio": 0.4407008638,
    "researchAndDevelopmentExpenses": 1459000000,
    "generalAndAdministrativeExpenses": 0,
    "sellingAndMarketingExpenses": 0,
    "sellingGeneralAndAdministrativeExpenses": 5252000000,
    "otherExpenses": 0,
    "operatingExpenses": 6711000000,
    "costAndExpenses": 20373000000,
    "interestIncome": 0,
    "interestExpense": 0,
    "depreciationAndAmortization": 1329000000,
    "ebitda": 8453000000,
    "ebitdaratio": 0.3460515004,
    "operatingIncome": 4054000000,
    "operatingIncomeRatio": 0.1659638924,
    "totalOtherIncomeExpensesNet": 514000000,
    "incomeBeforeTax": 4568000000,
    "incomeBeforeTaxRatio": 0.1870061817,
    "incomeTaxExpense": 1348000000,
    "netIncome": 3187000000,
    "netIncomeRatio": 0.1304703811,
    "eps": 2.04,
    "epsdiluted": 2.04,
    "weightedAverageShsOut": 1564500000,
    "weightedAverageShsOutDil": 1564500000,
    "link": "https://www.sec.gov/Archives/edgar/data/51143/000104746906002608/0001047469-06-002608-index.htm",
    "finalLink": "https://www.sec.gov/Archives/edgar/data/51143/000104746906002608/a2166922z10-k.htm"
  },
  {
    "date": "2005-09-30",
    "symbol": "IBM",
    "reportedCurrency": "USD",
    "cik": "0000051143",
    "fillingDate": "2005-10-25",
    "acceptedDate": "2005-10-25 13:41:41",
    "calendarYear": "2005",
    "period": "Q3",
    "revenue": 21529000000,
    "costOfRevenue": 12791000000,
    "grossProfit": 8738000000,
    "grossProfitRatio": 0.4058711505,
    "researchAndDevelopmentExpenses": 1447000000,
    "generalAndAdministrativeExpenses": 0,
    "sellingAndMarketingExpenses": 0,
    "sellingGeneralAndAdministrativeExpenses": 4632000000,
    "otherExpenses": 0,
    "operatingExpenses": 6079000000,
    "costAndExpenses": 18870000000,
    "interestIncome": 0,
    "interestExpense": 56000000,
    "depreciationAndAmortization": 1239000000,
    "ebitda": 4210000000,
    "ebitdaratio": 0.1955501881,
    "operatingIncome": 2659000000,
    "operatingIncomeRatio": 0.1235078267,
    "totalOtherIncomeExpensesNet": 256000000,
    "incomeBeforeTax": 2915000000,
    "incomeBeforeTaxRatio": 0.1353987645,
    "incomeTaxExpense": 1399000000,
    "netIncome": 1516000000,
    "netIncomeRatio": 0.0704166473,
    "eps": 0.95,
    "epsdiluted": 0.94,
    "weightedAverageShsOut": 1591300000,
    "weightedAverageShsOutDil": 1617200000,
    "link": "https://www.sec.gov/Archives/edgar/data/51143/000110465905050000/0001104659-05-050000-index.htm",
    "finalLink": "https://www.sec.gov/Archives/edgar/data/51143/000110465905050000/a05-17893_110q.htm"
  },
  {
    "date": "2005-06-30",
    "symbol": "IBM",
    "reportedCurrency": "USD",
    "cik": "0000051143",
    "fillingDate": "2005-07-26",
    "acceptedDate": "2005-07-26 16:20:33",
    "calendarYear": "2005",
    "period": "Q2",
    "revenue": 22270000000,
    "costOfRevenue": 13495000000,
    "grossProfit": 8775000000,
    "grossProfitRatio": 0.3940278401,
    "researchAndDevelopmentExpenses": 1477000000,
    "generalAndAdministrativeExpenses": 0,
    "sellingAndMarketingExpenses": 0,
    "sellingGeneralAndAdministrativeExpenses": 6497000000,
    "otherExpenses": 0,
    "operatingExpenses": 7974000000,
    "costAndExpenses": 21469000000,
    "interestIncome": 0,
    "interestExpense": 67000000,
    "depreciationAndAmortization": 1338000000,
    "ebitda": 4138000000,
    "ebitdaratio": 0.1858105074,
    "operatingIncome": 801000000,
    "operatingIncomeRatio": 0.0359676695,
    "totalOtherIncomeExpensesNet": 1932000000,
    "incomeBeforeTax": 2733000000,
    "incomeBeforeTaxRatio": 0.1227211495,
    "incomeTaxExpense": 882000000,
    "netIncome": 1829000000,
    "netIncomeRatio": 0.0821284239,
    "eps": 1.14,
    "epsdiluted": 1.12,
    "weightedAverageShsOut": 1603900000,
    "weightedAverageShsOutDil": 1627900000,
    "link": "https://www.sec.gov/Archives/edgar/data/51143/000110465905034155/0001104659-05-034155-index.htm",
    "finalLink": "https://www.sec.gov/Archives/edgar/data/51143/000110465905034155/a05-12302_410q.htm"
  },
  {
    "date": "2005-03-31",
    "symbol": "IBM",
    "reportedCurrency": "USD",
    "cik": "0000051143",
    "fillingDate": "2005-04-26",
    "acceptedDate": "2005-04-26 17:01:02",
    "calendarYear": "2005",
    "period": "Q1",
    "revenue": 22908000000,
    "costOfRevenue": 14654000000,
    "grossProfit": 8254000000,
    "grossProfitRatio": 0.3603108085,
    "researchAndDevelopmentExpenses": 1459000000,
    "generalAndAdministrativeExpenses": 0,
    "sellingAndMarketingExpenses": 0,
    "sellingGeneralAndAdministrativeExpenses": 4933000000,
    "otherExpenses": 0,
    "operatingExpenses": 6392000000,
    "costAndExpenses": 21046000000,
    "interestIncome": 0,
    "interestExpense": 49000000,
    "depreciationAndAmortization": 1282000000,
    "ebitda": 3341000000,
    "ebitdaratio": 0.1458442466,
    "operatingIncome": 1862000000,
    "operatingIncomeRatio": 0.0812816483,
    "totalOtherIncomeExpensesNet": 148000000,
    "incomeBeforeTax": 2010000000,
    "incomeBeforeTaxRatio": 0.0877422734,
    "incomeTaxExpense": 603000000,
    "netIncome": 1402000000,
    "netIncomeRatio": 0.061201327,
    "eps": 0.86,
    "epsdiluted": 0.84,
    "weightedAverageShsOut": 1628700000,
    "weightedAverageShsOutDil": 1660600000,
    "link": "https://www.sec.gov/Archives/edgar/data/51143/000110465905018203/0001104659-05-018203-index.htm",
    "finalLink": "https://www.sec.gov/Archives/edgar/data/51143/000110465905018203/a05-7213_110q.htm"
  },
  {
    "date": "2004-12-31",
    "symbol": "IBM",
    "reportedCurrency": "USD",
    "cik": "0000051143",
    "fillingDate": "2005-02-24",
    "acceptedDate": "2005-02-24 15:39:30",
    "calendarYear": "2004",
    "period": "Q4",
    "revenue": 27461000000,
    "costOfRevenue": 16609000000,
    "grossProfit": 10852000000,
    "grossProfitRatio": 0.3951786169,
    "researchAndDevelopmentExpenses": 1461000000,
    "generalAndAdministrativeExpenses": 0,
    "sellingAndMarketingExpenses": 0,
    "sellingGeneralAndAdministrativeExpenses": 5290000000,
    "otherExpenses": 0,
    "operatingExpenses": 6751000000,
    "costAndExpenses": 23360000000,
    "interestIncome": 0,
    "interestExpense": 0,
    "depreciationAndAmortization": 1445000000,
    "ebitda": 6738000000,
    "ebitdaratio": 0.2453661556,
    "operatingIncome": 4101000000,
    "operatingIncomeRatio": 0.1493390627,
    "totalOtherIncomeExpensesNet": 263000000,
    "incomeBeforeTax": 4364000000,
    "incomeBeforeTaxRatio": 0.1589162813,
    "incomeTaxExpense": 1309000000,
    "netIncome": 3040000000,
    "netIncomeRatio": 0.1107024507,
    "eps": 1.87,
    "epsdiluted": 1.87,
    "weightedAverageShsOut": 1628700000,
    "weightedAverageShsOutDil": 1628700000,
    "link": "https://www.sec.gov/Archives/edgar/data/51143/000104746905004595/0001047469-05-004595-index.htm",
    "finalLink": "https://www.sec.gov/Archives/edgar/data/51143/000104746905004595/a2152314z10-k.htm"
  },
  {
    "date": "2004-09-30",
    "symbol": "IBM",
    "reportedCurrency": "USD",
    "cik": "0000051143",
    "fillingDate": "2004-10-28",
    "acceptedDate": "2004-10-28 17:03:44",
    "calendarYear": "2004",
    "period": "Q3",
    "revenue": 23349000000,
    "costOfRevenue": 14816000000,
    "grossProfit": 8533000000,
    "grossProfitRatio": 0.3654546233,
    "researchAndDevelopmentExpenses": 1468000000,
    "generalAndAdministrativeExpenses": 0,
    "sellingAndMarketingExpenses": 0,
    "sellingGeneralAndAdministrativeExpenses": 5162000000,
    "otherExpenses": 0,
    "operatingExpenses": 6630000000,
    "costAndExpenses": 21446000000,
    "interestIncome": 0,
    "interestExpense": 0,
    "depreciationAndAmortization": 1225000000,
    "ebitda": 3128000000,
    "ebitdaratio": 0.1339671935,
    "operatingIncome": 1903000000,
    "operatingIncomeRatio": 0.0815024198,
    "totalOtherIncomeExpensesNet": 282000000,
    "incomeBeforeTax": 2185000000,
    "incomeBeforeTaxRatio": 0.0935800248,
    "incomeTaxExpense": 631000000,
    "netIncome": 1554000000,
    "netIncomeRatio": 0.0665553129,
    "eps": 1.08,
    "epsdiluted": 1.06,
    "weightedAverageShsOut": 1669600000,
    "weightedAverageShsOutDil": 1700400000,
    "link": "https://www.sec.gov/Archives/edgar/data/51143/000110465904032411/0001104659-04-032411-index.htm",
    "finalLink": "https://www.sec.gov/Archives/edgar/data/51143/000110465904032411/a04-12261_110q.htm"
  },
  {
    "date": "2004-06-30",
    "symbol": "IBM",
    "reportedCurrency": "USD",
    "cik": "0000051143",
    "fillingDate": "2004-07-30",
    "acceptedDate": "2004-07-30 14:16:24",
    "calendarYear": "2004",
    "period": "Q2",
    "revenue": 23098000000,
    "costOfRevenue": 14692000000,
    "grossProfit": 8406000000,
    "grossProfitRatio": 0.3639276128,
    "researchAndDevelopmentExpenses": 1476000000,
    "generalAndAdministrativeExpenses": 0,
    "sellingAndMarketingExpenses": 0,
    "sellingGeneralAndAdministrativeExpenses": 4820000000,
    "otherExpenses": 0,
    "operatingExpenses": 6296000000,
    "costAndExpenses": 20988000000,
    "interestIncome": 0,
    "interestExpense": 33000000,
    "depreciationAndAmortization": 1181000000,
    "ebitda": 3700000000,
    "ebitdaratio": 0.1601870292,
    "operatingIncome": 2110000000,
    "operatingIncomeRatio": 0.0913499004,
    "totalOtherIncomeExpensesNet": 376000000,
    "incomeBeforeTax": 2486000000,
    "incomeBeforeTaxRatio": 0.1076283661,
    "incomeTaxExpense": 749000000,
    "netIncome": 1735000000,
    "netIncomeRatio": 0.0751147285,
    "eps": 1.18,
    "epsdiluted": 1.16,
    "weightedAverageShsOut": 1679600000,
    "weightedAverageShsOutDil": 1713400000,
    "link": "https://www.sec.gov/Archives/edgar/data/51143/000110465904021678/0001104659-04-021678-index.htm",
    "finalLink": "https://www.sec.gov/Archives/edgar/data/51143/000110465904021678/a04-7971_110q.htm"
  },
  {
    "date": "2004-03-31",
    "symbol": "IBM",
    "reportedCurrency": "USD",
    "cik": "0000051143",
    "fillingDate": "2004-05-07",
    "acceptedDate": "2004-05-07 17:30:36",
    "calendarYear": "2004",
    "period": "Q1",
    "revenue": 22175000000,
    "costOfRevenue": 14283000000,
    "grossProfit": 7892000000,
    "grossProfitRatio": 0.3558962796,
    "researchAndDevelopmentExpenses": 1416000000,
    "generalAndAdministrativeExpenses": 0,
    "sellingAndMarketingExpenses": 0,
    "sellingGeneralAndAdministrativeExpenses": 4658000000,
    "otherExpenses": 0,
    "operatingExpenses": 6074000000,
    "costAndExpenses": 20357000000,
    "interestIncome": 0,
    "interestExpense": 35000000,
    "depreciationAndAmortization": 1237000000,
    "ebitda": 3222000000,
    "ebitdaratio": 0.1452987599,
    "operatingIncome": 1818000000,
    "operatingIncomeRatio": 0.0819842165,
    "totalOtherIncomeExpensesNet": 132000000,
    "incomeBeforeTax": 1950000000,
    "incomeBeforeTaxRatio": 0.0879368658,
    "incomeTaxExpense": 586000000,
    "netIncome": 1363000000,
    "netIncomeRatio": 0.0614656144,
    "eps": 0.95,
    "epsdiluted": 0.93,
    "weightedAverageShsOut": 1691700000,
    "weightedAverageShsOutDil": 1730100000,
    "link": "https://www.sec.gov/Archives/edgar/data/51143/000110465904013278/0001104659-04-013278-index.htm",
    "finalLink": "https://www.sec.gov/Archives/edgar/data/51143/000110465904013278/a04-5397_110q.htm"
  },
  {
    "date": "2003-12-31",
    "symbol": "IBM",
    "reportedCurrency": "USD",
    "cik": "0000051143",
    "fillingDate": "2004-03-08",
    "acceptedDate": "2004-03-08 15:28:07",
    "calendarYear": "2003",
    "period": "Q4",
    "revenue": 25913000000,
    "costOfRevenue": 15938000000,
    "grossProfit": 9975000000,
    "grossProfitRatio": 0.384941921,
    "researchAndDevelopmentExpenses": 1349000000,
    "generalAndAdministrativeExpenses": 0,
    "sellingAndMarketingExpenses": 0,
    "sellingGeneralAndAdministrativeExpenses": 4874000000,
    "otherExpenses": 0,
    "operatingExpenses": 6223000000,
    "costAndExpenses": 22161000000,
    "interestIncome": 0,
    "interestExpense": 0,
    "depreciationAndAmortization": 1232000000,
    "ebitda": 4984000000,
    "ebitdaratio": 0.1923358932,
    "operatingIncome": 3752000000,
    "operatingIncomeRatio": 0.1447921892,
    "totalOtherIncomeExpensesNet": 126000000,
    "incomeBeforeTax": 3878000000,
    "incomeBeforeTaxRatio": 0.1496546135,
    "incomeTaxExpense": 1162000000,
    "netIncome": 2709000000,
    "netIncomeRatio": 0.1045421217,
    "eps": 1.6,
    "epsdiluted": 1.6,
    "weightedAverageShsOut": 1691700000,
    "weightedAverageShsOutDil": 1691700000,
    "link": "https://www.sec.gov/Archives/edgar/data/51143/000104746904006934/0001047469-04-006934-index.htm",
    "finalLink": "https://www.sec.gov/Archives/edgar/data/51143/000104746904006934/a2129092z10-k.htm"
  },
  {
    "date": "2003-09-30",
    "symbol": "IBM",
    "reportedCurrency": "USD",
    "cik": "0000051143",
    "fillingDate": "2003-11-10",
    "acceptedDate": "2003-11-10 09:55:29",
    "calendarYear": "2003",
    "period": "Q3",
    "revenue": 21522000000,
    "costOfRevenue": 13710000000,
    "grossProfit": 7812000000,
    "grossProfitRatio": 0.3629774185,
    "researchAndDevelopmentExpenses": 1307000000,
    "generalAndAdministrativeExpenses": 0,
    "sellingAndMarketingExpenses": 0,
    "sellingGeneralAndAdministrativeExpenses": 4303000000,
    "otherExpenses": 0,
    "operatingExpenses": 5610000000,
    "costAndExpenses": 19320000000,
    "interestIncome": 0,
    "interestExpense": 0,
    "depreciationAndAmortization": 1177000000,
    "ebitda": 3379000000,
    "ebitdaratio": 0.1570021373,
    "operatingIncome": 2202000000,
    "operatingIncomeRatio": 0.1023139113,
    "totalOtherIncomeExpensesNet": 347000000,
    "incomeBeforeTax": 2549000000,
    "incomeBeforeTaxRatio": 0.1184369482,
    "incomeTaxExpense": 764000000,
    "netIncome": 1785000000,
    "netIncomeRatio": 0.0829383886,
    "eps": 1.04,
    "epsdiluted": 1.02,
    "weightedAverageShsOut": 1722600000,
    "weightedAverageShsOutDil": 1756400000,
    "link": "https://www.sec.gov/Archives/edgar/data/51143/000104746903036586/0001047469-03-036586-index.htm",
    "finalLink": "https://www.sec.gov/Archives/edgar/data/51143/000104746903036586/a2122202z10-q.htm"
  },
  {
    "date": "2003-06-30",
    "symbol": "IBM",
    "reportedCurrency": "USD",
    "cik": "0000051143",
    "fillingDate": "2003-08-14",
    "acceptedDate": "2003-08-14 15:04:57",
    "calendarYear": "2003",
    "period": "Q2",
    "revenue": 21631000000,
    "costOfRevenue": 13633000000,
    "grossProfit": 7998000000,
    "grossProfitRatio": 0.3697471222,
    "researchAndDevelopmentExpenses": 1226000000,
    "generalAndAdministrativeExpenses": 0,
    "sellingAndMarketingExpenses": 0,
    "sellingGeneralAndAdministrativeExpenses": 4460000000,
    "otherExpenses": 0,
    "operatingExpenses": 5686000000,
    "costAndExpenses": 19319000000,
    "interestIncome": 0,
    "interestExpense": 0,
    "depreciationAndAmortization": 1176000000,
    "ebitda": 3488000000,
    "ebitdaratio": 0.1612500578,
    "operatingIncome": 2312000000,
    "operatingIncomeRatio": 0.1068836392,
    "totalOtherIncomeExpensesNet": 154000000,
    "incomeBeforeTax": 2466000000,
    "incomeBeforeTaxRatio": 0.1140030512,
    "incomeTaxExpense": 741000000,
    "netIncome": 1705000000,
    "netIncomeRatio": 0.0788220609,
    "eps": 0.99,
    "epsdiluted": 0.97,
    "weightedAverageShsOut": 1729800000,
    "weightedAverageShsOutDil": 1763700000,
    "link": "https://www.sec.gov/Archives/edgar/data/51143/000104746903027706/0001047469-03-027706-index.htm",
    "finalLink": "https://www.sec.gov/Archives/edgar/data/51143/000104746903027706/a2116770z10-q.txt"
  },
  {
    "date": "2003-03-31",
    "symbol": "IBM",
    "reportedCurrency": "USD",
    "cik": "0000051143",
    "fillingDate": "2003-05-14",
    "acceptedDate": "2003-05-14 17:22:34",
    "calendarYear": "2003",
    "period": "Q1",
    "revenue": 20065000000,
    "costOfRevenue": 12832000000,
    "grossProfit": 7233000000,
    "grossProfitRatio": 0.3604784451,
    "researchAndDevelopmentExpenses": 1195000000,
    "generalAndAdministrativeExpenses": 0,
    "sellingAndMarketingExpenses": 0,
    "sellingGeneralAndAdministrativeExpenses": 4215000000,
    "otherExpenses": 0,
    "operatingExpenses": 5410000000,
    "costAndExpenses": 18242000000,
    "interestIncome": 0,
    "interestExpense": 0,
    "depreciationAndAmortization": 1116000000,
    "ebitda": 2939000000,
    "ebitdaratio": 0.1464739596,
    "operatingIncome": 1823000000,
    "operatingIncomeRatio": 0.0908547222,
    "totalOtherIncomeExpensesNet": 158000000,
    "incomeBeforeTax": 1981000000,
    "incomeBeforeTaxRatio": 0.0987291303,
    "incomeTaxExpense": 594000000,
    "netIncome": 1384000000,
    "netIncomeRatio": 0.0689758286,
    "eps": 0.8,
    "epsdiluted": 0.79,
    "weightedAverageShsOut": 1725300000,
    "weightedAverageShsOutDil": 1758500000,
    "link": "https://www.sec.gov/Archives/edgar/data/51143/000104746903018510/0001047469-03-018510-index.htm",
    "finalLink": "https://www.sec.gov/Archives/edgar/data/51143/000104746903018510/a2110692z10-q.txt"
  },
  {
    "date": "2002-12-31",
    "symbol": "IBM",
    "reportedCurrency": "USD",
    "cik": "0000051143",
    "fillingDate": "2003-03-10",
    "acceptedDate": "2003-03-10 14:58:15",
    "calendarYear": "2002",
    "period": "Q4",
    "revenue": 23684000000,
    "costOfRevenue": 14493000000,
    "grossProfit": 9191000000,
    "grossProfitRatio": 0.3880678939,
    "researchAndDevelopmentExpenses": 1204000000,
    "generalAndAdministrativeExpenses": 0,
    "sellingAndMarketingExpenses": 0,
    "sellingGeneralAndAdministrativeExpenses": 5440000000,
    "otherExpenses": 0,
    "operatingExpenses": 6644000000,
    "costAndExpenses": 21137000000,
    "interestIncome": 0,
    "interestExpense": 0,
    "depreciationAndAmortization": 597000000,
    "ebitda": 3144000000,
    "ebitdaratio": 0.1327478466,
    "operatingIncome": 2547000000,
    "operatingIncomeRatio": 0.1075409559,
    "totalOtherIncomeExpensesNet": 165000000,
    "incomeBeforeTax": 2712000000,
    "incomeBeforeTaxRatio": 0.1145076845,
    "incomeTaxExpense": 801000000,
    "netIncome": 1018000000,
    "netIncomeRatio": 0.0429826043,
    "eps": 0.59,
    "epsdiluted": 0.59,
    "weightedAverageShsOut": 1699177380,
    "weightedAverageShsOutDil": 1725300000,
    "link": "https://www.sec.gov/Archives/edgar/data/51143/000104746903008194/0001047469-03-008194-index.htm",
    "finalLink": "https://www.sec.gov/Archives/edgar/data/51143/000104746903008194/a2102367z10-k.htm"
  },
  {
    "date": "2002-09-30",
    "symbol": "IBM",
    "reportedCurrency": "USD",
    "cik": "0000051143",
    "fillingDate": "2002-11-04",
    "acceptedDate": "2002-11-04 16:28:53",
    "calendarYear": "2002",
    "period": "Q3",
    "revenue": 19821000000,
    "costOfRevenue": 12498000000,
    "grossProfit": 7323000000,
    "grossProfitRatio": 0.3694566369,
    "researchAndDevelopmentExpenses": 1213000000,
    "generalAndAdministrativeExpenses": 0,
    "sellingAndMarketingExpenses": 0,
    "sellingGeneralAndAdministrativeExpenses": 3987000000,
    "otherExpenses": 0,
    "operatingExpenses": 5200000000,
    "costAndExpenses": 17698000000,
    "interestIncome": 0,
    "interestExpense": 0,
    "depreciationAndAmortization": 1081000000,
    "ebitda": 3204000000,
    "ebitdaratio": 0.1616467383,
    "operatingIncome": 2123000000,
    "operatingIncomeRatio": 0.1071086222,
    "totalOtherIncomeExpensesNet": 281000000,
    "incomeBeforeTax": 2404000000,
    "incomeBeforeTaxRatio": 0.1212855053,
    "incomeTaxExpense": 710000000,
    "netIncome": 1313000000,
    "netIncomeRatio": 0.0662428737,
    "eps": 0.78,
    "epsdiluted": 0.76,
    "weightedAverageShsOut": 1690500000,
    "weightedAverageShsOutDil": 1711700000,
    "link": "https://www.sec.gov/Archives/edgar/data/51143/000091205702040785/0000912057-02-040785-index.htm",
    "finalLink": "https://www.sec.gov/Archives/edgar/data/51143/000091205702040785/a2092126z10-q.txt"
  },
  {
    "date": "2002-06-30",
    "symbol": "IBM",
    "reportedCurrency": "USD",
    "cik": "0000051143",
    "fillingDate": "2002-08-13",
    "acceptedDate": "2002-08-13 17:06:10",
    "calendarYear": "2002",
    "period": "Q2",
    "revenue": 19651000000,
    "costOfRevenue": 12381000000,
    "grossProfit": 7270000000,
    "grossProfitRatio": 0.3699557274,
    "researchAndDevelopmentExpenses": 1198000000,
    "generalAndAdministrativeExpenses": 0,
    "sellingAndMarketingExpenses": 0,
    "sellingGeneralAndAdministrativeExpenses": 5288000000,
    "otherExpenses": 0,
    "operatingExpenses": 6486000000,
    "costAndExpenses": 18867000000,
    "interestIncome": 0,
    "interestExpense": 0,
    "depreciationAndAmortization": 1615000000,
    "ebitda": 2399000000,
    "ebitdaratio": 0.1220803013,
    "operatingIncome": 784000000,
    "operatingIncomeRatio": 0.0398961885,
    "totalOtherIncomeExpensesNet": -189000000,
    "incomeBeforeTax": 595000000,
    "incomeBeforeTaxRatio": 0.0302783573,
    "incomeTaxExpense": 150000000,
    "netIncome": 56000000,
    "netIncomeRatio": 0.0028497277,
    "eps": 0.03,
    "epsdiluted": 0.03,
    "weightedAverageShsOut": 1705000000,
    "weightedAverageShsOutDil": 1730400000,
    "link": "https://www.sec.gov/Archives/edgar/data/51143/000091205702031609/0000912057-02-031609-index.htm",
    "finalLink": "https://www.sec.gov/Archives/edgar/data/51143/000091205702031609/a2086781z10-q.txt"
  },
  {
    "date": "2002-03-31",
    "symbol": "IBM",
    "reportedCurrency": "USD",
    "cik": "0000051143",
    "fillingDate": "2002-05-15",
    "acceptedDate": "2002-05-15 15:52:28",
    "calendarYear": "2002",
    "period": "Q1",
    "revenue": 18030000000,
    "costOfRevenue": 11530000000,
    "grossProfit": 6500000000,
    "grossProfitRatio": 0.3605102607,
    "researchAndDevelopmentExpenses": 1135000000,
    "generalAndAdministrativeExpenses": 0,
    "sellingAndMarketingExpenses": 0,
    "sellingGeneralAndAdministrativeExpenses": 4023000000,
    "otherExpenses": 0,
    "operatingExpenses": 5158000000,
    "costAndExpenses": 16688000000,
    "interestIncome": 0,
    "interestExpense": 0,
    "depreciationAndAmortization": 1086000000,
    "ebitda": 2428000000,
    "ebitdaratio": 0.1346644481,
    "operatingIncome": 1342000000,
    "operatingIncomeRatio": 0.0744315031,
    "totalOtherIncomeExpensesNet": 471000000,
    "incomeBeforeTax": 1813000000,
    "incomeBeforeTaxRatio": 0.1005546312,
    "incomeTaxExpense": 529000000,
    "netIncome": 1192000000,
    "netIncomeRatio": 0.0661120355,
    "eps": 0.69,
    "epsdiluted": 0.68,
    "weightedAverageShsOut": 1718400000,
    "weightedAverageShsOutDil": 1753000000,
    "link": "https://www.sec.gov/Archives/edgar/data/51143/000091205702020756/0000912057-02-020756-index.htm",
    "finalLink": "https://www.sec.gov/Archives/edgar/data/51143/000091205702020756/a2080156z10-q.txt"
  },
  {
    "date": "2001-12-31",
    "symbol": "IBM",
    "reportedCurrency": "USD",
    "cik": "0000051143",
    "fillingDate": "2002-03-11",
    "acceptedDate": "2002-03-11 00:00:00",
    "calendarYear": "2001",
    "period": "Q4",
    "revenue": 22826000000,
    "costOfRevenue": 14081000000,
    "grossProfit": 8745000000,
    "grossProfitRatio": 0.3831157452,
    "researchAndDevelopmentExpenses": 1547000000,
    "generalAndAdministrativeExpenses": 0,
    "sellingAndMarketingExpenses": 0,
    "sellingGeneralAndAdministrativeExpenses": 5883000000,
    "otherExpenses": 0,
    "operatingExpenses": 7430000000,
    "costAndExpenses": 21511000000,
    "interestIncome": 0,
    "interestExpense": 0,
    "depreciationAndAmortization": 1165000000,
    "ebitda": 2480000000,
    "ebitdaratio": 0.1086480329,
    "operatingIncome": 1315000000,
    "operatingIncomeRatio": 0.0576097433,
    "totalOtherIncomeExpensesNet": 1985000000,
    "incomeBeforeTax": 3300000000,
    "incomeBeforeTaxRatio": 0.1445719793,
    "incomeTaxExpense": 967000000,
    "netIncome": 2333000000,
    "netIncomeRatio": 0.1022080084,
    "eps": 1.36,
    "epsdiluted": 1.36,
    "weightedAverageShsOut": 1718400000,
    "weightedAverageShsOutDil": 1718400000,
    "link": "https://www.sec.gov/Archives/edgar/data/51143/000091205702009402/0000912057-02-009402-index.htm",
    "finalLink": "https://www.sec.gov/Archives/edgar/data/51143/000091205702009402/a2071411z10-k405.txt"
  },
  {
    "date": "2001-09-30",
    "symbol": "IBM",
    "reportedCurrency": "USD",
    "cik": "0000051143",
    "fillingDate": "2001-11-14",
    "acceptedDate": "2001-11-14 00:00:00",
    "calendarYear": "2001",
    "period": "Q3",
    "revenue": 19783000000,
    "costOfRevenue": 12349000000,
    "grossProfit": 7434000000,
    "grossProfitRatio": 0.3757771824,
    "researchAndDevelopmentExpenses": 1252000000,
    "generalAndAdministrativeExpenses": 0,
    "sellingAndMarketingExpenses": 0,
    "sellingGeneralAndAdministrativeExpenses": 4085000000,
    "otherExpenses": 0,
    "operatingExpenses": 5337000000,
    "costAndExpenses": 17686000000,
    "interestIncome": 0,
    "interestExpense": 0,
    "depreciationAndAmortization": 1146000000,
    "ebitda": 3243000000,
    "ebitdaratio": 0.1639286256,
    "operatingIncome": 2097000000,
    "operatingIncomeRatio": 0.1060001011,
    "totalOtherIncomeExpensesNet": 311000000,
    "incomeBeforeTax": 2408000000,
    "incomeBeforeTaxRatio": 0.1217206693,
    "incomeTaxExpense": 695000000,
    "netIncome": 1595000000,
    "netIncomeRatio": 0.0806247789,
    "eps": 0.92,
    "epsdiluted": 0.9,
    "weightedAverageShsOut": 1731800000,
    "weightedAverageShsOutDil": 1767900000,
    "link": "https://www.sec.gov/Archives/edgar/data/51143/000100547701501962/0001005477-01-501962-index.htm",
    "finalLink": "https://www.sec.gov/Archives/edgar/data/51143/000100547701501962/d01-35062.txt"
  },
  {
    "date": "2001-06-30",
    "symbol": "IBM",
    "reportedCurrency": "USD",
    "cik": "0000051143",
    "fillingDate": "2001-08-14",
    "acceptedDate": "2001-08-14 00:00:00",
    "calendarYear": "2001",
    "period": "Q2",
    "revenue": 20834000000,
    "costOfRevenue": 12847000000,
    "grossProfit": 7987000000,
    "grossProfitRatio": 0.3833637324,
    "researchAndDevelopmentExpenses": 1284000000,
    "generalAndAdministrativeExpenses": 0,
    "sellingAndMarketingExpenses": 0,
    "sellingGeneralAndAdministrativeExpenses": 4182000000,
    "otherExpenses": 0,
    "operatingExpenses": 5466000000,
    "costAndExpenses": 18313000000,
    "interestIncome": 0,
    "interestExpense": 0,
    "depreciationAndAmortization": 1043000000,
    "ebitda": 3564000000,
    "ebitdaratio": 0.1710665259,
    "operatingIncome": 2521000000,
    "operatingIncomeRatio": 0.1210041279,
    "totalOtherIncomeExpensesNet": 420000000,
    "incomeBeforeTax": 2941000000,
    "incomeBeforeTaxRatio": 0.1411634828,
    "incomeTaxExpense": 850000000,
    "netIncome": 2045000000,
    "netIncomeRatio": 0.098156859,
    "eps": 1.17,
    "epsdiluted": 1.15,
    "weightedAverageShsOut": 1738200000,
    "weightedAverageShsOutDil": 1777700000,
    "link": "https://www.sec.gov/Archives/edgar/data/51143/000100547701500586/0001005477-01-500586-index.htm",
    "finalLink": "https://www.sec.gov/Archives/edgar/data/51143/000100547701500586/from10-q.txt"
  },
  {
    "date": "2001-03-31",
    "symbol": "IBM",
    "reportedCurrency": "USD",
    "cik": "0000051143",
    "fillingDate": "2001-05-15",
    "acceptedDate": "2001-05-15 00:00:00",
    "calendarYear": "2001",
    "period": "Q1",
    "revenue": 21044000000,
    "costOfRevenue": 13436000000,
    "grossProfit": 7608000000,
    "grossProfitRatio": 0.3615282266,
    "researchAndDevelopmentExpenses": 1203000000,
    "generalAndAdministrativeExpenses": 0,
    "sellingAndMarketingExpenses": 0,
    "sellingGeneralAndAdministrativeExpenses": 3808000000,
    "otherExpenses": 0,
    "operatingExpenses": 5011000000,
    "costAndExpenses": 18447000000,
    "interestIncome": 0,
    "interestExpense": 0,
    "depreciationAndAmortization": 1233000000,
    "ebitda": 3830000000,
    "ebitdaratio": 0.1819996198,
    "operatingIncome": 2597000000,
    "operatingIncomeRatio": 0.1234080973,
    "totalOtherIncomeExpensesNet": -108000000,
    "incomeBeforeTax": 2489000000,
    "incomeBeforeTaxRatio": 0.1182759932,
    "incomeTaxExpense": 739000000,
    "netIncome": 1750000000,
    "netIncomeRatio": 0.0831590952,
    "eps": 1,
    "epsdiluted": 0.98,
    "weightedAverageShsOut": 1740900000,
    "weightedAverageShsOutDil": 1781200000,
    "link": "https://www.sec.gov/Archives/edgar/data/51143/000100547701003309/0001005477-01-003309-index.htm",
    "finalLink": "https://www.sec.gov/Archives/edgar/data/51143/000100547701003309/0001005477-01-003309-0001.txt"
  },
  {
    "date": "2000-12-31",
    "symbol": "IBM",
    "reportedCurrency": "USD",
    "cik": "0000051143",
    "fillingDate": "2001-03-13",
    "acceptedDate": "2001-03-13 00:00:00",
    "calendarYear": "2000",
    "period": "Q4",
    "revenue": 25616000000,
    "costOfRevenue": 15947000000,
    "grossProfit": 9669000000,
    "grossProfitRatio": 0.3774594004,
    "researchAndDevelopmentExpenses": 1449000000,
    "generalAndAdministrativeExpenses": 0,
    "sellingAndMarketingExpenses": 0,
    "sellingGeneralAndAdministrativeExpenses": 4340000000,
    "otherExpenses": 0,
    "operatingExpenses": 5789000000,
    "costAndExpenses": 21736000000,
    "interestIncome": 0,
    "interestExpense": 0,
    "depreciationAndAmortization": 1364000000,
    "ebitda": 5861000000,
    "ebitdaratio": 0.2288023111,
    "operatingIncome": 3880000000,
    "operatingIncomeRatio": 0.1514678326,
    "totalOtherIncomeExpensesNet": -93000000,
    "incomeBeforeTax": 3787000000,
    "incomeBeforeTaxRatio": 0.1478372892,
    "incomeTaxExpense": 1117000000,
    "netIncome": 2670000000,
    "netIncomeRatio": 0.1042317302,
    "eps": 1.53,
    "epsdiluted": 1.53,
    "weightedAverageShsOut": 1740900000,
    "weightedAverageShsOutDil": 1740900000,
    "link": "https://www.sec.gov/Archives/edgar/data/51143/000091205701007563/0000912057-01-007563-index.htm",
    "finalLink": "https://www.sec.gov/Archives/edgar/data/51143/000091205701007563/a2039641z10-k.txt"
  },
  {
    "date": "2000-09-30",
    "symbol": "IBM",
    "reportedCurrency": "USD",
    "cik": "0000051143",
    "fillingDate": "2000-11-13",
    "acceptedDate": "2000-11-13 00:00:00",
    "calendarYear": "2000",
    "period": "Q3",
    "revenue": 21781000000,
    "costOfRevenue": 13980000000,
    "grossProfit": 7801000000,
    "grossProfitRatio": 0.3581561912,
    "researchAndDevelopmentExpenses": 1261000000,
    "generalAndAdministrativeExpenses": 0,
    "sellingAndMarketingExpenses": 0,
    "sellingGeneralAndAdministrativeExpenses": 3726000000,
    "otherExpenses": 0,
    "operatingExpenses": 4987000000,
    "costAndExpenses": 18967000000,
    "interestIncome": 0,
    "interestExpense": 0,
    "depreciationAndAmortization": 1165000000,
    "ebitda": 3979000000,
    "ebitdaratio": 0.1826821542,
    "operatingIncome": 2814000000,
    "operatingIncomeRatio": 0.1291951701,
    "totalOtherIncomeExpensesNet": -10000000,
    "incomeBeforeTax": 2804000000,
    "incomeBeforeTaxRatio": 0.1287360544,
    "incomeTaxExpense": 841000000,
    "netIncome": 1963000000,
    "netIncomeRatio": 0.0901244204,
    "eps": 1.11,
    "epsdiluted": 1.08,
    "weightedAverageShsOut": 1758100000,
    "weightedAverageShsOutDil": 1809800000,
    "link": "https://www.sec.gov/Archives/edgar/data/51143/000100547700007765/0001005477-00-007765-index.htm",
    "finalLink": "https://www.sec.gov/Archives/edgar/data/51143/000100547700007765/0001005477-00-007765-0001.txt"
  },
  {
    "date": "2000-06-30",
    "symbol": "IBM",
    "reportedCurrency": "USD",
    "cik": "0000051143",
    "fillingDate": "2000-08-14",
    "acceptedDate": "2000-08-14 00:00:00",
    "calendarYear": "2000",
    "period": "Q2",
    "revenue": 21651000000,
    "costOfRevenue": 13708000000,
    "grossProfit": 7943000000,
    "grossProfitRatio": 0.3668652718,
    "researchAndDevelopmentExpenses": 1269000000,
    "generalAndAdministrativeExpenses": 0,
    "sellingAndMarketingExpenses": 0,
    "sellingGeneralAndAdministrativeExpenses": 3867000000,
    "otherExpenses": 0,
    "operatingExpenses": 5136000000,
    "costAndExpenses": 18844000000,
    "interestIncome": 0,
    "interestExpense": 0,
    "depreciationAndAmortization": 1238000000,
    "ebitda": 4045000000,
    "ebitdaratio": 0.1868273983,
    "operatingIncome": 2807000000,
    "operatingIncomeRatio": 0.1296475913,
    "totalOtherIncomeExpensesNet": -34000000,
    "incomeBeforeTax": 2773000000,
    "incomeBeforeTaxRatio": 0.1280772251,
    "incomeTaxExpense": 832000000,
    "netIncome": 1941000000,
    "netIncomeRatio": 0.0896494388,
    "eps": 1.1,
    "epsdiluted": 1.06,
    "weightedAverageShsOut": 1767600000,
    "weightedAverageShsOutDil": 1818000000,
    "link": "https://www.sec.gov/Archives/edgar/data/51143/000100547700005771/0001005477-00-005771-index.htm",
    "finalLink": "https://www.sec.gov/Archives/edgar/data/51143/000100547700005771/0001005477-00-005771-0001.txt"
  },
  {
    "date": "2000-03-31",
    "symbol": "IBM",
    "reportedCurrency": "USD",
    "cik": "0000051143",
    "fillingDate": "2000-05-12",
    "acceptedDate": "2000-05-12 00:00:00",
    "calendarYear": "2000",
    "period": "Q1",
    "revenue": 19348000000,
    "costOfRevenue": 12337000000,
    "grossProfit": 7011000000,
    "grossProfitRatio": 0.3623630349,
    "researchAndDevelopmentExpenses": 1172000000,
    "generalAndAdministrativeExpenses": 0,
    "sellingAndMarketingExpenses": 0,
    "sellingGeneralAndAdministrativeExpenses": 3706000000,
    "otherExpenses": 0,
    "operatingExpenses": 4878000000,
    "costAndExpenses": 17215000000,
    "interestIncome": 0,
    "interestExpense": 0,
    "depreciationAndAmortization": 1228000000,
    "ebitda": 3361000000,
    "ebitdaratio": 0.1737130453,
    "operatingIncome": 2133000000,
    "operatingIncomeRatio": 0.1102439529,
    "totalOtherIncomeExpensesNet": 37000000,
    "incomeBeforeTax": 2170000000,
    "incomeBeforeTaxRatio": 0.1121562952,
    "incomeTaxExpense": 651000000,
    "netIncome": 1519000000,
    "netIncomeRatio": 0.0785094067,
    "eps": 0.85,
    "epsdiluted": 0.83,
    "weightedAverageShsOut": 1777200000,
    "weightedAverageShsOutDil": 1830000000,
    "link": "https://www.sec.gov/Archives/edgar/data/51143/000100547700003871/0001005477-00-003871-index.html",
    "finalLink": "https://www.sec.gov/Archives/edgar/data/51143/000100547700003871/"
  },
  {
    "date": "1999-12-31",
    "symbol": "IBM",
    "reportedCurrency": "USD",
    "cik": "0000051143",
    "fillingDate": "2000-03-13",
    "acceptedDate": "2000-03-13 00:00:00",
    "calendarYear": "1999",
    "period": "Q4",
    "revenue": 24182000000,
    "costOfRevenue": 15299000000,
    "grossProfit": 8883000000,
    "grossProfitRatio": 0.3673393433,
    "researchAndDevelopmentExpenses": 1416000000,
    "generalAndAdministrativeExpenses": 0,
    "sellingAndMarketingExpenses": 0,
    "sellingGeneralAndAdministrativeExpenses": 4445000000,
    "otherExpenses": 0,
    "operatingExpenses": 5861000000,
    "costAndExpenses": 21160000000,
    "interestIncome": 0,
    "interestExpense": 0,
    "depreciationAndAmortization": 1256000000,
    "ebitda": 4835000000,
    "ebitdaratio": 0.1999421057,
    "operatingIncome": 3022000000,
    "operatingIncomeRatio": 0.1249689852,
    "totalOtherIncomeExpensesNet": -37000000,
    "incomeBeforeTax": 2985000000,
    "incomeBeforeTaxRatio": 0.1234389215,
    "incomeTaxExpense": 896000000,
    "netIncome": 2089000000,
    "netIncomeRatio": 0.0863865685,
    "eps": 1.18,
    "epsdiluted": 1.18,
    "weightedAverageShsOut": 1777200000,
    "weightedAverageShsOutDil": 1777200000,
    "link": "https://www.sec.gov/Archives/edgar/data/51143/000091205700011206/0000912057-00-011206-index.html",
    "finalLink": "https://www.sec.gov/Archives/edgar/data/51143/000091205700011206/"
  },
  {
    "date": "1999-09-30",
    "symbol": "IBM",
    "reportedCurrency": "USD",
    "cik": "0000051143",
    "fillingDate": "1999-11-12",
    "acceptedDate": "1999-11-12 00:00:00",
    "calendarYear": "1999",
    "period": "Q3",
    "revenue": 21144000000,
    "costOfRevenue": 13580000000,
    "grossProfit": 7564000000,
    "grossProfitRatio": 0.3577374196,
    "researchAndDevelopmentExpenses": 1383000000,
    "generalAndAdministrativeExpenses": 0,
    "sellingAndMarketingExpenses": 0,
    "sellingGeneralAndAdministrativeExpenses": 3501000000,
    "otherExpenses": 0,
    "operatingExpenses": 4884000000,
    "costAndExpenses": 18464000000,
    "interestIncome": 0,
    "interestExpense": 0,
    "depreciationAndAmortization": 1457000000,
    "ebitda": 4137000000,
    "ebitdaratio": 0.1956583428,
    "operatingIncome": 2680000000,
    "operatingIncomeRatio": 0.1267499054,
    "totalOtherIncomeExpensesNet": -51000000,
    "incomeBeforeTax": 2629000000,
    "incomeBeforeTaxRatio": 0.1243378736,
    "incomeTaxExpense": 867000000,
    "netIncome": 1762000000,
    "netIncomeRatio": 0.0833333333,
    "eps": 0.97,
    "epsdiluted": 0.93,
    "weightedAverageShsOut": 1805200000,
    "weightedAverageShsOutDil": 1869600000,
    "link": "https://www.sec.gov/Archives/edgar/data/51143/000100547799005197/0001005477-99-005197-index.html",
    "finalLink": "https://www.sec.gov/Archives/edgar/data/51143/000100547799005197/"
  },
  {
    "date": "1999-06-30",
    "symbol": "IBM",
    "reportedCurrency": "USD",
    "cik": "0000051143",
    "fillingDate": "1999-08-12",
    "acceptedDate": "1999-08-12 00:00:00",
    "calendarYear": "1999",
    "period": "Q2",
    "revenue": 21905000000,
    "costOfRevenue": 13681000000,
    "grossProfit": 8224000000,
    "grossProfitRatio": 0.3754393974,
    "researchAndDevelopmentExpenses": 1293000000,
    "generalAndAdministrativeExpenses": 0,
    "sellingAndMarketingExpenses": 0,
    "sellingGeneralAndAdministrativeExpenses": 2846000000,
    "otherExpenses": 0,
    "operatingExpenses": 4139000000,
    "costAndExpenses": 17820000000,
    "interestIncome": 0,
    "interestExpense": 0,
    "depreciationAndAmortization": 2468000000,
    "ebitda": 6553000000,
    "ebitdaratio": 0.299155444,
    "operatingIncome": 4085000000,
    "operatingIncomeRatio": 0.1864871034,
    "totalOtherIncomeExpensesNet": -42000000,
    "incomeBeforeTax": 4043000000,
    "incomeBeforeTaxRatio": 0.1845697329,
    "incomeTaxExpense": 1652000000,
    "netIncome": 2391000000,
    "netIncomeRatio": 0.1091531614,
    "eps": 1.32,
    "epsdiluted": 1.28,
    "weightedAverageShsOut": 1812100000,
    "weightedAverageShsOutDil": 1870600000,
    "link": "https://www.sec.gov/Archives/edgar/data/51143/000100547799003620/0001005477-99-003620-index.html",
    "finalLink": "https://www.sec.gov/Archives/edgar/data/51143/000100547799003620/"
  },
  {
    "date": "1999-03-31",
    "symbol": "IBM",
    "reportedCurrency": "USD",
    "cik": "0000051143",
    "fillingDate": "1999-05-13",
    "acceptedDate": "1999-05-13 00:00:00",
    "calendarYear": "1999",
    "period": "Q1",
    "revenue": 20317000000,
    "costOfRevenue": 13059000000,
    "grossProfit": 7258000000,
    "grossProfitRatio": 0.3572377812,
    "researchAndDevelopmentExpenses": 1181000000,
    "generalAndAdministrativeExpenses": 0,
    "sellingAndMarketingExpenses": 0,
    "sellingGeneralAndAdministrativeExpenses": 3937000000,
    "otherExpenses": 0,
    "operatingExpenses": 5118000000,
    "costAndExpenses": 18177000000,
    "interestIncome": 0,
    "interestExpense": 0,
    "depreciationAndAmortization": 1404000000,
    "ebitda": 3544000000,
    "ebitdaratio": 0.174435202,
    "operatingIncome": 2140000000,
    "operatingIncomeRatio": 0.1053305114,
    "totalOtherIncomeExpensesNet": -40000000,
    "incomeBeforeTax": 2100000000,
    "incomeBeforeTaxRatio": 0.1033617168,
    "incomeTaxExpense": 630000000,
    "netIncome": 1470000000,
    "netIncomeRatio": 0.0723532018,
    "eps": 0.8,
    "epsdiluted": 0.78,
    "weightedAverageShsOut": 1823800000,
    "weightedAverageShsOutDil": 1882900000,
    "link": "https://www.sec.gov/Archives/edgar/data/51143/000100547799002266/0001005477-99-002266-index.html",
    "finalLink": "https://www.sec.gov/Archives/edgar/data/51143/"
  },
  {
    "date": "1998-12-31",
    "symbol": "IBM",
    "reportedCurrency": "USD",
    "cik": "0000051143",
    "fillingDate": "1999-03-29",
    "acceptedDate": "1999-03-29 00:00:00",
    "calendarYear": "1998",
    "period": "Q4",
    "revenue": 22539000000,
    "costOfRevenue": 15322000000,
    "grossProfit": 7217000000,
    "grossProfitRatio": 0.3202005413,
    "researchAndDevelopmentExpenses": 1407000000,
    "generalAndAdministrativeExpenses": 0,
    "sellingAndMarketingExpenses": 0,
    "sellingGeneralAndAdministrativeExpenses": 5074000000,
    "otherExpenses": 0,
    "operatingExpenses": 6481000000,
    "costAndExpenses": 21803000000,
    "interestIncome": 0,
    "interestExpense": 0,
    "depreciationAndAmortization": 1345000000,
    "ebitda": 5262000000,
    "ebitdaratio": 0.2334619992,
    "operatingIncome": 736000000,
    "operatingIncomeRatio": 0.03265451,
    "totalOtherIncomeExpensesNet": 2566000000,
    "incomeBeforeTax": 3302000000,
    "incomeBeforeTaxRatio": 0.1465016194,
    "incomeTaxExpense": 956000000,
    "netIncome": 2346000000,
    "netIncomeRatio": 0.1040862505,
    "eps": 1.29,
    "epsdiluted": 1.29,
    "weightedAverageShsOut": 1823800000,
    "weightedAverageShsOutDil": 1823800000,
    "link": "https://www.sec.gov/Archives/edgar/data/51143/000104746999011848/0001047469-99-011848-index.html",
    "finalLink": "https://www.sec.gov/Archives/edgar/data/51143/"
  },
  {
    "date": "1998-09-30",
    "symbol": "IBM",
    "reportedCurrency": "USD",
    "cik": "0000051143",
    "fillingDate": "1998-11-13",
    "acceptedDate": "1998-11-13 00:00:00",
    "calendarYear": "1998",
    "period": "Q3",
    "revenue": 20095000000,
    "costOfRevenue": 12628000000,
    "grossProfit": 7467000000,
    "grossProfitRatio": 0.3715849714,
    "researchAndDevelopmentExpenses": 1240000000,
    "generalAndAdministrativeExpenses": 0,
    "sellingAndMarketingExpenses": 0,
    "sellingGeneralAndAdministrativeExpenses": 4057000000,
    "otherExpenses": 0,
    "operatingExpenses": 5297000000,
    "costAndExpenses": 17925000000,
    "interestIncome": 0,
    "interestExpense": 0,
    "depreciationAndAmortization": 1310000000,
    "ebitda": 3480000000,
    "ebitdaratio": 0.1731774073,
    "operatingIncome": 2170000000,
    "operatingIncomeRatio": 0.1079870615,
    "totalOtherIncomeExpensesNet": -38000000,
    "incomeBeforeTax": 2132000000,
    "incomeBeforeTaxRatio": 0.1060960438,
    "incomeTaxExpense": 638000000,
    "netIncome": 1494000000,
    "netIncomeRatio": 0.0743468525,
    "eps": 0.8,
    "epsdiluted": 0.78,
    "weightedAverageShsOut": 1856800000,
    "weightedAverageShsOutDil": 1909000000,
    "link": "https://www.sec.gov/Archives/edgar/data/51143/000100547798003153/0001005477-98-003153-index.html",
    "finalLink": "https://www.sec.gov/Archives/edgar/data/51143/"
  },
  {
    "date": "1998-06-30",
    "symbol": "IBM",
    "reportedCurrency": "USD",
    "cik": "0000051143",
    "fillingDate": "1998-08-13",
    "acceptedDate": "1998-08-13 00:00:00",
    "calendarYear": "1998",
    "period": "Q2",
    "revenue": 18823000000,
    "costOfRevenue": 11677000000,
    "grossProfit": 7146000000,
    "grossProfitRatio": 0.3796419274,
    "researchAndDevelopmentExpenses": 1220000000,
    "generalAndAdministrativeExpenses": 0,
    "sellingAndMarketingExpenses": 0,
    "sellingGeneralAndAdministrativeExpenses": 3812000000,
    "otherExpenses": 0,
    "operatingExpenses": 5032000000,
    "costAndExpenses": 16709000000,
    "interestIncome": 0,
    "interestExpense": 0,
    "depreciationAndAmortization": 1114000000,
    "ebitda": 3228000000,
    "ebitdaratio": 0.1714923232,
    "operatingIncome": 2114000000,
    "operatingIncomeRatio": 0.1123094087,
    "totalOtherIncomeExpensesNet": -31000000,
    "incomeBeforeTax": 2083000000,
    "incomeBeforeTaxRatio": 0.1106624874,
    "incomeTaxExpense": 631000000,
    "netIncome": 1452000000,
    "netIncomeRatio": 0.0771396696,
    "eps": 0.77,
    "epsdiluted": 0.75,
    "weightedAverageShsOut": 1879200000,
    "weightedAverageShsOutDil": 1928600000,
    "link": "https://www.sec.gov/Archives/edgar/data/51143/000100547798002456/0001005477-98-002456-index.html",
    "finalLink": "https://www.sec.gov/Archives/edgar/data/51143/"
  },
  {
    "date": "1998-03-31",
    "symbol": "IBM",
    "reportedCurrency": "USD",
    "cik": "0000051143",
    "fillingDate": "1998-05-14",
    "acceptedDate": "1998-05-14 00:00:00",
    "calendarYear": "1998",
    "period": "Q1",
    "revenue": 17618000000,
    "costOfRevenue": 11168000000,
    "grossProfit": 6450000000,
    "grossProfitRatio": 0.3661028494,
    "researchAndDevelopmentExpenses": 1179000000,
    "generalAndAdministrativeExpenses": 0,
    "sellingAndMarketingExpenses": 0,
    "sellingGeneralAndAdministrativeExpenses": 3719000000,
    "otherExpenses": 0,
    "operatingExpenses": 4898000000,
    "costAndExpenses": 16066000000,
    "interestIncome": 0,
    "interestExpense": 0,
    "depreciationAndAmortization": 1223000000,
    "ebitda": 2775000000,
    "ebitdaratio": 0.1575093654,
    "operatingIncome": 1552000000,
    "operatingIncomeRatio": 0.0880917244,
    "totalOtherIncomeExpensesNet": -29000000,
    "incomeBeforeTax": 1523000000,
    "incomeBeforeTaxRatio": 0.0864456806,
    "incomeTaxExpense": 487000000,
    "netIncome": 1036000000,
    "netIncomeRatio": 0.0588034964,
    "eps": 0.54,
    "epsdiluted": 0.53,
    "weightedAverageShsOut": 1900400000,
    "weightedAverageShsOutDil": 1946600000,
    "link": "https://www.sec.gov/Archives/edgar/data/51143/000100547798001597/0001005477-98-001597-index.html",
    "finalLink": "https://www.sec.gov/Archives/edgar/data/51143/"
  },
  {
    "date": "1997-12-31",
    "symbol": "IBM",
    "reportedCurrency": "USD",
    "cik": "0000051143",
    "fillingDate": "1998-03-30",
    "acceptedDate": "1998-03-30 00:00:00",
    "calendarYear": "1997",
    "period": "Q4",
    "revenue": 23723000000,
    "costOfRevenue": 14205000000,
    "grossProfit": 9518000000,
    "grossProfitRatio": 0.4012140117,
    "researchAndDevelopmentExpenses": 1425000000,
    "generalAndAdministrativeExpenses": 0,
    "sellingAndMarketingExpenses": 0,
    "sellingGeneralAndAdministrativeExpenses": 5060000000,
    "otherExpenses": 0,
    "operatingExpenses": 6485000000,
    "costAndExpenses": 20690000000,
    "interestIncome": 0,
    "interestExpense": 0,
    "depreciationAndAmortization": 1415000000,
    "ebitda": 5105000000,
    "ebitdaratio": 0.2151920078,
    "operatingIncome": 3033000000,
    "operatingIncomeRatio": 0.1278506091,
    "totalOtherIncomeExpensesNet": -21000000,
    "incomeBeforeTax": 3012000000,
    "incomeBeforeTaxRatio": 0.1269653922,
    "incomeTaxExpense": 919000000,
    "netIncome": 2093000000,
    "netIncomeRatio": 0.0882266155,
    "eps": 1.1,
    "epsdiluted": 1.1,
    "weightedAverageShsOut": 1900400000,
    "weightedAverageShsOutDil": 1900400000,
    "link": "https://www.sec.gov/Archives/edgar/data/51143/000104746998012291/0001047469-98-012291-index.html",
    "finalLink": "https://www.sec.gov/Archives/edgar/data/51143/"
  },
  {
    "date": "1997-09-30",
    "symbol": "IBM",
    "reportedCurrency": "USD",
    "cik": "0000051143",
    "fillingDate": "1997-11-10",
    "acceptedDate": "1997-11-10 00:00:00",
    "calendarYear": "1997",
    "period": "Q3",
    "revenue": 18605000000,
    "costOfRevenue": 11507000000,
    "grossProfit": 7098000000,
    "grossProfitRatio": 0.3815103467,
    "researchAndDevelopmentExpenses": 1162000000,
    "generalAndAdministrativeExpenses": 0,
    "sellingAndMarketingExpenses": 0,
    "sellingGeneralAndAdministrativeExpenses": 3932000000,
    "otherExpenses": 0,
    "operatingExpenses": 5094000000,
    "costAndExpenses": 16601000000,
    "interestIncome": 0,
    "interestExpense": 0,
    "depreciationAndAmortization": 1177000000,
    "ebitda": 3181000000,
    "ebitdaratio": 0.1709755442,
    "operatingIncome": 2004000000,
    "operatingIncomeRatio": 0.1077129804,
    "totalOtherIncomeExpensesNet": -21000000,
    "incomeBeforeTax": 1983000000,
    "incomeBeforeTaxRatio": 0.1065842515,
    "incomeTaxExpense": 624000000,
    "netIncome": 1359000000,
    "netIncomeRatio": 0.0730448804,
    "eps": 0.69,
    "epsdiluted": 0.68,
    "weightedAverageShsOut": 1956000000,
    "weightedAverageShsOutDil": 1956000000,
    "link": "https://www.sec.gov/Archives/edgar/data/51143/000100547797002469/0001005477-97-002469-index.html",
    "finalLink": "https://www.sec.gov/Archives/edgar/data/51143/"
  },
  {
    "date": "1997-06-30",
    "symbol": "IBM",
    "reportedCurrency": "USD",
    "cik": "0000051143",
    "fillingDate": "1997-08-14",
    "acceptedDate": "1997-08-14 00:00:00",
    "calendarYear": "1997",
    "period": "Q2",
    "revenue": 18872000000,
    "costOfRevenue": 11471000000,
    "grossProfit": 7401000000,
    "grossProfitRatio": 0.3921682916,
    "researchAndDevelopmentExpenses": 1221000000,
    "generalAndAdministrativeExpenses": 0,
    "sellingAndMarketingExpenses": 0,
    "sellingGeneralAndAdministrativeExpenses": 3958000000,
    "otherExpenses": 0,
    "operatingExpenses": 5179000000,
    "costAndExpenses": 16650000000,
    "interestIncome": 0,
    "interestExpense": 0,
    "depreciationAndAmortization": 1213000000,
    "ebitda": 3435000000,
    "ebitdaratio": 0.1820156846,
    "operatingIncome": 2222000000,
    "operatingIncomeRatio": 0.117740568,
    "totalOtherIncomeExpensesNet": -42000000,
    "incomeBeforeTax": 2180000000,
    "incomeBeforeTaxRatio": 0.1155150487,
    "incomeTaxExpense": 734000000,
    "netIncome": 1446000000,
    "netIncomeRatio": 0.0766214498,
    "eps": 0.73,
    "epsdiluted": 0.72,
    "weightedAverageShsOut": 1973800000,
    "weightedAverageShsOutDil": 1973800000,
    "link": "https://www.sec.gov/Archives/edgar/data/51143/000091205797027788/0000912057-97-027788-index.html",
    "finalLink": "https://www.sec.gov/Archives/edgar/data/51143/"
  },
  {
    "date": "1997-03-31",
    "symbol": "IBM",
    "reportedCurrency": "USD",
    "cik": "0000051143",
    "fillingDate": "1997-05-13",
    "acceptedDate": "1997-05-13 00:00:00",
    "calendarYear": "1997",
    "period": "Q1",
    "revenue": 17308000000,
    "costOfRevenue": 10716000000,
    "grossProfit": 6592000000,
    "grossProfitRatio": 0.3808643402,
    "researchAndDevelopmentExpenses": 1069000000,
    "generalAndAdministrativeExpenses": 0,
    "sellingAndMarketingExpenses": 0,
    "sellingGeneralAndAdministrativeExpenses": 3684000000,
    "otherExpenses": 0,
    "operatingExpenses": 4753000000,
    "costAndExpenses": 15469000000,
    "interestIncome": 0,
    "interestExpense": 0,
    "depreciationAndAmortization": 1196000000,
    "ebitda": 3035000000,
    "ebitdaratio": 0.1753524382,
    "operatingIncome": 1839000000,
    "operatingIncomeRatio": 0.1062514444,
    "totalOtherIncomeExpensesNet": 13000000,
    "incomeBeforeTax": 1852000000,
    "incomeBeforeTaxRatio": 0.1070025422,
    "incomeTaxExpense": 657000000,
    "netIncome": 1195000000,
    "netIncomeRatio": 0.069043217,
    "eps": 0.59,
    "epsdiluted": 0.58,
    "weightedAverageShsOut": 2006800000,
    "weightedAverageShsOutDil": 2006800000,
    "link": "https://www.sec.gov/Archives/edgar/data/51143/000100547797001362/0001005477-97-001362-index.html",
    "finalLink": "https://www.sec.gov/Archives/edgar/data/51143/"
  },
  {
    "date": "1996-12-31",
    "symbol": "IBM",
    "reportedCurrency": "USD",
    "cik": "0000051143",
    "fillingDate": "1997-03-27",
    "acceptedDate": "1997-03-27 00:00:00",
    "calendarYear": "1996",
    "period": "Q4",
    "revenue": 21519000000,
    "costOfRevenue": 12198000000,
    "grossProfit": 9321000000,
    "grossProfitRatio": 0.4331520981,
    "researchAndDevelopmentExpenses": 1767000000,
    "generalAndAdministrativeExpenses": 0,
    "sellingAndMarketingExpenses": 0,
    "sellingGeneralAndAdministrativeExpenses": 5093000000,
    "otherExpenses": 0,
    "operatingExpenses": 6860000000,
    "costAndExpenses": 19058000000,
    "interestIncome": 0,
    "interestExpense": 0,
    "depreciationAndAmortization": 1304000000,
    "ebitda": 4472000000,
    "ebitdaratio": 0.2078163483,
    "operatingIncome": 2461000000,
    "operatingIncomeRatio": 0.1143640504,
    "totalOtherIncomeExpensesNet": 426000000,
    "incomeBeforeTax": 2887000000,
    "incomeBeforeTaxRatio": 0.1341605093,
    "incomeTaxExpense": 864000000,
    "netIncome": 2023000000,
    "netIncomeRatio": 0.0940099447,
    "eps": 1.01,
    "epsdiluted": 1.01,
    "weightedAverageShsOut": 2006800000,
    "weightedAverageShsOutDil": 2006800000,
    "link": "https://www.sec.gov/Archives/edgar/data/51143/000091205797010483/0000912057-97-010483-index.html",
    "finalLink": "https://www.sec.gov/Archives/edgar/data/51143/"
  },
  {
    "date": "1996-09-30",
    "symbol": "IBM",
    "reportedCurrency": "USD",
    "cik": "0000051143",
    "fillingDate": "1996-11-13",
    "acceptedDate": "1996-11-13 00:00:00",
    "calendarYear": "1996",
    "period": "Q3",
    "revenue": 18062000000,
    "costOfRevenue": 10804000000,
    "grossProfit": 7258000000,
    "grossProfitRatio": 0.4018381132,
    "researchAndDevelopmentExpenses": 1115000000,
    "generalAndAdministrativeExpenses": 0,
    "sellingAndMarketingExpenses": 0,
    "sellingGeneralAndAdministrativeExpenses": 4175000000,
    "otherExpenses": 0,
    "operatingExpenses": 5290000000,
    "costAndExpenses": 16094000000,
    "interestIncome": 0,
    "interestExpense": 0,
    "depreciationAndAmortization": 1196000000,
    "ebitda": 3164000000,
    "ebitdaratio": 0.1751743993,
    "operatingIncome": 1968000000,
    "operatingIncomeRatio": 0.1089580334,
    "totalOtherIncomeExpensesNet": 11000000,
    "incomeBeforeTax": 1979000000,
    "incomeBeforeTaxRatio": 0.1095670468,
    "incomeTaxExpense": 694000000,
    "netIncome": 1285000000,
    "netIncomeRatio": 0.0711438379,
    "eps": 0.62,
    "epsdiluted": 0.6,
    "weightedAverageShsOut": 2087200000,
    "weightedAverageShsOutDil": 2087200000,
    "link": "https://www.sec.gov/Archives/edgar/data/51143/000100547796000435/0001005477-96-000435-index.html",
    "finalLink": "https://www.sec.gov/Archives/edgar/data/51143/"
  },
  {
    "date": "1996-06-30",
    "symbol": "IBM",
    "reportedCurrency": "USD",
    "cik": "0000051143",
    "fillingDate": "1996-08-12",
    "acceptedDate": "1996-08-12 00:00:00",
    "calendarYear": "1996",
    "period": "Q2",
    "revenue": 18183000000,
    "costOfRevenue": 10992000000,
    "grossProfit": 7191000000,
    "grossProfitRatio": 0.3954792938,
    "researchAndDevelopmentExpenses": 1116000000,
    "generalAndAdministrativeExpenses": 0,
    "sellingAndMarketingExpenses": 0,
    "sellingGeneralAndAdministrativeExpenses": 3889000000,
    "otherExpenses": 0,
    "operatingExpenses": 5005000000,
    "costAndExpenses": 15997000000,
    "interestIncome": 0,
    "interestExpense": 0,
    "depreciationAndAmortization": 1298000000,
    "ebitda": 3484000000,
    "ebitdaratio": 0.1916075455,
    "operatingIncome": 2186000000,
    "operatingIncomeRatio": 0.1202221856,
    "totalOtherIncomeExpensesNet": -12000000,
    "incomeBeforeTax": 2174000000,
    "incomeBeforeTaxRatio": 0.1195622285,
    "incomeTaxExpense": 827000000,
    "netIncome": 1347000000,
    "netIncomeRatio": 0.0740801848,
    "eps": 0.63,
    "epsdiluted": 0.62,
    "weightedAverageShsOut": 2135600000,
    "weightedAverageShsOutDil": 2135600000,
    "link": "https://www.sec.gov/Archives/edgar/data/51143/000095011296002735/0000950112-96-002735-index.html",
    "finalLink": "https://www.sec.gov/Archives/edgar/data/51143/"
  },
  {
    "date": "1996-03-31",
    "symbol": "IBM",
    "reportedCurrency": "USD",
    "cik": "0000051143",
    "fillingDate": "1996-05-14",
    "acceptedDate": "1996-05-14 00:00:00",
    "calendarYear": "1996",
    "period": "Q1",
    "revenue": 16559000000,
    "costOfRevenue": 9790000000,
    "grossProfit": 6769000000,
    "grossProfitRatio": 0.4087807235,
    "researchAndDevelopmentExpenses": 1091000000,
    "generalAndAdministrativeExpenses": 0,
    "sellingAndMarketingExpenses": 0,
    "sellingGeneralAndAdministrativeExpenses": 3697000000,
    "otherExpenses": 0,
    "operatingExpenses": 4788000000,
    "costAndExpenses": 14578000000,
    "interestIncome": 0,
    "interestExpense": 0,
    "depreciationAndAmortization": 1214000000,
    "ebitda": 3195000000,
    "ebitdaratio": 0.192946434,
    "operatingIncome": 1981000000,
    "operatingIncomeRatio": 0.1196328281,
    "totalOtherIncomeExpensesNet": -434000000,
    "incomeBeforeTax": 1547000000,
    "incomeBeforeTaxRatio": 0.0934235159,
    "incomeTaxExpense": 773000000,
    "netIncome": 774000000,
    "netIncomeRatio": 0.046741953,
    "eps": 0.36,
    "epsdiluted": 0.35,
    "weightedAverageShsOut": 2177200000,
    "weightedAverageShsOutDil": 2177200000,
    "link": "https://www.sec.gov/Archives/edgar/data/51143/000095011296001476/0000950112-96-001476-index.html",
    "finalLink": "https://www.sec.gov/Archives/edgar/data/51143/"
  },
  {
    "date": "1995-12-31",
    "symbol": "IBM",
    "reportedCurrency": "USD",
    "cik": "0000051143",
    "fillingDate": "1996-03-26",
    "acceptedDate": "1996-03-26 00:00:00",
    "calendarYear": "1995",
    "period": "Q4",
    "revenue": 21920000000,
    "costOfRevenue": 12769000000,
    "grossProfit": 9151000000,
    "grossProfitRatio": 0.4174726277,
    "researchAndDevelopmentExpenses": 3088000000,
    "generalAndAdministrativeExpenses": 0,
    "sellingAndMarketingExpenses": 0,
    "sellingGeneralAndAdministrativeExpenses": 5392000000,
    "otherExpenses": 0,
    "operatingExpenses": 8480000000,
    "costAndExpenses": 21249000000,
    "interestIncome": 0,
    "interestExpense": 0,
    "depreciationAndAmortization": 1530000000,
    "ebitda": 3148000000,
    "ebitdaratio": 0.1436131387,
    "operatingIncome": 671000000,
    "operatingIncomeRatio": 0.0306113139,
    "totalOtherIncomeExpensesNet": 1897000000,
    "incomeBeforeTax": 2568000000,
    "incomeBeforeTaxRatio": 0.1171532847,
    "incomeTaxExpense": 857000000,
    "netIncome": 1711000000,
    "netIncomeRatio": 0.0780565693,
    "eps": 0.79,
    "epsdiluted": 0.79,
    "weightedAverageShsOut": 2177200000,
    "weightedAverageShsOutDil": 2177200000,
    "link": "https://www.sec.gov/Archives/edgar/data/51143/000095011296000889/0000950112-96-000889-index.html",
    "finalLink": "https://www.sec.gov/Archives/edgar/data/51143/"
  },
  {
    "date": "1995-09-30",
    "symbol": "IBM",
    "reportedCurrency": "USD",
    "cik": "0000051143",
    "fillingDate": "1995-11-13",
    "acceptedDate": "1995-11-13 00:00:00",
    "calendarYear": "1995",
    "period": "Q3",
    "revenue": 16754000000,
    "costOfRevenue": 9833000000,
    "grossProfit": 6921000000,
    "grossProfitRatio": 0.4130953802,
    "researchAndDevelopmentExpenses": 1035000000,
    "generalAndAdministrativeExpenses": 0,
    "sellingAndMarketingExpenses": 0,
    "sellingGeneralAndAdministrativeExpenses": 3858000000,
    "otherExpenses": 0,
    "operatingExpenses": 4893000000,
    "costAndExpenses": 14726000000,
    "interestIncome": 0,
    "interestExpense": 0,
    "depreciationAndAmortization": 1320000000,
    "ebitda": 3348000000,
    "ebitdaratio": 0.1998328757,
    "operatingIncome": 2028000000,
    "operatingIncomeRatio": 0.1210457204,
    "totalOtherIncomeExpensesNet": -1791000000,
    "incomeBeforeTax": 237000000,
    "incomeBeforeTaxRatio": 0.0141458756,
    "incomeTaxExpense": 775000000,
    "netIncome": -538000000,
    "netIncomeRatio": -0.0321117345,
    "eps": -0.24,
    "epsdiluted": -0.24,
    "weightedAverageShsOut": 2258400000,
    "weightedAverageShsOutDil": 2258400000,
    "link": "https://www.sec.gov/Archives/edgar/data/51143/000095011295002932/0000950112-95-002932-index.html",
    "finalLink": "https://www.sec.gov/Archives/edgar/data/51143/"
  }
]