[
  {
    "date": "2024-12-31",
    "symbol": "IBM",
    "reportedCurrency": "USD",
    "cik": "0000051143",
    "fillingDate": "2025-02-25",
    "acceptedDate": "2025-02-25 16:12:45",
    "calendarYear": "2024",
    "period": "FY",
    "revenue": 62753000000,
    "costOfRevenue": 27201000000,
    "grossProfit": 35551000000,
    "grossProfitRatio": 0.566522716,
    "researchAndDevelopmentExpenses": 7479000000,
    "generalAndAdministrativeExpenses": 16737000000,
    "sellingAndMarketingExpenses": 1173000000,
    "sellingGeneralAndAdministrativeExpenses": 17910000000,
    "otherExpenses": 89000000,
    "operatingExpenses": 25478000000,
    "costAndExpenses": 52679000000,
    "interestIncome": 747000000,
    "interestExpense": 1712000000,
    "depreciationAndAmortization": 4667000000,
    "ebitda": 12176000000,
    "ebitdaratio": 0.1940305643,
    "operatingIncome": 10074000000,
    "operatingIncomeRatio": 0.1605341577,
    "totalOtherIncomeExpensesNet": -4277000000,
    "incomeBeforeTax": 5797000000,
    "incomeBeforeTaxRatio": 0.0923780536,
    "incomeTaxExpense": -218000000,
    "netIncome": 6023000000,
    "netIncomeRatio": 0.0959794751,
    "eps": 6.53,
    "epsdiluted": 6.43,
    "weightedAverageShsOut": 937200000,
    "weightedAverageShsOutDil": 937200000,
    "link": "https://www.sec.gov/Archives/edgar/data/51143/000005114325000015/0000051143-25-000015-index.htm",
    "finalLink": "https://www.sec.gov/Archives/edgar/data/51143/000005114325000015/ibm-20241231.htm"
  },
  {
    "date": "2023-12-31",
    "symbol": "IBM",
    "reportedCurrency": "USD",
    "cik": "0000051143",
    "fillingDate": "2024-02-26",
    "acceptedDate": "2024-02-26 06:41:57",
    "calendarYear": "2023",
    "period": "FY",
    "revenue": 61860000000,
    "costOfRevenue": 27560000000,
    "grossProfit": 34300000000,
    "grossProfitRatio": 0.5544778532,
    "researchAndDevelopmentExpenses": 6775000000,
    "generalAndAdministrativeExpenses": 16322000000,
    "sellingAndMarketingExpenses": 1237000000,
    "sellingGeneralAndAdministrativeExpenses": 17559000000,
    "otherExpenses": 145000000,
    "operatingExpenses": 24479000000,
    "costAndExpenses": 52039000000,
    "interestIncome": 670000000,
    "interestExpense": 1607000000,
    "depreciationAndAmortization": 4396000000,
    "ebitda": 14693000000,
    "ebitdaratio": 0.2375202069,
    "operatingIncome": 9821000000,
    "operatingIncomeRatio": 0.15876172,
    "totalOtherIncomeExpensesNet": -1131000000,
    "incomeBeforeTax": 8690000000,
    "incomeBeforeTaxRatio": 0.1404784998,
    "incomeTaxExpense": 1176000000,
    "netIncome": 7502000000,
    "netIncomeRatio": 0.1212738442,
    "eps": 8.23,
    "epsdiluted": 8.14,
    "weightedAverageShsOut": 911210319,
    "weightedAverageShsOutDil": 922073828,
    "link": "https://www.sec.gov/Archives/edgar/data/51143/000005114324000012/0000051143-24-000012-index.htm",
    "finalLink": "https://www.sec.gov/Archives/edgar/data/51143/000005114324000012/ibm-20231231.htm"
  },
  {
    "date": "2022-12-31",
    "symbol": "IBM",
    "reportedCurrency": "USD",
    "cik": "0000051143",
    "fillingDate": "2023-02-28",
    "acceptedDate": "2023-02-28 16:26:11",
    "calendarYear": "2022",
    "period": "FY",
    "revenue": 60530000000,
    "costOfRevenue": 27842000000,
    "grossProfit": 32687000000,
    "grossProfitRatio": 0.5400132166,
    "researchAndDevelopmentExpenses": 6567000000,
    "generalAndAdministrativeExpenses": 16103000000,
    "sellingAndMarketingExpenses": 2506000000,
    "sellingGeneralAndAdministrativeExpenses": 18609000000,
    "otherExpenses": -662000000,
    "operatingExpenses": 24514000000,
    "costAndExpenses": 52356000000,
    "interestIncome": 162000000,
    "interestExpense": 1216000000,
    "depreciationAndAmortization": 4802000000,
    "ebitda": 7174000000,
    "ebitdaratio": 0.1185197423,
    "operatingIncome": 8174000000,
    "operatingIncomeRatio": 0.1350404758,
    "totalOtherIncomeExpensesNet": -7018000000,
    "incomeBeforeTax": 1156000000,
    "incomeBeforeTaxRatio": 0.0190979679,
    "incomeTaxExpense": -626000000,
    "netIncome": 1640000000,
    "netIncomeRatio": 0.027094003,
    "eps": 1.82,
    "epsdiluted": 1.8,
    "weightedAverageShsOut": 902664190,
    "weightedAverageShsOutDil": 912269062,
    "link": "https://www.sec.gov/Archives/edgar/data/51143/000155837023002376/0001558370-23-002376-index.htm",
    "finalLink": "https://www.sec.gov/Archives/edgar/data/51143/000155837023002376/ibm-20221231x10k.htm"
  },
  {
    "date": "2021-12-31",
    "symbol": "IBM",
    "reportedCurrency": "USD",
    "cik": "0000051143",
    "fillingDate": "2022-02-22",
    "acceptedDate": "2022-02-22 16:07:29",
    "calendarYear": "2021",
    "period": "FY",
    "revenue": 57351000000,
    "costOfRevenue": 25865000000,
    "grossProfit": 31486000000,
    "grossProfitRatio": 0.5490052484,
    "researchAndDevelopmentExpenses": 6488000000,
    "generalAndAdministrativeExpenses": 16105000000,
    "sellingAndMarketingExpenses": 2640000000,
    "sellingGeneralAndAdministrativeExpenses": 18745000000,
    "otherExpenses": -612000000,
    "operatingExpenses": 24621000000,
    "costAndExpenses": 50486000000,
    "interestIncome": 52000000,
    "interestExpense": 1155000000,
    "depreciationAndAmortization": 6417000000,
    "ebitda": 12409000000,
    "ebitdaratio": 0.2163693746,
    "operatingIncome": 6865000000,
    "operatingIncomeRatio": 0.1197014873,
    "totalOtherIncomeExpensesNet": -2028000000,
    "incomeBeforeTax": 4837000000,
    "incomeBeforeTaxRatio": 0.0843402905,
    "incomeTaxExpense": 124000000,
    "netIncome": 5742000000,
    "netIncomeRatio": 0.1001203118,
    "eps": 6.41,
    "epsdiluted": 6.35,
    "weightedAverageShsOut": 895990771,
    "weightedAverageShsOutDil": 904641001,
    "link": "https://www.sec.gov/Archives/edgar/data/51143/000155837022001584/0001558370-22-001584-index.htm",
    "finalLink": "https://www.sec.gov/Archives/edgar/data/51143/000155837022001584/ibm-20211231x10k.htm"
  },
  {
    "date": "2020-12-31",
    "symbol": "IBM",
    "reportedCurrency": "USD",
    "cik": "0000051143",
    "fillingDate": "2021-02-23",
    "acceptedDate": "2021-02-23 17:08:23",
    "calendarYear": "2020",
    "period": "FY",
    "revenue": 55179000000,
    "costOfRevenue": 24314000000,
    "grossProfit": 30865000000,
    "grossProfitRatio": 0.5593613512,
    "researchAndDevelopmentExpenses": 6262000000,
    "generalAndAdministrativeExpenses": 19052000000,
    "sellingAndMarketingExpenses": 1509000000,
    "sellingGeneralAndAdministrativeExpenses": 20561000000,
    "otherExpenses": -620000000,
    "operatingExpenses": 26203000000,
    "costAndExpenses": 50517000000,
    "interestIncome": 105000000,
    "interestExpense": 1288000000,
    "depreciationAndAmortization": 6695000000,
    "ebitda": 10555000000,
    "ebitdaratio": 0.1912865402,
    "operatingIncome": 4662000000,
    "operatingIncomeRatio": 0.0844886642,
    "totalOtherIncomeExpensesNet": -2090000000,
    "incomeBeforeTax": 2572000000,
    "incomeBeforeTaxRatio": 0.0466119357,
    "incomeTaxExpense": -1360000000,
    "netIncome": 5590000000,
    "netIncomeRatio": 0.1013066565,
    "eps": 6.28,
    "epsdiluted": 6.23,
    "weightedAverageShsOut": 890348679,
    "weightedAverageShsOutDil": 896563971,
    "link": "https://www.sec.gov/Archives/edgar/data/51143/000155837021001489/0001558370-21-001489-index.htm",
    "finalLink": "https://www.sec.gov/Archives/edgar/data/51143/000155837021001489/ibm-20201231x10k.htm"
  },
  {
    "date": "2019-12-31",
    "symbol": "IBM",
    "reportedCurrency": "USD",
    "cik": "0000051143",
    "fillingDate": "2020-02-25",
    "acceptedDate": "2020-02-25 16:54:20",
    "calendarYear": "2019",
    "period": "FY",
    "revenue": 57714000000,
    "costOfRevenue": 26181000000,
    "grossProfit": 31533000000,
    "grossProfitRatio": 0.5463665662,
    "researchAndDevelopmentExpenses": 5910000000,
    "generalAndAdministrativeExpenses": 17215000000,
    "sellingAndMarketingExpenses": 1509000000,
    "sellingGeneralAndAdministrativeExpenses": 18724000000,
    "otherExpenses": -639000000,
    "operatingExpenses": 23995000000,
    "costAndExpenses": 50176000000,
    "interestIncome": 349000000,
    "interestExpense": 1022000000,
    "depreciationAndAmortization": 6059000000,
    "ebitda": 14609000000,
    "ebitdaratio": 0.2531274907,
    "operatingIncome": 7538000000,
    "operatingIncomeRatio": 0.1306095575,
    "totalOtherIncomeExpensesNet": -332000000,
    "incomeBeforeTax": 7206000000,
    "incomeBeforeTaxRatio": 0.1248570537,
    "incomeTaxExpense": 60000000,
    "netIncome": 9431000000,
    "netIncomeRatio": 0.1634092248,
    "eps": 10.63,
    "epsdiluted": 10.56,
    "weightedAverageShsOut": 887235105,
    "weightedAverageShsOutDil": 892813376,
    "link": "https://www.sec.gov/Archives/edgar/data/51143/000155837020001334/0001558370-20-001334-index.htm",
    "finalLink": "https://www.sec.gov/Archives/edgar/data/51143/000155837020001334/ibm-20191231x10k2af531.htm"
  },
  {
    "date": "2018-12-31",
    "symbol": "IBM",
    "reportedCurrency": "USD",
    "cik": "0000051143",
    "fillingDate": "2019-02-26",
    "acceptedDate": "2019-02-26 16:27:59",
    "calendarYear": "2018",
    "period": "FY",
    "revenue": 79591000000,
    "costOfRevenue": 42655000000,
    "grossProfit": 36936000000,
    "grossProfitRatio": 0.464072571,
    "researchAndDevelopmentExpenses": 5379000000,
    "generalAndAdministrativeExpenses": 17900000000,
    "sellingAndMarketingExpenses": 1466000000,
    "sellingGeneralAndAdministrativeExpenses": 19366000000,
    "otherExpenses": -1026000000,
    "operatingExpenses": 23719000000,
    "costAndExpenses": 66374000000,
    "interestIncome": 264000000,
    "interestExpense": 686000000,
    "depreciationAndAmortization": 4480000000,
    "ebitda": 16545000000,
    "ebitdaratio": 0.2078752623,
    "operatingIncome": 13217000000,
    "operatingIncomeRatio": 0.1660614894,
    "totalOtherIncomeExpensesNet": -1875000000,
    "incomeBeforeTax": 11342000000,
    "incomeBeforeTaxRatio": 0.1425035494,
    "incomeTaxExpense": 2619000000,
    "netIncome": 8728000000,
    "netIncomeRatio": 0.10966064,
    "eps": 9.57,
    "epsdiluted": 9.53,
    "weightedAverageShsOut": 912000000,
    "weightedAverageShsOutDil": 916300000,
    "link": "https://www.sec.gov/Archives/edgar/data/51143/000104746919000712/0001047469-19-000712-index.htm",
    "finalLink": "https://www.sec.gov/Archives/edgar/data/51143/000104746919000712/a2237254z10-k.htm"
  },
  {
    "date": "2017-12-31",
    "symbol": "IBM",
    "reportedCurrency": "USD",
    "cik": "0000051143",
    "fillingDate": "2018-02-27",
    "acceptedDate": "2018-02-27 17:13:57",
    "calendarYear": "2017",
    "period": "FY",
    "revenue": 79139000000,
    "costOfRevenue": 42196000000,
    "grossProfit": 36943000000,
    "grossProfitRatio": 0.4668115594,
    "researchAndDevelopmentExpenses": 5590000000,
    "generalAndAdministrativeExpenses": 17911000000,
    "sellingAndMarketingExpenses": 1445000000,
    "sellingGeneralAndAdministrativeExpenses": 19680000000,
    "otherExpenses": -1466000000,
    "operatingExpenses": 23804000000,
    "costAndExpenses": 66000000000,
    "interestIncome": 144000000,
    "interestExpense": 663000000,
    "depreciationAndAmortization": 4541000000,
    "ebitda": 16556000000,
    "ebitdaratio": 0.2092015315,
    "operatingIncome": 13139000000,
    "operatingIncomeRatio": 0.1660243369,
    "totalOtherIncomeExpensesNet": -1739000000,
    "incomeBeforeTax": 11400000000,
    "incomeBeforeTaxRatio": 0.1440503418,
    "incomeTaxExpense": 5642000000,
    "netIncome": 5753000000,
    "netIncomeRatio": 0.0726948786,
    "eps": 6.17,
    "epsdiluted": 6.14,
    "weightedAverageShsOut": 932800000,
    "weightedAverageShsOutDil": 937400000,
    "link": "https://www.sec.gov/Archives/edgar/data/51143/000104746918001117/0001047469-18-001117-index.htm",
    "finalLink": "https://www.sec.gov/Archives/edgar/data/51143/000104746918001117/a2233835z10-k.htm"
  },
  {
    "date": "2016-12-31",
    "symbol": "IBM",
    "reportedCurrency": "USD",
    "cik": "0000051143",
    "fillingDate": "2017-02-28",
    "acceptedDate": "2017-02-28 16:23:36",
    "calendarYear": "2016",
    "period": "FY",
    "revenue": 79920000000,
    "costOfRevenue": 41403000000,
    "grossProfit": 38516000000,
    "grossProfitRatio": 0.4819319319,
    "researchAndDevelopmentExpenses": 5726000000,
    "generalAndAdministrativeExpenses": 18952000000,
    "sellingAndMarketingExpenses": 1327000000,
    "sellingGeneralAndAdministrativeExpenses": 20279000000,
    "otherExpenses": -1127000000,
    "operatingExpenses": 24878000000,
    "costAndExpenses": 66281000000,
    "interestIncome": 108000000,
    "interestExpense": 630000000,
    "depreciationAndAmortization": 4381000000,
    "ebitda": 17341000000,
    "ebitdaratio": 0.2169794795,
    "operatingIncome": 14677000000,
    "operatingIncomeRatio": 0.1836461461,
    "totalOtherIncomeExpensesNet": -2347000000,
    "incomeBeforeTax": 12330000000,
    "incomeBeforeTaxRatio": 0.1542792793,
    "incomeTaxExpense": 449000000,
    "netIncome": 11872000000,
    "netIncomeRatio": 0.1485485485,
    "eps": 12.43,
    "epsdiluted": 12.38,
    "weightedAverageShsOut": 955400000,
    "weightedAverageShsOutDil": 958700000,
    "link": "https://www.sec.gov/Archives/edgar/data/51143/000104746917001061/0001047469-17-001061-index.htm",
    "finalLink": "https://www.sec.gov/Archives/edgar/data/51143/000104746917001061/a2230222z10-k.htm"
  },
  {
    "date": "2015-12-31",
    "symbol": "IBM",
    "reportedCurrency": "USD",
    "cik": "0000051143",
    "fillingDate": "2016-02-23",
    "acceptedDate": "2016-02-23 16:19:19",
    "calendarYear": "2015",
    "period": "FY",
    "revenue": 81742000000,
    "costOfRevenue": 41057000000,
    "grossProfit": 40684000000,
    "grossProfitRatio": 0.4977123144,
    "researchAndDevelopmentExpenses": 5247000000,
    "generalAndAdministrativeExpenses": 18604000000,
    "sellingAndMarketingExpenses": 1290000000,
    "sellingGeneralAndAdministrativeExpenses": 19894000000,
    "otherExpenses": -377000000,
    "operatingExpenses": 24764000000,
    "costAndExpenses": 65821000000,
    "interestIncome": 108000000,
    "interestExpense": 468000000,
    "depreciationAndAmortization": 3855000000,
    "ebitda": 20268000000,
    "ebitdaratio": 0.2479508698,
    "operatingIncome": 16508000000,
    "operatingIncomeRatio": 0.2019524846,
    "totalOtherIncomeExpensesNet": -563000000,
    "incomeBeforeTax": 15945000000,
    "incomeBeforeTaxRatio": 0.1950649605,
    "incomeTaxExpense": 2581000000,
    "netIncome": 13190000000,
    "netIncomeRatio": 0.1613613565,
    "eps": 13.48,
    "epsdiluted": 13.42,
    "weightedAverageShsOut": 978700000,
    "weightedAverageShsOutDil": 982700000,
    "link": "https://www.sec.gov/Archives/edgar/data/51143/000104746916010329/0001047469-16-010329-index.htm",
    "finalLink": "https://www.sec.gov/Archives/edgar/data/51143/000104746916010329/a2226548z10-k.htm"
  },
  {
    "date": "2014-12-31",
    "symbol": "IBM",
    "reportedCurrency": "USD",
    "cik": "0000051143",
    "fillingDate": "2015-02-24",
    "acceptedDate": "2015-02-24 14:08:09",
    "calendarYear": "2014",
    "period": "FY",
    "revenue": 92793000000,
    "costOfRevenue": 46386000000,
    "grossProfit": 46407000000,
    "grossProfitRatio": 0.5001131551,
    "researchAndDevelopmentExpenses": 5437000000,
    "generalAndAdministrativeExpenses": 21165000000,
    "sellingAndMarketingExpenses": 1307000000,
    "sellingGeneralAndAdministrativeExpenses": 22472000000,
    "otherExpenses": -368000000,
    "operatingExpenses": 27541000000,
    "costAndExpenses": 73927000000,
    "interestIncome": 90000000,
    "interestExpense": 484000000,
    "depreciationAndAmortization": 4492000000,
    "ebitda": 24962000000,
    "ebitdaratio": 0.2690073605,
    "operatingIncome": 20338000000,
    "operatingIncomeRatio": 0.2191760154,
    "totalOtherIncomeExpensesNet": -352000000,
    "incomeBeforeTax": 19986000000,
    "incomeBeforeTaxRatio": 0.2153826258,
    "incomeTaxExpense": 4234000000,
    "netIncome": 12022000000,
    "netIncomeRatio": 0.1295571864,
    "eps": 11.97,
    "epsdiluted": 11.9,
    "weightedAverageShsOut": 1004300000,
    "weightedAverageShsOutDil": 1010000000,
    "link": "https://www.sec.gov/Archives/edgar/data/51143/000104746915001106/0001047469-15-001106-index.htm",
    "finalLink": "https://www.sec.gov/Archives/edgar/data/51143/000104746915001106/a2222209z10-k.htm"
  },
  {
    "date": "2013-12-31",
    "symbol": "IBM",
    "reportedCurrency": "USD",
    "cik": "0000051143",
    "fillingDate": "2014-02-25",
    "acceptedDate": "2014-02-25 14:13:24",
    "calendarYear": "2013",
    "period": "FY",
    "revenue": 98368000000,
    "costOfRevenue": 49683000000,
    "grossProfit": 48684000000,
    "grossProfitRatio": 0.4949170462,
    "researchAndDevelopmentExpenses": 5743000000,
    "generalAndAdministrativeExpenses": 21630000000,
    "sellingAndMarketingExpenses": 1294000000,
    "sellingGeneralAndAdministrativeExpenses": 22924000000,
    "otherExpenses": -451000000,
    "operatingExpenses": 28216000000,
    "costAndExpenses": 77899000000,
    "interestIncome": 74000000,
    "interestExpense": 402000000,
    "depreciationAndAmortization": 4678000000,
    "ebitda": 25324000000,
    "ebitdaratio": 0.2574414444,
    "operatingIncome": 21500000000,
    "operatingIncomeRatio": 0.2185670137,
    "totalOtherIncomeExpensesNet": -1256000000,
    "incomeBeforeTax": 20244000000,
    "incomeBeforeTaxRatio": 0.2057986337,
    "incomeTaxExpense": 3363000000,
    "netIncome": 16483000000,
    "netIncomeRatio": 0.1675646552,
    "eps": 15.06,
    "epsdiluted": 14.94,
    "weightedAverageShsOut": 1094500000,
    "weightedAverageShsOutDil": 1103000000,
    "link": "https://www.sec.gov/Archives/edgar/data/51143/000104746914001302/0001047469-14-001302-index.htm",
    "finalLink": "https://www.sec.gov/Archives/edgar/data/51143/000104746914001302/a2217495z10-k.htm"
  },
  {
    "date": "2012-12-31",
    "symbol": "IBM",
    "reportedCurrency": "USD",
    "cik": "0000051143",
    "fillingDate": "2013-02-26",
    "acceptedDate": "2013-02-26 15:35:35",
    "calendarYear": "2012",
    "period": "FY",
    "revenue": 102874000000,
    "costOfRevenue": 52513000000,
    "grossProfit": 50361000000,
    "grossProfitRatio": 0.4895406031,
    "researchAndDevelopmentExpenses": 5816000000,
    "generalAndAdministrativeExpenses": 21746000000,
    "sellingAndMarketingExpenses": 1339000000,
    "sellingGeneralAndAdministrativeExpenses": 23085000000,
    "otherExpenses": -746000000,
    "operatingExpenses": 28155000000,
    "costAndExpenses": 80668000000,
    "interestIncome": 109000000,
    "interestExpense": 459000000,
    "depreciationAndAmortization": 4676000000,
    "ebitda": 27675000000,
    "ebitdaratio": 0.2690184109,
    "operatingIncome": 22990000000,
    "operatingIncomeRatio": 0.2234772634,
    "totalOtherIncomeExpensesNet": -450000000,
    "incomeBeforeTax": 22540000000,
    "incomeBeforeTaxRatio": 0.2191029803,
    "incomeTaxExpense": 5541000000,
    "netIncome": 16604000000,
    "netIncomeRatio": 0.1614013259,
    "eps": 14.53,
    "epsdiluted": 14.37,
    "weightedAverageShsOut": 1142500000,
    "weightedAverageShsOutDil": 1155400000,
    "link": "https://www.sec.gov/Archives/edgar/data/51143/000104746913001698/0001047469-13-001698-index.htm",
    "finalLink": "https://www.sec.gov/Archives/edgar/data/51143/000104746913001698/a2212340z10-k.htm"
  },
  {
    "date": "2011-12-31",
    "symbol": "IBM",
    "reportedCurrency": "USD",
    "cik": "0000051143",
    "fillingDate": "2012-02-28",
    "acceptedDate": "2012-02-28 14:52:20",
    "calendarYear": "2011",
    "period": "FY",
    "revenue": 106916000000,
    "costOfRevenue": 56778000000,
    "grossProfit": 50138000000,
    "grossProfitRatio": 0.468947585,
    "researchAndDevelopmentExpenses": 6258000000,
    "generalAndAdministrativeExpenses": 21844000000,
    "sellingAndMarketingExpenses": 1373000000,
    "sellingGeneralAndAdministrativeExpenses": 23217000000,
    "otherExpenses": -819000000,
    "operatingExpenses": 28656000000,
    "costAndExpenses": 85434000000,
    "interestIncome": 136000000,
    "interestExpense": 411000000,
    "depreciationAndAmortization": 4815000000,
    "ebitda": 26229000000,
    "ebitdaratio": 0.2453234315,
    "operatingIncome": 21922000000,
    "operatingIncomeRatio": 0.2050394702,
    "totalOtherIncomeExpensesNet": -919000000,
    "incomeBeforeTax": 21003000000,
    "incomeBeforeTaxRatio": 0.1964439373,
    "incomeTaxExpense": 5148000000,
    "netIncome": 15855000000,
    "netIncomeRatio": 0.1482939878,
    "eps": 13.25,
    "epsdiluted": 13.06,
    "weightedAverageShsOut": 1197000000,
    "weightedAverageShsOutDil": 1213800000,
    "link": "https://www.sec.gov/Archives/edgar/data/51143/000104746912001742/0001047469-12-001742-index.htm",
    "finalLink": "https://www.sec.gov/Archives/edgar/data/51143/000104746912001742/a2206744z10-k.htm"
  },
  {
    "date": "2010-12-31",
    "symbol": "IBM",
    "reportedCurrency": "USD",
    "cik": "0000051143",
    "fillingDate": "2011-02-22",
    "acceptedDate": "2011-02-22 13:08:33",
    "calendarYear": "2010",
    "period": "FY",
    "revenue": 99871000000,
    "costOfRevenue": 53857000000,
    "grossProfit": 46014000000,
    "grossProfitRatio": 0.4607343473,
    "researchAndDevelopmentExpenses": 6026000000,
    "generalAndAdministrativeExpenses": 20208000000,
    "sellingAndMarketingExpenses": 1337000000,
    "sellingGeneralAndAdministrativeExpenses": 21545000000,
    "otherExpenses": -901000000,
    "operatingExpenses": 26670000000,
    "costAndExpenses": 80527000000,
    "interestIncome": 92000000,
    "interestExpense": 368000000,
    "depreciationAndAmortization": 4831000000,
    "ebitda": 24922000000,
    "ebitdaratio": 0.2495419091,
    "operatingIncome": 19985000000,
    "operatingIncomeRatio": 0.2001081395,
    "totalOtherIncomeExpensesNet": -262000000,
    "incomeBeforeTax": 19723000000,
    "incomeBeforeTaxRatio": 0.1974847553,
    "incomeTaxExpense": 4890000000,
    "netIncome": 14833000000,
    "netIncomeRatio": 0.1485215929,
    "eps": 11.69,
    "epsdiluted": 11.52,
    "weightedAverageShsOut": 1268800000,
    "weightedAverageShsOutDil": 1287400000,
    "link": "https://www.sec.gov/Archives/edgar/data/51143/000104746911001117/0001047469-11-001117-index.htm",
    "finalLink": "https://www.sec.gov/Archives/edgar/data/51143/000104746911001117/a2201254z10-k.htm"
  },
  {
    "date": "2009-12-31",
    "symbol": "IBM",
    "reportedCurrency": "USD",
    "cik": "0000051143",
    "fillingDate": "2010-02-23",
    "acceptedDate": "2010-02-23 13:31:57",
    "calendarYear": "2009",
    "period": "FY",
    "revenue": 95758000000,
    "costOfRevenue": 51973000000,
    "grossProfit": 43785000000,
    "grossProfitRatio": 0.4572463919,
    "researchAndDevelopmentExpenses": 5820000000,
    "generalAndAdministrativeExpenses": 19269000000,
    "sellingAndMarketingExpenses": 1252000000,
    "sellingGeneralAndAdministrativeExpenses": 20521000000,
    "otherExpenses": 432000000,
    "operatingExpenses": 26773000000,
    "costAndExpenses": 78746000000,
    "interestIncome": 94000000,
    "interestExpense": 402000000,
    "depreciationAndAmortization": 4994000000,
    "ebitda": 23534000000,
    "ebitdaratio": 0.2457653669,
    "operatingIncome": 17012000000,
    "operatingIncomeRatio": 0.1776561749,
    "totalOtherIncomeExpensesNet": 1126000000,
    "incomeBeforeTax": 18138000000,
    "incomeBeforeTaxRatio": 0.1894149836,
    "incomeTaxExpense": 4713000000,
    "netIncome": 13425000000,
    "netIncomeRatio": 0.1401971637,
    "eps": 10.12,
    "epsdiluted": 10.01,
    "weightedAverageShsOut": 1327200000,
    "weightedAverageShsOutDil": 1341400000,
    "link": "https://www.sec.gov/Archives/edgar/data/51143/000104746910001151/0001047469-10-001151-index.htm",
    "finalLink": "https://www.sec.gov/Archives/edgar/data/51143/000104746910001151/a2195966z10-k.htm"
  },
  {
    "date": "2008-12-31",
    "symbol": "IBM",
    "reportedCurrency": "USD",
    "cik": "0000051143",
    "fillingDate": "2009-02-24",
    "acceptedDate": "2009-02-24 14:26:00",
    "calendarYear": "2008",
    "period": "FY",
    "revenue": 103630000000,
    "costOfRevenue": 57969000000,
    "grossProfit": 45661000000,
    "grossProfitRatio": 0.4406156518,
    "researchAndDevelopmentExpenses": 6337000000,
    "generalAndAdministrativeExpenses": 21514000000,
    "sellingAndMarketingExpenses": 1259000000,
    "sellingGeneralAndAdministrativeExpenses": 22773000000,
    "otherExpenses": 612000000,
    "operatingExpenses": 29722000000,
    "costAndExpenses": 87691000000,
    "interestIncome": 343000000,
    "interestExpense": 673000000,
    "depreciationAndAmortization": 5450000000,
    "ebitda": 22838000000,
    "ebitdaratio": 0.2203801988,
    "operatingIncome": 15939000000,
    "operatingIncomeRatio": 0.1538068127,
    "totalOtherIncomeExpensesNet": 776000000,
    "incomeBeforeTax": 16715000000,
    "incomeBeforeTaxRatio": 0.1612949918,
    "incomeTaxExpense": 4381000000,
    "netIncome": 12334000000,
    "netIncomeRatio": 0.1190195889,
    "eps": 9.07,
    "epsdiluted": 8.93,
    "weightedAverageShsOut": 1359769923,
    "weightedAverageShsOutDil": 1381773136,
    "link": "https://www.sec.gov/Archives/edgar/data/51143/000104746909001737/0001047469-09-001737-index.htm",
    "finalLink": "https://www.sec.gov/Archives/edgar/data/51143/000104746909001737/a2189817z10-k.htm"
  },
  {
    "date": "2007-12-31",
    "symbol": "IBM",
    "reportedCurrency": "USD",
    "cik": "0000051143",
    "fillingDate": "2008-02-26",
    "acceptedDate": "2008-02-26 14:06:45",
    "calendarYear": "2007",
    "period": "FY",
    "revenue": 98786000000,
    "costOfRevenue": 57057000000,
    "grossProfit": 41729000000,
    "grossProfitRatio": 0.4224181564,
    "researchAndDevelopmentExpenses": 6153000000,
    "generalAndAdministrativeExpenses": 0,
    "sellingAndMarketingExpenses": 0,
    "sellingGeneralAndAdministrativeExpenses": 22060000000,
    "otherExpenses": 0,
    "operatingExpenses": 28213000000,
    "costAndExpenses": 85270000000,
    "interestIncome": 0,
    "interestExpense": 611000000,
    "depreciationAndAmortization": 5201000000,
    "ebitda": 20301000000,
    "ebitdaratio": 0.2055048286,
    "operatingIncome": 13516000000,
    "operatingIncomeRatio": 0.136821007,
    "totalOtherIncomeExpensesNet": 973000000,
    "incomeBeforeTax": 14489000000,
    "incomeBeforeTaxRatio": 0.1466705809,
    "incomeTaxExpense": 4071000000,
    "netIncome": 10418000000,
    "netIncomeRatio": 0.1054602879,
    "eps": 7.32,
    "epsdiluted": 7.18,
    "weightedAverageShsOut": 1423039793,
    "weightedAverageShsOutDil": 1450570579,
    "link": "https://www.sec.gov/Archives/edgar/data/51143/000104746908001731/0001047469-08-001731-index.htm",
    "finalLink": "https://www.sec.gov/Archives/edgar/data/51143/000104746908001731/a2181836z10-k.htm"
  },
  {
    "date": "2006-12-31",
    "symbol": "IBM",
    "reportedCurrency": "USD",
    "cik": "0000051143",
    "fillingDate": "2007-02-27",
    "acceptedDate": "2007-02-27 15:08:14",
    "calendarYear": "2006",
    "period": "FY",
    "revenue": 91424000000,
    "costOfRevenue": 53129000000,
    "grossProfit": 38295000000,
    "grossProfitRatio": 0.4188725061,
    "researchAndDevelopmentExpenses": 6107000000,
    "generalAndAdministrativeExpenses": 0,
    "sellingAndMarketingExpenses": 0,
    "sellingGeneralAndAdministrativeExpenses": 20259000000,
    "otherExpenses": 0,
    "operatingExpenses": 26366000000,
    "costAndExpenses": 79495000000,
    "interestIncome": 0,
    "interestExpense": 278000000,
    "depreciationAndAmortization": 4983000000,
    "ebitda": 18578000000,
    "ebitdaratio": 0.2032070354,
    "operatingIncome": 11929000000,
    "operatingIncomeRatio": 0.1304799615,
    "totalOtherIncomeExpensesNet": 1388000000,
    "incomeBeforeTax": 13317000000,
    "incomeBeforeTaxRatio": 0.1456619706,
    "incomeTaxExpense": 3901000000,
    "netIncome": 9492000000,
    "netIncomeRatio": 0.1038239412,
    "eps": 6.2,
    "epsdiluted": 6.11,
    "weightedAverageShsOut": 1530806987,
    "weightedAverageShsOutDil": 1553535384,
    "link": "https://www.sec.gov/Archives/edgar/data/51143/000104746907001434/0001047469-07-001434-index.htm",
    "finalLink": "https://www.sec.gov/Archives/edgar/data/51143/000104746907001434/a2175501z10-k.htm"
  },
  {
    "date": "2005-12-31",
    "symbol": "IBM",
    "reportedCurrency": "USD",
    "cik": "0000051143",
    "fillingDate": "2006-02-28",
    "acceptedDate": "2006-02-28 16:50:07",
    "calendarYear": "2005",
    "period": "FY",
    "revenue": 91134000000,
    "costOfRevenue": 54602000000,
    "grossProfit": 36532000000,
    "grossProfitRatio": 0.4008602717,
    "researchAndDevelopmentExpenses": 5842000000,
    "generalAndAdministrativeExpenses": 0,
    "sellingAndMarketingExpenses": 0,
    "sellingGeneralAndAdministrativeExpenses": 21314000000,
    "otherExpenses": 0,
    "operatingExpenses": 27156000000,
    "costAndExpenses": 81758000000,
    "interestIncome": 0,
    "interestExpense": 220000000,
    "depreciationAndAmortization": 5188000000,
    "ebitda": 17634000000,
    "ebitdaratio": 0.1934952926,
    "operatingIncome": 9376000000,
    "operatingIncomeRatio": 0.1028814712,
    "totalOtherIncomeExpensesNet": 2850000000,
    "incomeBeforeTax": 12226000000,
    "incomeBeforeTaxRatio": 0.1341541027,
    "incomeTaxExpense": 4232000000,
    "netIncome": 7934000000,
    "netIncomeRatio": 0.087058617,
    "eps": 4.96,
    "epsdiluted": 4.87,
    "weightedAverageShsOut": 1600591264,
    "weightedAverageShsOutDil": 1627632662,
    "link": "https://www.sec.gov/Archives/edgar/data/51143/000104746906002608/0001047469-06-002608-index.htm",
    "finalLink": "https://www.sec.gov/Archives/edgar/data/51143/000104746906002608/a2166922z10-k.htm"
  },
  {
    "date": "2004-12-31",
    "symbol": "IBM",
    "reportedCurrency": "USD",
    "cik": "0000051143",
    "fillingDate": "2005-02-24",
    "acceptedDate": "2005-02-24 15:39:30",
    "calendarYear": "2004",
    "period": "FY",
    "revenue": 96293000000,
    "costOfRevenue": 60724000000,
    "grossProfit": 35569000000,
    "grossProfitRatio": 0.3693830289,
    "researchAndDevelopmentExpenses": 5874000000,
    "generalAndAdministrativeExpenses": 0,
    "sellingAndMarketingExpenses": 0,
    "sellingGeneralAndAdministrativeExpenses": 20079000000,
    "otherExpenses": 0,
    "operatingExpenses": 25953000000,
    "costAndExpenses": 86677000000,
    "interestIncome": 0,
    "interestExpense": 139000000,
    "depreciationAndAmortization": 4915000000,
    "ebitda": 15723000000,
    "ebitdaratio": 0.163282897,
    "operatingIncome": 9616000000,
    "operatingIncomeRatio": 0.0998618799,
    "totalOtherIncomeExpensesNet": 1053000000,
    "incomeBeforeTax": 10669000000,
    "incomeBeforeTaxRatio": 0.1107972542,
    "incomeTaxExpense": 3172000000,
    "netIncome": 7479000000,
    "netIncomeRatio": 0.0776691971,
    "eps": 5.03,
    "epsdiluted": 4.93,
    "weightedAverageShsOut": 1674959086,
    "weightedAverageShsOutDil": 1708872279,
    "link": "https://www.sec.gov/Archives/edgar/data/51143/000104746905004595/0001047469-05-004595-index.htm",
    "finalLink": "https://www.sec.gov/Archives/edgar/data/51143/000104746905004595/a2152314z10-k.htm"
  },
  {
    "date": "2003-12-31",
    "symbol": "IBM",
    "reportedCurrency": "USD",
    "cik": "0000051143",
    "fillingDate": "2004-03-08",
    "acceptedDate": "2004-03-08 15:28:07",
    "calendarYear": "2003",
    "period": "FY",
    "revenue": 89131000000,
    "costOfRevenue": 56584000000,
    "grossProfit": 32547000000,
    "grossProfitRatio": 0.3651591478,
    "researchAndDevelopmentExpenses": 5314000000,
    "generalAndAdministrativeExpenses": 0,
    "sellingAndMarketingExpenses": 0,
    "sellingGeneralAndAdministrativeExpenses": 18601000000,
    "otherExpenses": 0,
    "operatingExpenses": 23915000000,
    "costAndExpenses": 80499000000,
    "interestIncome": 0,
    "interestExpense": 145000000,
    "depreciationAndAmortization": 4916000000,
    "ebitda": 14478000000,
    "ebitdaratio": 0.1624350675,
    "operatingIncome": 8632000000,
    "operatingIncomeRatio": 0.0968462151,
    "totalOtherIncomeExpensesNet": 785000000,
    "incomeBeforeTax": 9417000000,
    "incomeBeforeTaxRatio": 0.1056534763,
    "incomeTaxExpense": 2829000000,
    "netIncome": 6558000000,
    "netIncomeRatio": 0.0735770944,
    "eps": 4.4,
    "epsdiluted": 4.32,
    "weightedAverageShsOut": 1721588628,
    "weightedAverageShsOutDil": 1756090689,
    "link": "https://www.sec.gov/Archives/edgar/data/51143/000104746904006934/0001047469-04-006934-index.htm",
    "finalLink": "https://www.sec.gov/Archives/edgar/data/51143/000104746904006934/a2129092z10-k.htm"
  },
  {
    "date": "2002-12-31",
    "symbol": "IBM",
    "reportedCurrency": "USD",
    "cik": "0000051143",
    "fillingDate": "2003-03-10",
    "acceptedDate": "2003-03-10 14:58:15",
    "calendarYear": "2002",
    "period": "FY",
    "revenue": 81186000000,
    "costOfRevenue": 50902000000,
    "grossProfit": 30284000000,
    "grossProfitRatio": 0.3730199788,
    "researchAndDevelopmentExpenses": 4750000000,
    "generalAndAdministrativeExpenses": 0,
    "sellingAndMarketingExpenses": 0,
    "sellingGeneralAndAdministrativeExpenses": 18738000000,
    "otherExpenses": 0,
    "operatingExpenses": 23488000000,
    "costAndExpenses": 74390000000,
    "interestIncome": 0,
    "interestExpense": 145000000,
    "depreciationAndAmortization": 4493000000,
    "ebitda": 12162000000,
    "ebitdaratio": 0.1498041534,
    "operatingIncome": 6796000000,
    "operatingIncomeRatio": 0.0837090139,
    "totalOtherIncomeExpensesNet": 728000000,
    "incomeBeforeTax": 7524000000,
    "incomeBeforeTaxRatio": 0.0926760772,
    "incomeTaxExpense": 2190000000,
    "netIncome": 3579000000,
    "netIncomeRatio": 0.0440839554,
    "eps": 2.1,
    "epsdiluted": 2.06,
    "weightedAverageShsOut": 1703244345,
    "weightedAverageShsOutDil": 1730941054,
    "link": "https://www.sec.gov/Archives/edgar/data/51143/000104746903008194/0001047469-03-008194-index.htm",
    "finalLink": "https://www.sec.gov/Archives/edgar/data/51143/000104746903008194/a2102367z10-k.htm"
  },
  {
    "date": "2001-12-31",
    "symbol": "IBM",
    "reportedCurrency": "USD",
    "cik": "0000051143",
    "fillingDate": "2002-03-11",
    "acceptedDate": "2002-03-11 00:00:00",
    "calendarYear": "2001",
    "period": "FY",
    "revenue": 83067000000,
    "costOfRevenue": 51178000000,
    "grossProfit": 31889000000,
    "grossProfitRatio": 0.3838949282,
    "researchAndDevelopmentExpenses": 4986000000,
    "generalAndAdministrativeExpenses": 0,
    "sellingAndMarketingExpenses": 0,
    "sellingGeneralAndAdministrativeExpenses": 17048000000,
    "otherExpenses": 0,
    "operatingExpenses": 22034000000,
    "costAndExpenses": 73212000000,
    "interestIncome": 0,
    "interestExpense": 0,
    "depreciationAndAmortization": 4506000000,
    "ebitda": 14361000000,
    "ebitdaratio": 0.172884539,
    "operatingIncome": 9855000000,
    "operatingIncomeRatio": 0.1186391708,
    "totalOtherIncomeExpensesNet": 1595000000,
    "incomeBeforeTax": 11450000000,
    "incomeBeforeTaxRatio": 0.1378405384,
    "incomeTaxExpense": 3304000000,
    "netIncome": 7723000000,
    "netIncomeRatio": 0.0929731422,
    "eps": 4.45,
    "epsdiluted": 4.35,
    "weightedAverageShsOut": 1733258427,
    "weightedAverageShsOutDil": 1773103448,
    "link": "https://www.sec.gov/Archives/edgar/data/51143/000091205702009402/0000912057-02-009402-index.htm",
    "finalLink": "https://www.sec.gov/Archives/edgar/data/51143/000091205702009402/a2071411z10-k405.txt"
  },
  {
    "date": "2000-12-31",
    "symbol": "IBM",
    "reportedCurrency": "USD",
    "cik": "0000051143",
    "fillingDate": "2001-03-13",
    "acceptedDate": "2001-03-13 00:00:00",
    "calendarYear": "2000",
    "period": "FY",
    "revenue": 88396000000,
    "costOfRevenue": 55972000000,
    "grossProfit": 32424000000,
    "grossProfitRatio": 0.3668039278,
    "researchAndDevelopmentExpenses": 5151000000,
    "generalAndAdministrativeExpenses": 0,
    "sellingAndMarketingExpenses": 0,
    "sellingGeneralAndAdministrativeExpenses": 15639000000,
    "otherExpenses": 0,
    "operatingExpenses": 20790000000,
    "costAndExpenses": 76762000000,
    "interestIncome": 0,
    "interestExpense": 717000000,
    "depreciationAndAmortization": 4995000000,
    "ebitda": 17246000000,
    "ebitdaratio": 0.1950993258,
    "operatingIncome": 11634000000,
    "operatingIncomeRatio": 0.1316122901,
    "totalOtherIncomeExpensesNet": -100000000,
    "incomeBeforeTax": 11534000000,
    "incomeBeforeTaxRatio": 0.1304810172,
    "incomeTaxExpense": 3441000000,
    "netIncome": 8093000000,
    "netIncomeRatio": 0.0915539165,
    "eps": 4.58,
    "epsdiluted": 4.44,
    "weightedAverageShsOut": 1763037049,
    "weightedAverageShsOutDil": 1812118422,
    "link": "https://www.sec.gov/Archives/edgar/data/51143/000091205701007563/0000912057-01-007563-index.htm",
    "finalLink": "https://www.sec.gov/Archives/edgar/data/51143/000091205701007563/a2039641z10-k.txt"
  },
  {
    "date": "1999-12-31",
    "symbol": "IBM",
    "reportedCurrency": "USD",
    "cik": "0000051143",
    "fillingDate": "2000-03-13",
    "acceptedDate": "2000-03-13 00:00:00",
    "calendarYear": "1999",
    "period": "FY",
    "revenue": 87548000000,
    "costOfRevenue": 55619000000,
    "grossProfit": 31929000000,
    "grossProfitRatio": 0.3647027916,
    "researchAndDevelopmentExpenses": 5273000000,
    "generalAndAdministrativeExpenses": 0,
    "sellingAndMarketingExpenses": 0,
    "sellingGeneralAndAdministrativeExpenses": 14729000000,
    "otherExpenses": 0,
    "operatingExpenses": 20002000000,
    "costAndExpenses": 75621000000,
    "interestIncome": 0,
    "interestExpense": 727000000,
    "depreciationAndAmortization": 6585000000,
    "ebitda": 19069000000,
    "ebitdaratio": 0.2178119432,
    "operatingIncome": 11927000000,
    "operatingIncomeRatio": 0.1362338374,
    "totalOtherIncomeExpensesNet": -170000000,
    "incomeBeforeTax": 11757000000,
    "incomeBeforeTaxRatio": 0.1342920455,
    "incomeTaxExpense": 4045000000,
    "netIncome": 7712000000,
    "netIncomeRatio": 0.0880888198,
    "eps": 4.25,
    "epsdiluted": 4.12,
    "weightedAverageShsOut": 1808538346,
    "weightedAverageShsOutDil": 1871073912,
    "link": "https://www.sec.gov/Archives/edgar/data/51143/000091205700011206/0000912057-00-011206-index.html",
    "finalLink": "https://www.sec.gov/Archives/edgar/data/51143/000091205700011206/"
  },
  {
    "date": "1998-12-31",
    "symbol": "IBM",
    "reportedCurrency": "USD",
    "cik": "0000051143",
    "fillingDate": "1999-03-29",
    "acceptedDate": "1999-03-29 00:00:00",
    "calendarYear": "1998",
    "period": "FY",
    "revenue": 81667000000,
    "costOfRevenue": 50795000000,
    "grossProfit": 30872000000,
    "grossProfitRatio": 0.3780229468,
    "researchAndDevelopmentExpenses": 5046000000,
    "generalAndAdministrativeExpenses": 0,
    "sellingAndMarketingExpenses": 0,
    "sellingGeneralAndAdministrativeExpenses": 16662000000,
    "otherExpenses": 0,
    "operatingExpenses": 21708000000,
    "costAndExpenses": 72503000000,
    "interestIncome": 589000000,
    "interestExpense": 713000000,
    "depreciationAndAmortization": 4992000000,
    "ebitda": 14745000000,
    "ebitdaratio": 0.1805502835,
    "operatingIncome": 9164000000,
    "operatingIncomeRatio": 0.1122117869,
    "totalOtherIncomeExpensesNet": -124000000,
    "incomeBeforeTax": 9040000000,
    "incomeBeforeTaxRatio": 0.1106934257,
    "incomeTaxExpense": 2712000000,
    "netIncome": 6328000000,
    "netIncomeRatio": 0.077485398,
    "eps": 3.38,
    "epsdiluted": 3.29,
    "weightedAverageShsOut": 1869005570,
    "weightedAverageShsOutDil": 1920130470,
    "link": "https://www.sec.gov/Archives/edgar/data/51143/000104746999011848/0001047469-99-011848-index.html",
    "finalLink": "https://www.sec.gov/Archives/edgar/data/51143/"
  },
  {
    "date": "1997-12-31",
    "symbol": "IBM",
    "reportedCurrency": "USD",
    "cik": "0000051143",
    "fillingDate": "1998-03-30",
    "acceptedDate": "1998-03-30 00:00:00",
    "calendarYear": "1997",
    "period": "FY",
    "revenue": 78508000000,
    "costOfRevenue": 47899000000,
    "grossProfit": 30609000000,
    "grossProfitRatio": 0.3898838335,
    "researchAndDevelopmentExpenses": 4877000000,
    "generalAndAdministrativeExpenses": 0,
    "sellingAndMarketingExpenses": 0,
    "sellingGeneralAndAdministrativeExpenses": 16634000000,
    "otherExpenses": 0,
    "operatingExpenses": 21511000000,
    "costAndExpenses": 69410000000,
    "interestIncome": 657000000,
    "interestExpense": 728000000,
    "depreciationAndAmortization": 5001000000,
    "ebitda": 14756000000,
    "ebitdaratio": 0.1879553676,
    "operatingIncome": 9098000000,
    "operatingIncomeRatio": 0.1158862791,
    "totalOtherIncomeExpensesNet": -71000000,
    "incomeBeforeTax": 9027000000,
    "incomeBeforeTaxRatio": 0.1149819127,
    "incomeTaxExpense": 2934000000,
    "netIncome": 6093000000,
    "netIncomeRatio": 0.0776099251,
    "eps": 3.09,
    "epsdiluted": 3.01,
    "weightedAverageShsOut": 1966572722,
    "weightedAverageShsOutDil": 2021869884,
    "link": "https://www.sec.gov/Archives/edgar/data/51143/000104746998012291/0001047469-98-012291-index.html",
    "finalLink": "https://www.sec.gov/Archives/edgar/data/51143/"
  },
  {
    "date": "1996-12-31",
    "symbol": "IBM",
    "reportedCurrency": "USD",
    "cik": "0000051143",
    "fillingDate": "1997-03-27",
    "acceptedDate": "1997-03-27 00:00:00",
    "calendarYear": "1996",
    "period": "FY",
    "revenue": 73424000000,
    "costOfRevenue": 45408000000,
    "grossProfit": 28016000000,
    "grossProfitRatio": 0.381564611,
    "researchAndDevelopmentExpenses": 5089000000,
    "generalAndAdministrativeExpenses": 0,
    "sellingAndMarketingExpenses": 0,
    "sellingGeneralAndAdministrativeExpenses": 16854000000,
    "otherExpenses": 0,
    "operatingExpenses": 21943000000,
    "costAndExpenses": 67351000000,
    "interestIncome": 707000000,
    "interestExpense": 716000000,
    "depreciationAndAmortization": 5012000000,
    "ebitda": 14315000000,
    "ebitdaratio": 0.1949634997,
    "operatingIncome": 6073000000,
    "operatingIncomeRatio": 0.082711375,
    "totalOtherIncomeExpensesNet": 2514000000,
    "incomeBeforeTax": 8587000000,
    "incomeBeforeTaxRatio": 0.1169508608,
    "incomeTaxExpense": 3158000000,
    "netIncome": 5429000000,
    "netIncomeRatio": 0.073940401,
    "eps": 2.56,
    "epsdiluted": 2.56,
    "weightedAverageShsOut": 2113408376,
    "weightedAverageShsOutDil": 2133200000,
    "link": "https://www.sec.gov/Archives/edgar/data/51143/000091205797010483/0000912057-97-010483-index.html",
    "finalLink": "https://www.sec.gov/Archives/edgar/data/51143/"
  },
  {
    "date": "1995-12-31",
    "symbol": "IBM",
    "reportedCurrency": "USD",
    "cik": "0000051143",
    "fillingDate": "1996-03-26",
    "acceptedDate": "1996-03-26 00:00:00",
    "calendarYear": "1995",
    "period": "FY",
    "revenue": 71940000000,
    "costOfRevenue": 41573000000,
    "grossProfit": 30367000000,
    "grossProfitRatio": 0.4221156519,
    "researchAndDevelopmentExpenses": 6010000000,
    "generalAndAdministrativeExpenses": 0,
    "sellingAndMarketingExpenses": 0,
    "sellingGeneralAndAdministrativeExpenses": 16766000000,
    "otherExpenses": 0,
    "operatingExpenses": 22776000000,
    "costAndExpenses": 64349000000,
    "interestIncome": 947000000,
    "interestExpense": 725000000,
    "depreciationAndAmortization": 5602000000,
    "ebitda": 14140000000,
    "ebitdaratio": 0.1965526828,
    "operatingIncome": 7591000000,
    "operatingIncomeRatio": 0.1055184876,
    "totalOtherIncomeExpensesNet": 222000000,
    "incomeBeforeTax": 7813000000,
    "incomeBeforeTaxRatio": 0.1086043925,
    "incomeTaxExpense": 3635000000,
    "netIncome": 4178000000,
    "netIncomeRatio": 0.0580761746,
    "eps": 1.81,
    "epsdiluted": 1.81,
    "weightedAverageShsOut": 2277536116,
    "weightedAverageShsOutDil": 2277536116,
    "link": "https://www.sec.gov/Archives/edgar/data/51143/000095011296000889/0000950112-96-000889-index.html",
    "finalLink": "https://www.sec.gov/Archives/edgar/data/51143/"
  },
  {
    "date": "1994-12-31",
    "symbol": "IBM",
    "reportedCurrency": "USD",
    "cik": "0000051143",
    "fillingDate": "1995-03-28",
    "acceptedDate": "1995-03-28 00:00:00",
    "calendarYear": "1994",
    "period": "FY",
    "revenue": 62668000000,
    "costOfRevenue": 37384000000,
    "grossProfit": 25284000000,
    "grossProfitRatio": 0.4034595009,
    "researchAndDevelopmentExpenses": 4363000000,
    "generalAndAdministrativeExpenses": 0,
    "sellingAndMarketingExpenses": 0,
    "sellingGeneralAndAdministrativeExpenses": 15916000000,
    "otherExpenses": 0,
    "operatingExpenses": 20279000000,
    "costAndExpenses": 57663000000,
    "interestIncome": 1377000000,
    "interestExpense": 1227000000,
    "depreciationAndAmortization": 6295000000,
    "ebitda": 12677000000,
    "ebitdaratio": 0.2022882492,
    "operatingIncome": 5005000000,
    "operatingIncomeRatio": 0.079865322,
    "totalOtherIncomeExpensesNet": 150000000,
    "incomeBeforeTax": 5155000000,
    "incomeBeforeTaxRatio": 0.0822588881,
    "incomeTaxExpense": 2134000000,
    "netIncome": 3021000000,
    "netIncomeRatio": 0.0482064211,
    "eps": 1.25,
    "epsdiluted": 1.25,
    "weightedAverageShsOut": 2339834796,
    "weightedAverageShsOutDil": 2339834796,
    "link": "https://www.sec.gov/Archives/edgar/data/51143/000095011295000774/0000950112-95-000774-index.html",
    "finalLink": "https://www.sec.gov/Archives/edgar/data/51143/"
  },
  {
    "date": "1993-12-31",
    "symbol": "IBM",
    "reportedCurrency": "USD",
    "cik": "0000051143",
    "fillingDate": "1994-03-28",
    "acceptedDate": "1994-03-28 00:00:00",
    "calendarYear": "1993",
    "period": "FY",
    "revenue": 62716000000,
    "costOfRevenue": 38568000000,
    "grossProfit": 24148000000,
    "grossProfitRatio": 0.3850373111,
    "researchAndDevelopmentExpenses": 5558000000,
    "generalAndAdministrativeExpenses": 0,
    "sellingAndMarketingExpenses": 0,
    "sellingGeneralAndAdministrativeExpenses": 18282000000,
    "otherExpenses": 0,
    "operatingExpenses": 23840000000,
    "costAndExpenses": 62408000000,
    "interestIncome": 1113000000,
    "interestExpense": 1273000000,
    "depreciationAndAmortization": 6661000000,
    "ebitda": -863000000,
    "ebitdaratio": -0.0137604439,
    "operatingIncome": 308000000,
    "operatingIncomeRatio": 0.0049110275,
    "totalOtherIncomeExpensesNet": -9105000000,
    "incomeBeforeTax": -8797000000,
    "incomeBeforeTaxRatio": -0.1402672364,
    "incomeTaxExpense": -810000000,
    "netIncome": -7987000000,
    "netIncomeRatio": -0.1273518719,
    "eps": -3.54,
    "epsdiluted": -3.54,
    "weightedAverageShsOut": 2288764045,
    "weightedAverageShsOutDil": 2288764045,
    "link": "https://www.sec.gov/Archives/edgar/data/51143/000095011294000794/0000950112-94-000794-index.html",
    "finalLink": "https://www.sec.gov/Archives/edgar/data/51143/"
  },
  {
    "date": "1992-12-31",
    "symbol": "IBM",
    "reportedCurrency": "USD",
    "cik": "0000051143",
    "fillingDate": "1992-12-31",
    "acceptedDate": "1992-12-31 00:00:00",
    "calendarYear": "1992",
    "period": "FY",
    "revenue": 64523000000,
    "costOfRevenue": 35069000000,
    "grossProfit": 29454000000,
    "grossProfitRatio": 0.456488384,
    "researchAndDevelopmentExpenses": 6522000000,
    "generalAndAdministrativeExpenses": 0,
    "sellingAndMarketingExpenses": 0,
    "sellingGeneralAndAdministrativeExpenses": 19526000000,
    "otherExpenses": 0,
    "operatingExpenses": 26048000000,
    "costAndExpenses": 61117000000,
    "interestIncome": 573000000,
    "interestExpense": 1360000000,
    "depreciationAndAmortization": 6259000000,
    "ebitda": -1407000000,
    "ebitdaratio": -0.0218061776,
    "operatingIncome": 3406000000,
    "operatingIncomeRatio": 0.0527873781,
    "totalOtherIncomeExpensesNet": -12432000000,
    "incomeBeforeTax": -9026000000,
    "incomeBeforeTaxRatio": -0.1398881019,
    "incomeTaxExpense": -2161000000,
    "netIncome": -6865000000,
    "netIncomeRatio": -0.1063961688,
    "eps": -2.17,
    "epsdiluted": -2.17,
    "weightedAverageShsOut": 2283585956,
    "weightedAverageShsOutDil": 2288018433,
    "link": null,
    "finalLink": null
  },
  {
    "date": "1991-12-31",
    "symbol": "IBM",
    "reportedCurrency": "USD",
    "cik": "0000051143",
    "fillingDate": "1991-12-31",
    "acceptedDate": "1991-12-31 00:00:00",
    "calendarYear": "1991",
    "period": "FY",
    "revenue": 64792000000,
    "costOfRevenue": 27324000000,
    "grossProfit": 37468000000,
    "grossProfitRatio": 0.5782812693,
    "researchAndDevelopmentExpenses": 0,
    "generalAndAdministrativeExpenses": 0,
    "sellingAndMarketingExpenses": 0,
    "sellingGeneralAndAdministrativeExpenses": 31376000000,
    "otherExpenses": 5150000000,
    "operatingExpenses": 36526000000,
    "costAndExpenses": 63850000000,
    "interestIncome": 0,
    "interestExpense": 0,
    "depreciationAndAmortization": 5150000000,
    "ebitda": 6092000000,
    "ebitdaratio": 0.0940239536,
    "operatingIncome": 942000000,
    "operatingIncomeRatio": 0.014538832,
    "totalOtherIncomeExpensesNet": -821000000,
    "incomeBeforeTax": 121000000,
    "incomeBeforeTaxRatio": 0.0018675145,
    "incomeTaxExpense": 685000000,
    "netIncome": -564000000,
    "netIncomeRatio": -0.0087047784,
    "eps": -0.25,
    "epsdiluted": -0.25,
    "weightedAverageShsOut": 2256000000,
    "weightedAverageShsOutDil": 2256000000,
    "link": null,
    "finalLink": null
  },
  {
    "date": "1990-12-31",
    "symbol": "IBM",
    "reportedCurrency": "USD",
    "cik": "0000051143",
    "fillingDate": "1990-12-31",
    "acceptedDate": "1990-12-31 00:00:00",
    "calendarYear": "1990",
    "period": "FY",
    "revenue": 69018000000,
    "costOfRevenue": 26506000000,
    "grossProfit": 42512000000,
    "grossProfitRatio": 0.615955258,
    "researchAndDevelopmentExpenses": 0,
    "generalAndAdministrativeExpenses": 0,
    "sellingAndMarketingExpenses": 0,
    "sellingGeneralAndAdministrativeExpenses": 27263000000,
    "otherExpenses": 4217000000,
    "operatingExpenses": 31480000000,
    "costAndExpenses": 57986000000,
    "interestIncome": 0,
    "interestExpense": 0,
    "depreciationAndAmortization": 4217000000,
    "ebitda": 15249000000,
    "ebitdaratio": 0.2209423629,
    "operatingIncome": 11032000000,
    "operatingIncomeRatio": 0.15984236,
    "totalOtherIncomeExpensesNet": -829000000,
    "incomeBeforeTax": 10203000000,
    "incomeBeforeTaxRatio": 0.1478310006,
    "incomeTaxExpense": 4183000000,
    "netIncome": 6020000000,
    "netIncomeRatio": 0.0872236228,
    "eps": 2.63,
    "epsdiluted": 2.63,
    "weightedAverageShsOut": 2288973384,
    "weightedAverageShsOutDil": 2288973384,
    "link": null,
    "finalLink": null
  },
  {
    "date": "1989-12-31",
    "symbol": "IBM",
    "reportedCurrency": "USD",
    "cik": "0000051143",
    "fillingDate": "1989-12-31",
    "acceptedDate": "1989-12-31 00:00:00",
    "calendarYear": "1989",
    "period": "FY",
    "revenue": 62710000000,
    "costOfRevenue": 23461000000,
    "grossProfit": 39249000000,
    "grossProfitRatio": 0.6258810397,
    "researchAndDevelopmentExpenses": 0,
    "generalAndAdministrativeExpenses": 0,
    "sellingAndMarketingExpenses": 0,
    "sellingGeneralAndAdministrativeExpenses": 28116000000,
    "otherExpenses": 4240000000,
    "operatingExpenses": 32356000000,
    "costAndExpenses": 55817000000,
    "interestIncome": 0,
    "interestExpense": 0,
    "depreciationAndAmortization": 4240000000,
    "ebitda": 11133000000,
    "ebitdaratio": 0.1775314942,
    "operatingIncome": 6893000000,
    "operatingIncomeRatio": 0.1099186733,
    "totalOtherIncomeExpensesNet": -248000000,
    "incomeBeforeTax": 6645000000,
    "incomeBeforeTaxRatio": 0.1059639611,
    "incomeTaxExpense": 2887000000,
    "netIncome": 3758000000,
    "netIncomeRatio": 0.0599266465,
    "eps": 1.62,
    "epsdiluted": 1.62,
    "weightedAverageShsOut": 2319753086,
    "weightedAverageShsOutDil": 2319753086,
    "link": null,
    "finalLink": null
  },
  {
    "date": "1988-12-31",
    "symbol": "IBM",
    "reportedCurrency": "USD",
    "cik": "0000051143",
    "fillingDate": "1988-12-31",
    "acceptedDate": "1988-12-30 19:00:00",
    "calendarYear": "1988",
    "period": "FY",
    "revenue": 59681000000,
    "costOfRevenue": 21777000000,
    "grossProfit": 37904000000,
    "grossProfitRatio": 0.6351100015,
    "researchAndDevelopmentExpenses": 0,
    "generalAndAdministrativeExpenses": 0,
    "sellingAndMarketingExpenses": 0,
    "sellingGeneralAndAdministrativeExpenses": 25287000000,
    "otherExpenses": 3871000000,
    "operatingExpenses": 29158000000,
    "costAndExpenses": 50935000000,
    "interestIncome": 0,
    "interestExpense": 0,
    "depreciationAndAmortization": 3871000000,
    "ebitda": 12617000000,
    "ebitdaratio": 0.2114073156,
    "operatingIncome": 8746000000,
    "operatingIncomeRatio": 0.1465458018,
    "totalOtherIncomeExpensesNet": 287000000,
    "incomeBeforeTax": 9033000000,
    "incomeBeforeTaxRatio": 0.1513547025,
    "incomeTaxExpense": 3542000000,
    "netIncome": 5491000000,
    "netIncomeRatio": 0.092005831,
    "eps": 2.32,
    "epsdiluted": 2.32,
    "weightedAverageShsOut": 2366810345,
    "weightedAverageShsOutDil": 2366810345,
    "link": "",
    "finalLink": ""
  },
  {
    "date": "1987-12-31",
    "symbol": "IBM",
    "reportedCurrency": "USD",
    "cik": "0000051143",
    "fillingDate": "1987-12-31",
    "acceptedDate": "1987-12-30 19:00:00",
    "calendarYear": "1987",
    "period": "FY",
    "revenue": 54217000000,
    "costOfRevenue": 21083000000,
    "grossProfit": 33134000000,
    "grossProfitRatio": 0.6111367283,
    "researchAndDevelopmentExpenses": 0,
    "generalAndAdministrativeExpenses": 0,
    "sellingAndMarketingExpenses": 0,
    "sellingGeneralAndAdministrativeExpenses": 21865000000,
    "otherExpenses": 3527000000,
    "operatingExpenses": 25392000000,
    "costAndExpenses": 46475000000,
    "interestIncome": 0,
    "interestExpense": 0,
    "depreciationAndAmortization": 3527000000,
    "ebitda": 11269000000,
    "ebitdaratio": 0.2078499364,
    "operatingIncome": 7742000000,
    "operatingIncomeRatio": 0.1427965398,
    "totalOtherIncomeExpensesNet": 867000000,
    "incomeBeforeTax": 8609000000,
    "incomeBeforeTaxRatio": 0.1587878341,
    "incomeTaxExpense": 3351000000,
    "netIncome": 5258000000,
    "netIncomeRatio": 0.0969806518,
    "eps": 2.18,
    "epsdiluted": 2.18,
    "weightedAverageShsOut": 2411926606,
    "weightedAverageShsOutDil": 2411926606,
    "link": "",
    "finalLink": ""
  },
  {
    "date": "1986-12-31",
    "symbol": "IBM",
    "reportedCurrency": "USD",
    "cik": "0000051143",
    "fillingDate": "1986-12-31",
    "acceptedDate": "1986-12-30 19:00:00",
    "calendarYear": "1986",
    "period": "FY",
    "revenue": 51250000000,
    "costOfRevenue": 19390000000,
    "grossProfit": 31860000000,
    "grossProfitRatio": 0.6216585366,
    "researchAndDevelopmentExpenses": 0,
    "generalAndAdministrativeExpenses": 0,
    "sellingAndMarketingExpenses": 0,
    "sellingGeneralAndAdministrativeExpenses": 20685000000,
    "otherExpenses": 3316000000,
    "operatingExpenses": 24001000000,
    "costAndExpenses": 43391000000,
    "interestIncome": 0,
    "interestExpense": 0,
    "depreciationAndAmortization": 3316000000,
    "ebitda": 11175000000,
    "ebitdaratio": 0.2180487805,
    "operatingIncome": 7859000000,
    "operatingIncomeRatio": 0.1533463415,
    "totalOtherIncomeExpensesNet": 530000000,
    "incomeBeforeTax": 8389000000,
    "incomeBeforeTaxRatio": 0.1636878049,
    "incomeTaxExpense": 3600000000,
    "netIncome": 4789000000,
    "netIncomeRatio": 0.0934439024,
    "eps": 1.96,
    "epsdiluted": 1.96,
    "weightedAverageShsOut": 2443367347,
    "weightedAverageShsOutDil": 2443367347,
    "link": "",
    "finalLink": ""
  },
  {
    "date": "1985-12-31",
    "symbol": "IBM",
    "reportedCurrency": "USD",
    "cik": "0000051143",
    "fillingDate": "1985-12-31",
    "acceptedDate": "1985-12-30 19:00:00",
    "calendarYear": "1985",
    "period": "FY",
    "revenue": 50056000000,
    "costOfRevenue": 18209000000,
    "grossProfit": 31847000000,
    "grossProfitRatio": 0.6362274253,
    "researchAndDevelopmentExpenses": 0,
    "generalAndAdministrativeExpenses": 0,
    "sellingAndMarketingExpenses": 0,
    "sellingGeneralAndAdministrativeExpenses": 17723000000,
    "otherExpenses": 2894000000,
    "operatingExpenses": 20617000000,
    "costAndExpenses": 38826000000,
    "interestIncome": 0,
    "interestExpense": 0,
    "depreciationAndAmortization": 2894000000,
    "ebitda": 14124000000,
    "ebitdaratio": 0.2821639763,
    "operatingIncome": 11230000000,
    "operatingIncomeRatio": 0.2243487294,
    "totalOtherIncomeExpensesNet": 389000000,
    "incomeBeforeTax": 11619000000,
    "incomeBeforeTaxRatio": 0.2321200256,
    "incomeTaxExpense": 5064000000,
    "netIncome": 6555000000,
    "netIncomeRatio": 0.1309533323,
    "eps": 2.67,
    "epsdiluted": 2.67,
    "weightedAverageShsOut": 2455056180,
    "weightedAverageShsOutDil": 2455056180,
    "link": "",
    "finalLink": ""
  }
]