[
  {
    "date": "2025-06-30",
    "symbol": "ICE",
    "reportedCurrency": "USD",
    "cik": "0001571949",
    "fillingDate": "2025-07-31",
    "acceptedDate": "2025-07-31 08:29:07",
    "calendarYear": "2025",
    "period": "Q2",
    "revenue": 3262000000,
    "costOfRevenue": 755000000,
    "grossProfit": 2507000000,
    "grossProfitRatio": 0.7685469037,
    "researchAndDevelopmentExpenses": 0,
    "generalAndAdministrativeExpenses": 0,
    "sellingAndMarketingExpenses": 0,
    "sellingGeneralAndAdministrativeExpenses": 66000000,
    "otherExpenses": 425000000,
    "operatingExpenses": 491000000,
    "costAndExpenses": 1246000000,
    "interestIncome": 31000000,
    "interestExpense": 201000000,
    "depreciationAndAmortization": 395000000,
    "ebitda": 1728000000,
    "ebitdaratio": 0.5297363581,
    "operatingIncome": 2016000000,
    "operatingIncomeRatio": 0.6180257511,
    "totalOtherIncomeExpensesNet": -884000000,
    "incomeBeforeTax": 1132000000,
    "incomeBeforeTaxRatio": 0.3470263642,
    "incomeTaxExpense": 267000000,
    "netIncome": 851000000,
    "netIncomeRatio": 0.2608828939,
    "eps": 1.49,
    "epsdiluted": 1.48,
    "weightedAverageShsOut": 573000000,
    "weightedAverageShsOutDil": 575000000,
    "link": "https://www.sec.gov/Archives/edgar/data/1571949/000157194925000013/0001571949-25-000013-index.htm",
    "finalLink": "https://www.sec.gov/Archives/edgar/data/1571949/000157194925000013/ice-20250630.htm"
  },
  {
    "date": "2025-03-31",
    "symbol": "ICE",
    "reportedCurrency": "USD",
    "cik": "0001571949",
    "fillingDate": "2025-05-01",
    "acceptedDate": "2025-05-01 08:26:54",
    "calendarYear": "2025",
    "period": "Q1",
    "revenue": 3229000000,
    "costOfRevenue": 1450000000,
    "grossProfit": 1779000000,
    "grossProfitRatio": 0.5509445649,
    "researchAndDevelopmentExpenses": 0,
    "generalAndAdministrativeExpenses": 137000000,
    "sellingAndMarketingExpenses": 0,
    "sellingGeneralAndAdministrativeExpenses": 137000000,
    "otherExpenses": 421000000,
    "operatingExpenses": 558000000,
    "costAndExpenses": 2008000000,
    "interestIncome": 33000000,
    "interestExpense": 206000000,
    "depreciationAndAmortization": 389000000,
    "ebitda": 1662000000,
    "ebitdaratio": 0.5147104367,
    "operatingIncome": 1221000000,
    "operatingIncomeRatio": 0.3781356457,
    "totalOtherIncomeExpensesNet": -154000000,
    "incomeBeforeTax": 1067000000,
    "incomeBeforeTaxRatio": 0.3304428616,
    "incomeTaxExpense": 255000000,
    "netIncome": 797000000,
    "netIncomeRatio": 0.2468256426,
    "eps": 1.39,
    "epsdiluted": 1.38,
    "weightedAverageShsOut": 574000000,
    "weightedAverageShsOutDil": 577000000,
    "link": "https://www.sec.gov/Archives/edgar/data/1571949/000157194925000007/0001571949-25-000007-index.htm",
    "finalLink": "https://www.sec.gov/Archives/edgar/data/1571949/000157194925000007/ice-20250331.htm"
  },
  {
    "date": "2024-12-31",
    "symbol": "ICE",
    "reportedCurrency": "USD",
    "cik": "0001571949",
    "fillingDate": "2025-02-06",
    "acceptedDate": "2025-02-06 08:26:34",
    "calendarYear": "2024",
    "period": "Q4",
    "revenue": 3030000000,
    "costOfRevenue": 1411000000,
    "grossProfit": 1619000000,
    "grossProfitRatio": 0.5343234323,
    "researchAndDevelopmentExpenses": 0,
    "generalAndAdministrativeExpenses": 137000000,
    "sellingAndMarketingExpenses": 0,
    "sellingGeneralAndAdministrativeExpenses": 137000000,
    "otherExpenses": 405000000,
    "operatingExpenses": 542000000,
    "costAndExpenses": 1953000000,
    "interestIncome": 36000000,
    "interestExpense": 213000000,
    "depreciationAndAmortization": 389000000,
    "ebitda": 1507000000,
    "ebitdaratio": 0.497359736,
    "operatingIncome": 1077000000,
    "operatingIncomeRatio": 0.3554455446,
    "totalOtherIncomeExpensesNet": -172000000,
    "incomeBeforeTax": 905000000,
    "incomeBeforeTaxRatio": 0.298679868,
    "incomeTaxExpense": 196000000,
    "netIncome": 698000000,
    "netIncomeRatio": 0.2303630363,
    "eps": 1.22,
    "epsdiluted": 1.21,
    "weightedAverageShsOut": 574000000,
    "weightedAverageShsOutDil": 577000000,
    "link": "https://www.sec.gov/Archives/edgar/data/1571949/000157194925000003/0001571949-25-000003-index.htm",
    "finalLink": "https://www.sec.gov/Archives/edgar/data/1571949/000157194925000003/ice-20241231.htm"
  },
  {
    "date": "2024-09-30",
    "symbol": "ICE",
    "reportedCurrency": "USD",
    "cik": "0001571949",
    "fillingDate": "2024-10-31",
    "acceptedDate": "2024-10-31 08:26:25",
    "calendarYear": "2024",
    "period": "Q3",
    "revenue": 3033000000,
    "costOfRevenue": 1383000000,
    "grossProfit": 1650000000,
    "grossProfitRatio": 0.5440158259,
    "researchAndDevelopmentExpenses": 0,
    "generalAndAdministrativeExpenses": 124000000,
    "sellingAndMarketingExpenses": 0,
    "sellingGeneralAndAdministrativeExpenses": 124000000,
    "otherExpenses": 423000000,
    "operatingExpenses": 547000000,
    "costAndExpenses": 1930000000,
    "interestIncome": 39000000,
    "interestExpense": 223000000,
    "depreciationAndAmortization": 386000000,
    "ebitda": 1507000000,
    "ebitdaratio": 0.4968677877,
    "operatingIncome": 1103000000,
    "operatingIncomeRatio": 0.363666337,
    "totalOtherIncomeExpensesNet": -205000000,
    "incomeBeforeTax": 898000000,
    "incomeBeforeTaxRatio": 0.2960764919,
    "incomeTaxExpense": 227000000,
    "netIncome": 657000000,
    "netIncomeRatio": 0.2166172107,
    "eps": 1.15,
    "epsdiluted": 1.14,
    "weightedAverageShsOut": 574000000,
    "weightedAverageShsOutDil": 577000000,
    "link": "https://www.sec.gov/Archives/edgar/data/1571949/000157194924000017/0001571949-24-000017-index.htm",
    "finalLink": "https://www.sec.gov/Archives/edgar/data/1571949/000157194924000017/ice-20240930.htm"
  },
  {
    "date": "2024-06-30",
    "symbol": "ICE",
    "reportedCurrency": "USD",
    "cik": "0001571949",
    "fillingDate": "2024-08-01",
    "acceptedDate": "2024-08-01 08:27:18",
    "calendarYear": "2024",
    "period": "Q2",
    "revenue": 2897000000,
    "costOfRevenue": 1267000000,
    "grossProfit": 1630000000,
    "grossProfitRatio": 0.5626510183,
    "researchAndDevelopmentExpenses": 0,
    "generalAndAdministrativeExpenses": 168000000,
    "sellingAndMarketingExpenses": 0,
    "sellingGeneralAndAdministrativeExpenses": 168000000,
    "otherExpenses": 396000000,
    "operatingExpenses": 564000000,
    "costAndExpenses": 1831000000,
    "interestIncome": 36000000,
    "interestExpense": 233000000,
    "depreciationAndAmortization": 381000000,
    "ebitda": 1475000000,
    "ebitdaratio": 0.5091473939,
    "operatingIncome": 1066000000,
    "operatingIncomeRatio": 0.3679668623,
    "totalOtherIncomeExpensesNet": -205000000,
    "incomeBeforeTax": 861000000,
    "incomeBeforeTaxRatio": 0.2972040041,
    "incomeTaxExpense": 222000000,
    "netIncome": 632000000,
    "netIncomeRatio": 0.2181567138,
    "eps": 1.1,
    "epsdiluted": 1.1,
    "weightedAverageShsOut": 573000000,
    "weightedAverageShsOutDil": 575000000,
    "link": "https://www.sec.gov/Archives/edgar/data/1571949/000157194924000014/0001571949-24-000014-index.htm",
    "finalLink": "https://www.sec.gov/Archives/edgar/data/1571949/000157194924000014/ice-20240630.htm"
  },
  {
    "date": "2024-03-31",
    "symbol": "ICE",
    "reportedCurrency": "USD",
    "cik": "0001571949",
    "fillingDate": "2024-05-02",
    "acceptedDate": "2024-05-02 08:27:24",
    "calendarYear": "2024",
    "period": "Q1",
    "revenue": 2801000000,
    "costOfRevenue": 1178000000,
    "grossProfit": 1623000000,
    "grossProfitRatio": 0.5794359157,
    "researchAndDevelopmentExpenses": 0,
    "generalAndAdministrativeExpenses": 143000000,
    "sellingAndMarketingExpenses": 0,
    "sellingGeneralAndAdministrativeExpenses": 143000000,
    "otherExpenses": 417000000,
    "operatingExpenses": 560000000,
    "costAndExpenses": 1738000000,
    "interestIncome": 30000000,
    "interestExpense": 241000000,
    "depreciationAndAmortization": 381000000,
    "ebitda": 1586000000,
    "ebitdaratio": 0.5662263477,
    "operatingIncome": 1063000000,
    "operatingIncomeRatio": 0.3795073188,
    "totalOtherIncomeExpensesNet": -99000000,
    "incomeBeforeTax": 964000000,
    "incomeBeforeTaxRatio": 0.344162799,
    "incomeTaxExpense": 181000000,
    "netIncome": 767000000,
    "netIncomeRatio": 0.2738307747,
    "eps": 1.34,
    "epsdiluted": 1.33,
    "weightedAverageShsOut": 573000000,
    "weightedAverageShsOutDil": 575000000,
    "link": "https://www.sec.gov/Archives/edgar/data/1571949/000157194924000011/0001571949-24-000011-index.htm",
    "finalLink": "https://www.sec.gov/Archives/edgar/data/1571949/000157194924000011/ice-20240331.htm"
  },
  {
    "date": "2023-12-31",
    "symbol": "ICE",
    "reportedCurrency": "USD",
    "cik": "0001571949",
    "fillingDate": "2024-02-08",
    "acceptedDate": "2024-02-08 08:32:20",
    "calendarYear": "2023",
    "period": "Q4",
    "revenue": 2666000000,
    "costOfRevenue": 1162000000,
    "grossProfit": 1504000000,
    "grossProfitRatio": 0.5641410353,
    "researchAndDevelopmentExpenses": 0,
    "generalAndAdministrativeExpenses": 132000000,
    "sellingAndMarketingExpenses": 0,
    "sellingGeneralAndAdministrativeExpenses": 132000000,
    "otherExpenses": 447000000,
    "operatingExpenses": 579000000,
    "costAndExpenses": 1741000000,
    "interestIncome": 32000000,
    "interestExpense": 251000000,
    "depreciationAndAmortization": 379000000,
    "ebitda": 1146000000,
    "ebitdaratio": 0.4298574644,
    "operatingIncome": 925000000,
    "operatingIncomeRatio": 0.3469617404,
    "totalOtherIncomeExpensesNet": -409000000,
    "incomeBeforeTax": 516000000,
    "incomeBeforeTaxRatio": 0.1935483871,
    "incomeTaxExpense": 126000000,
    "netIncome": 373000000,
    "netIncomeRatio": 0.1399099775,
    "eps": 0.65,
    "epsdiluted": 0.65,
    "weightedAverageShsOut": 565000000,
    "weightedAverageShsOutDil": 565000000,
    "link": "https://www.sec.gov/Archives/edgar/data/1571949/000157194924000007/0001571949-24-000007-index.htm",
    "finalLink": "https://www.sec.gov/Archives/edgar/data/1571949/000157194924000007/ice-20231231.htm"
  },
  {
    "date": "2023-09-30",
    "symbol": "ICE",
    "reportedCurrency": "USD",
    "cik": "0001571949",
    "fillingDate": "2023-11-02",
    "acceptedDate": "2023-11-02 08:29:32",
    "calendarYear": "2023",
    "period": "Q3",
    "revenue": 2429000000,
    "costOfRevenue": 1010000000,
    "grossProfit": 1419000000,
    "grossProfitRatio": 0.5841910251,
    "researchAndDevelopmentExpenses": 0,
    "generalAndAdministrativeExpenses": 110000000,
    "sellingAndMarketingExpenses": 0,
    "sellingGeneralAndAdministrativeExpenses": 110000000,
    "otherExpenses": 464000000,
    "operatingExpenses": 574000000,
    "costAndExpenses": 1584000000,
    "interestIncome": 94000000,
    "interestExpense": 206000000,
    "depreciationAndAmortization": 309000000,
    "ebitda": 1197000000,
    "ebitdaratio": 0.492795389,
    "operatingIncome": 845000000,
    "operatingIncomeRatio": 0.3478797859,
    "totalOtherIncomeExpensesNet": -163000000,
    "incomeBeforeTax": 682000000,
    "incomeBeforeTaxRatio": 0.2807739811,
    "incomeTaxExpense": 123000000,
    "netIncome": 541000000,
    "netIncomeRatio": 0.2227254014,
    "eps": 0.96,
    "epsdiluted": 0.96,
    "weightedAverageShsOut": 563000000,
    "weightedAverageShsOutDil": 565000000,
    "link": "https://www.sec.gov/Archives/edgar/data/1571949/000157194923000019/0001571949-23-000019-index.htm",
    "finalLink": "https://www.sec.gov/Archives/edgar/data/1571949/000157194923000019/ice-20230930.htm"
  },
  {
    "date": "2023-06-30",
    "symbol": "ICE",
    "reportedCurrency": "USD",
    "cik": "0001571949",
    "fillingDate": "2023-08-03",
    "acceptedDate": "2023-08-03 08:29:09",
    "calendarYear": "2023",
    "period": "Q2",
    "revenue": 2336000000,
    "costOfRevenue": 972000000,
    "grossProfit": 1364000000,
    "grossProfitRatio": 0.5839041096,
    "researchAndDevelopmentExpenses": 0,
    "generalAndAdministrativeExpenses": 117000000,
    "sellingAndMarketingExpenses": 0,
    "sellingGeneralAndAdministrativeExpenses": 117000000,
    "otherExpenses": 292000000,
    "operatingExpenses": 409000000,
    "costAndExpenses": 1381000000,
    "interestIncome": 102000000,
    "interestExpense": 175000000,
    "depreciationAndAmortization": 267000000,
    "ebitda": 1289000000,
    "ebitdaratio": 0.5517979452,
    "operatingIncome": 955000000,
    "operatingIncomeRatio": 0.4088184932,
    "totalOtherIncomeExpensesNet": -108000000,
    "incomeBeforeTax": 847000000,
    "incomeBeforeTaxRatio": 0.3625856164,
    "incomeTaxExpense": 32000000,
    "netIncome": 799000000,
    "netIncomeRatio": 0.3420376712,
    "eps": 1.43,
    "epsdiluted": 1.42,
    "weightedAverageShsOut": 560000000,
    "weightedAverageShsOutDil": 561000000,
    "link": "https://www.sec.gov/Archives/edgar/data/1571949/000157194923000015/0001571949-23-000015-index.htm",
    "finalLink": "https://www.sec.gov/Archives/edgar/data/1571949/000157194923000015/ice-20230630.htm"
  },
  {
    "date": "2023-03-31",
    "symbol": "ICE",
    "reportedCurrency": "USD",
    "cik": "0001571949",
    "fillingDate": "2023-05-04",
    "acceptedDate": "2023-05-04 08:28:53",
    "calendarYear": "2023",
    "period": "Q1",
    "revenue": 2472000000,
    "costOfRevenue": 1100000000,
    "grossProfit": 1372000000,
    "grossProfitRatio": 0.5550161812,
    "researchAndDevelopmentExpenses": 0,
    "generalAndAdministrativeExpenses": 122000000,
    "sellingAndMarketingExpenses": 0,
    "sellingGeneralAndAdministrativeExpenses": 122000000,
    "otherExpenses": 281000000,
    "operatingExpenses": 403000000,
    "costAndExpenses": 1503000000,
    "interestIncome": 91000000,
    "interestExpense": 176000000,
    "depreciationAndAmortization": 260000000,
    "ebitda": 1285000000,
    "ebitdaratio": 0.5198220065,
    "operatingIncome": 969000000,
    "operatingIncomeRatio": 0.3919902913,
    "totalOtherIncomeExpensesNet": -120000000,
    "incomeBeforeTax": 849000000,
    "incomeBeforeTaxRatio": 0.3434466019,
    "incomeTaxExpense": 175000000,
    "netIncome": 655000000,
    "netIncomeRatio": 0.2649676375,
    "eps": 1.17,
    "epsdiluted": 1.17,
    "weightedAverageShsOut": 559000000,
    "weightedAverageShsOutDil": 561000000,
    "link": "https://www.sec.gov/Archives/edgar/data/1571949/000157194923000011/0001571949-23-000011-index.htm",
    "finalLink": "https://www.sec.gov/Archives/edgar/data/1571949/000157194923000011/ice-20230331.htm"
  },
  {
    "date": "2022-12-31",
    "symbol": "ICE",
    "reportedCurrency": "USD",
    "cik": "0001571949",
    "fillingDate": "2023-03-15",
    "acceptedDate": "2023-03-15 09:28:38",
    "calendarYear": "2022",
    "period": "Q4",
    "revenue": 2377000000,
    "costOfRevenue": 1128000000,
    "grossProfit": 1249000000,
    "grossProfitRatio": 0.5254522507,
    "researchAndDevelopmentExpenses": 0,
    "generalAndAdministrativeExpenses": 110000000,
    "sellingAndMarketingExpenses": 0,
    "sellingGeneralAndAdministrativeExpenses": 110000000,
    "otherExpenses": 275000000,
    "operatingExpenses": 385000000,
    "costAndExpenses": 1513000000,
    "interestIncome": 66000000,
    "interestExpense": 176000000,
    "depreciationAndAmortization": 263000000,
    "ebitda": 1003000000,
    "ebitdaratio": 0.4219604544,
    "operatingIncome": 864000000,
    "operatingIncomeRatio": 0.3634833824,
    "totalOtherIncomeExpensesNet": -300000000,
    "incomeBeforeTax": 564000000,
    "incomeBeforeTaxRatio": 0.2372738746,
    "incomeTaxExpense": 124000000,
    "netIncome": 425000000,
    "netIncomeRatio": 0.1787968027,
    "eps": 0.76,
    "epsdiluted": 0.76,
    "weightedAverageShsOut": 559000000,
    "weightedAverageShsOutDil": 560000000,
    "link": "https://www.sec.gov/Archives/edgar/data/1571949/000119312523070799/0001193125-23-070799-index.htm",
    "finalLink": "https://www.sec.gov/Archives/edgar/data/1571949/000119312523070799/d454149d10ka.htm"
  },
  {
    "date": "2022-09-30",
    "symbol": "ICE",
    "reportedCurrency": "USD",
    "cik": "0001571949",
    "fillingDate": "2022-11-03",
    "acceptedDate": "2022-11-03 08:25:30",
    "calendarYear": "2022",
    "period": "Q3",
    "revenue": 2387000000,
    "costOfRevenue": 1089000000,
    "grossProfit": 1298000000,
    "grossProfitRatio": 0.5437788018,
    "researchAndDevelopmentExpenses": 0,
    "generalAndAdministrativeExpenses": 108000000,
    "sellingAndMarketingExpenses": 0,
    "sellingGeneralAndAdministrativeExpenses": 108000000,
    "otherExpenses": 277000000,
    "operatingExpenses": 385000000,
    "costAndExpenses": 1474000000,
    "interestIncome": 33000000,
    "interestExpense": 176000000,
    "depreciationAndAmortization": 258000000,
    "ebitda": 107000000,
    "ebitdaratio": 0.0448261416,
    "operatingIncome": 913000000,
    "operatingIncomeRatio": 0.3824884793,
    "totalOtherIncomeExpensesNet": -1240000000,
    "incomeBeforeTax": -327000000,
    "incomeBeforeTaxRatio": -0.1369920402,
    "incomeTaxExpense": -152000000,
    "netIncome": -191000000,
    "netIncomeRatio": -0.0800167574,
    "eps": -0.34,
    "epsdiluted": -0.34,
    "weightedAverageShsOut": 558000000,
    "weightedAverageShsOutDil": 560000000,
    "link": "https://www.sec.gov/Archives/edgar/data/1571949/000157194922000016/0001571949-22-000016-index.htm",
    "finalLink": "https://www.sec.gov/Archives/edgar/data/1571949/000157194922000016/ice-20220930.htm"
  },
  {
    "date": "2022-06-30",
    "symbol": "ICE",
    "reportedCurrency": "USD",
    "cik": "0001571949",
    "fillingDate": "2022-08-04",
    "acceptedDate": "2022-08-04 08:28:24",
    "calendarYear": "2022",
    "period": "Q2",
    "revenue": 2413000000,
    "costOfRevenue": 1123000000,
    "grossProfit": 1290000000,
    "grossProfitRatio": 0.5346042271,
    "researchAndDevelopmentExpenses": 0,
    "generalAndAdministrativeExpenses": 112000000,
    "sellingAndMarketingExpenses": 0,
    "sellingGeneralAndAdministrativeExpenses": 112000000,
    "otherExpenses": 309000000,
    "operatingExpenses": 421000000,
    "costAndExpenses": 1544000000,
    "interestIncome": 8000000,
    "interestExpense": 161000000,
    "depreciationAndAmortization": 256000000,
    "ebitda": 1156000000,
    "ebitdaratio": 0.479071695,
    "operatingIncome": 869000000,
    "operatingIncomeRatio": 0.360132615,
    "totalOtherIncomeExpensesNet": -130000000,
    "incomeBeforeTax": 739000000,
    "incomeBeforeTaxRatio": 0.3062577704,
    "incomeTaxExpense": 173000000,
    "netIncome": 555000000,
    "netIncomeRatio": 0.2300041442,
    "eps": 0.99,
    "epsdiluted": 0.99,
    "weightedAverageShsOut": 558000000,
    "weightedAverageShsOutDil": 560000000,
    "link": "https://www.sec.gov/Archives/edgar/data/1571949/000157194922000013/0001571949-22-000013-index.htm",
    "finalLink": "https://www.sec.gov/Archives/edgar/data/1571949/000157194922000013/ice-20220630.htm"
  },
  {
    "date": "2022-03-31",
    "symbol": "ICE",
    "reportedCurrency": "USD",
    "cik": "0001571949",
    "fillingDate": "2022-05-05",
    "acceptedDate": "2022-05-05 08:23:52",
    "calendarYear": "2022",
    "period": "Q1",
    "revenue": 2459000000,
    "costOfRevenue": 1094000000,
    "grossProfit": 1365000000,
    "grossProfitRatio": 0.5551037007,
    "researchAndDevelopmentExpenses": 0,
    "generalAndAdministrativeExpenses": 110000000,
    "sellingAndMarketingExpenses": 0,
    "sellingGeneralAndAdministrativeExpenses": 110000000,
    "otherExpenses": 263000000,
    "operatingExpenses": 373000000,
    "costAndExpenses": 1467000000,
    "interestIncome": 1000000,
    "interestExpense": 103000000,
    "depreciationAndAmortization": 254000000,
    "ebitda": 1189000000,
    "ebitdaratio": 0.4835298902,
    "operatingIncome": 992000000,
    "operatingIncomeRatio": 0.4034160228,
    "totalOtherIncomeExpensesNet": -160000000,
    "incomeBeforeTax": 832000000,
    "incomeBeforeTaxRatio": 0.3383489223,
    "incomeTaxExpense": 165000000,
    "netIncome": 657000000,
    "netIncomeRatio": 0.2671817812,
    "eps": 1.17,
    "epsdiluted": 1.16,
    "weightedAverageShsOut": 561000000,
    "weightedAverageShsOutDil": 564000000,
    "link": "https://www.sec.gov/Archives/edgar/data/1571949/000157194922000010/0001571949-22-000010-index.htm",
    "finalLink": "https://www.sec.gov/Archives/edgar/data/1571949/000157194922000010/ice-20220331.htm"
  },
  {
    "date": "2021-12-31",
    "symbol": "ICE",
    "reportedCurrency": "USD",
    "cik": "0001571949",
    "fillingDate": "2022-02-03",
    "acceptedDate": "2022-02-03 08:33:47",
    "calendarYear": "2021",
    "period": "Q4",
    "revenue": 2328000000,
    "costOfRevenue": 1028000000,
    "grossProfit": 1300000000,
    "grossProfitRatio": 0.558419244,
    "researchAndDevelopmentExpenses": 0,
    "generalAndAdministrativeExpenses": 110000000,
    "sellingAndMarketingExpenses": 0,
    "sellingGeneralAndAdministrativeExpenses": 110000000,
    "otherExpenses": 310000000,
    "operatingExpenses": 420000000,
    "costAndExpenses": 1448000000,
    "interestIncome": 1000000,
    "interestExpense": 102000000,
    "depreciationAndAmortization": 250000000,
    "ebitda": 2461000000,
    "ebitdaratio": 1.0571305842,
    "operatingIncome": 880000000,
    "operatingIncomeRatio": 0.3780068729,
    "totalOtherIncomeExpensesNet": 1229000000,
    "incomeBeforeTax": 2109000000,
    "incomeBeforeTaxRatio": 0.9059278351,
    "incomeTaxExpense": 580000000,
    "netIncome": 1527000000,
    "netIncomeRatio": 0.6559278351,
    "eps": 2.72,
    "epsdiluted": 2.7,
    "weightedAverageShsOut": 562000000,
    "weightedAverageShsOutDil": 565000000,
    "link": "https://www.sec.gov/Archives/edgar/data/1571949/000157194922000006/0001571949-22-000006-index.htm",
    "finalLink": "https://www.sec.gov/Archives/edgar/data/1571949/000157194922000006/ice-20211231.htm"
  },
  {
    "date": "2021-09-30",
    "symbol": "ICE",
    "reportedCurrency": "USD",
    "cik": "0001571949",
    "fillingDate": "2021-10-28",
    "acceptedDate": "2021-10-28 08:29:23",
    "calendarYear": "2021",
    "period": "Q3",
    "revenue": 2277000000,
    "costOfRevenue": 1017000000,
    "grossProfit": 1260000000,
    "grossProfitRatio": 0.5533596838,
    "researchAndDevelopmentExpenses": 0,
    "generalAndAdministrativeExpenses": 115000000,
    "sellingAndMarketingExpenses": 0,
    "sellingGeneralAndAdministrativeExpenses": 115000000,
    "otherExpenses": 267000000,
    "operatingExpenses": 382000000,
    "costAndExpenses": 1399000000,
    "interestIncome": 0,
    "interestExpense": 108000000,
    "depreciationAndAmortization": 253000000,
    "ebitda": 1185000000,
    "ebitdaratio": 0.5204216074,
    "operatingIncome": 878000000,
    "operatingIncomeRatio": 0.3855950812,
    "totalOtherIncomeExpensesNet": -54000000,
    "incomeBeforeTax": 824000000,
    "incomeBeforeTaxRatio": 0.3618796662,
    "incomeTaxExpense": 187000000,
    "netIncome": 633000000,
    "netIncomeRatio": 0.277997365,
    "eps": 1.12,
    "epsdiluted": 1.12,
    "weightedAverageShsOut": 563000000,
    "weightedAverageShsOutDil": 566000000,
    "link": "https://www.sec.gov/Archives/edgar/data/1571949/000157194921000013/0001571949-21-000013-index.htm",
    "finalLink": "https://www.sec.gov/Archives/edgar/data/1571949/000157194921000013/ice-20210930.htm"
  },
  {
    "date": "2021-06-30",
    "symbol": "ICE",
    "reportedCurrency": "USD",
    "cik": "0001571949",
    "fillingDate": "2021-07-29",
    "acceptedDate": "2021-07-29 08:28:09",
    "calendarYear": "2021",
    "period": "Q2",
    "revenue": 2134000000,
    "costOfRevenue": 957000000,
    "grossProfit": 1177000000,
    "grossProfitRatio": 0.5515463918,
    "researchAndDevelopmentExpenses": 0,
    "generalAndAdministrativeExpenses": 117000000,
    "sellingAndMarketingExpenses": 0,
    "sellingGeneralAndAdministrativeExpenses": 117000000,
    "otherExpenses": 261000000,
    "operatingExpenses": 378000000,
    "costAndExpenses": 1335000000,
    "interestIncome": 0,
    "interestExpense": 106000000,
    "depreciationAndAmortization": 251000000,
    "ebitda": 2289000000,
    "ebitdaratio": 1.072633552,
    "operatingIncome": 799000000,
    "operatingIncomeRatio": 0.3744142455,
    "totalOtherIncomeExpensesNet": 1133000000,
    "incomeBeforeTax": 1932000000,
    "incomeBeforeTaxRatio": 0.9053420806,
    "incomeTaxExpense": 679000000,
    "netIncome": 1252000000,
    "netIncomeRatio": 0.5866916589,
    "eps": 2.23,
    "epsdiluted": 2.22,
    "weightedAverageShsOut": 563000000,
    "weightedAverageShsOutDil": 565000000,
    "link": "https://www.sec.gov/Archives/edgar/data/1571949/000157194921000010/0001571949-21-000010-index.htm",
    "finalLink": "https://www.sec.gov/Archives/edgar/data/1571949/000157194921000010/ice-20210630.htm"
  },
  {
    "date": "2021-03-31",
    "symbol": "ICE",
    "reportedCurrency": "USD",
    "cik": "0001571949",
    "fillingDate": "2021-04-29",
    "acceptedDate": "2021-04-29 08:26:46",
    "calendarYear": "2021",
    "period": "Q1",
    "revenue": 2429000000,
    "costOfRevenue": 1148000000,
    "grossProfit": 1281000000,
    "grossProfitRatio": 0.5273775216,
    "researchAndDevelopmentExpenses": 0,
    "generalAndAdministrativeExpenses": 116000000,
    "sellingAndMarketingExpenses": 0,
    "sellingGeneralAndAdministrativeExpenses": 116000000,
    "otherExpenses": 273000000,
    "operatingExpenses": 389000000,
    "costAndExpenses": 1537000000,
    "interestIncome": 0,
    "interestExpense": 107000000,
    "depreciationAndAmortization": 255000000,
    "ebitda": 1195000000,
    "ebitdaratio": 0.4919720049,
    "operatingIncome": 892000000,
    "operatingIncomeRatio": 0.3672293125,
    "totalOtherIncomeExpensesNet": -59000000,
    "incomeBeforeTax": 833000000,
    "incomeBeforeTaxRatio": 0.3429394813,
    "incomeTaxExpense": 183000000,
    "netIncome": 646000000,
    "netIncomeRatio": 0.2659530671,
    "eps": 1.15,
    "epsdiluted": 1.14,
    "weightedAverageShsOut": 562000000,
    "weightedAverageShsOutDil": 565000000,
    "link": "https://www.sec.gov/Archives/edgar/data/1571949/000157194921000007/0001571949-21-000007-index.htm",
    "finalLink": "https://www.sec.gov/Archives/edgar/data/1571949/000157194921000007/ice-20210331.htm"
  },
  {
    "date": "2020-12-31",
    "symbol": "ICE",
    "reportedCurrency": "USD",
    "cik": "0001571949",
    "fillingDate": "2021-02-04",
    "acceptedDate": "2021-02-04 08:29:58",
    "calendarYear": "2020",
    "period": "Q4",
    "revenue": 2233000000,
    "costOfRevenue": 1062000000,
    "grossProfit": 1171000000,
    "grossProfitRatio": 0.5244066279,
    "researchAndDevelopmentExpenses": 0,
    "generalAndAdministrativeExpenses": 119000000,
    "sellingAndMarketingExpenses": 0,
    "sellingGeneralAndAdministrativeExpenses": 119000000,
    "otherExpenses": 272000000,
    "operatingExpenses": 391000000,
    "costAndExpenses": 1453000000,
    "interestIncome": 1000000,
    "interestExpense": 112000000,
    "depreciationAndAmortization": 257000000,
    "ebitda": 1043000000,
    "ebitdaratio": 0.4670846395,
    "operatingIncome": 780000000,
    "operatingIncomeRatio": 0.3493058665,
    "totalOtherIncomeExpensesNet": -106000000,
    "incomeBeforeTax": 674000000,
    "incomeBeforeTaxRatio": 0.3018360949,
    "incomeTaxExpense": 146000000,
    "netIncome": 526000000,
    "netIncomeRatio": 0.2355575459,
    "eps": 0.94,
    "epsdiluted": 0.93,
    "weightedAverageShsOut": 561000000,
    "weightedAverageShsOutDil": 564000000,
    "link": "https://www.sec.gov/Archives/edgar/data/1571949/000157194921000003/0001571949-21-000003-index.htm",
    "finalLink": "https://www.sec.gov/Archives/edgar/data/1571949/000157194921000003/ice-20201231.htm"
  },
  {
    "date": "2020-09-30",
    "symbol": "ICE",
    "reportedCurrency": "USD",
    "cik": "0001571949",
    "fillingDate": "2020-10-29",
    "acceptedDate": "2020-10-29 08:31:07",
    "calendarYear": "2020",
    "period": "Q3",
    "revenue": 1930000000,
    "costOfRevenue": 948000000,
    "grossProfit": 982000000,
    "grossProfitRatio": 0.5088082902,
    "researchAndDevelopmentExpenses": 0,
    "generalAndAdministrativeExpenses": 99000000,
    "sellingAndMarketingExpenses": 0,
    "sellingGeneralAndAdministrativeExpenses": 99000000,
    "otherExpenses": 256000000,
    "operatingExpenses": 355000000,
    "costAndExpenses": 1303000000,
    "interestIncome": 1000000,
    "interestExpense": 89000000,
    "depreciationAndAmortization": 180000000,
    "ebitda": 852000000,
    "ebitdaratio": 0.4414507772,
    "operatingIncome": 627000000,
    "operatingIncomeRatio": 0.3248704663,
    "totalOtherIncomeExpensesNet": -44000000,
    "incomeBeforeTax": 583000000,
    "incomeBeforeTaxRatio": 0.3020725389,
    "incomeTaxExpense": 189000000,
    "netIncome": 390000000,
    "netIncomeRatio": 0.2020725389,
    "eps": 0.71,
    "epsdiluted": 0.71,
    "weightedAverageShsOut": 548000000,
    "weightedAverageShsOutDil": 551000000,
    "link": "https://www.sec.gov/Archives/edgar/data/1571949/000157194920000012/0001571949-20-000012-index.htm",
    "finalLink": "https://www.sec.gov/Archives/edgar/data/1571949/000157194920000012/ice-20200930.htm"
  },
  {
    "date": "2020-06-30",
    "symbol": "ICE",
    "reportedCurrency": "USD",
    "cik": "0001571949",
    "fillingDate": "2020-07-30",
    "acceptedDate": "2020-07-30 08:29:37",
    "calendarYear": "2020",
    "period": "Q2",
    "revenue": 1966000000,
    "costOfRevenue": 970000000,
    "grossProfit": 996000000,
    "grossProfitRatio": 0.506612411,
    "researchAndDevelopmentExpenses": 0,
    "generalAndAdministrativeExpenses": 93000000,
    "sellingAndMarketingExpenses": 0,
    "sellingGeneralAndAdministrativeExpenses": 93000000,
    "otherExpenses": 159000000,
    "operatingExpenses": 252000000,
    "costAndExpenses": 1222000000,
    "interestIncome": 2000000,
    "interestExpense": 84000000,
    "depreciationAndAmortization": 157000000,
    "ebitda": 914000000,
    "ebitdaratio": 0.4649033571,
    "operatingIncome": 744000000,
    "operatingIncomeRatio": 0.3784333672,
    "totalOtherIncomeExpensesNet": -71000000,
    "incomeBeforeTax": 673000000,
    "incomeBeforeTaxRatio": 0.3423194303,
    "incomeTaxExpense": 145000000,
    "netIncome": 523000000,
    "netIncomeRatio": 0.2660223805,
    "eps": 0.96,
    "epsdiluted": 0.95,
    "weightedAverageShsOut": 546000000,
    "weightedAverageShsOutDil": 549000000,
    "link": "https://www.sec.gov/Archives/edgar/data/1571949/000157194920000009/0001571949-20-000009-index.htm",
    "finalLink": "https://www.sec.gov/Archives/edgar/data/1571949/000157194920000009/ice-20200630.htm"
  },
  {
    "date": "2020-03-31",
    "symbol": "ICE",
    "reportedCurrency": "USD",
    "cik": "0001571949",
    "fillingDate": "2020-04-30",
    "acceptedDate": "2020-04-30 08:30:32",
    "calendarYear": "2020",
    "period": "Q1",
    "revenue": 2115000000,
    "costOfRevenue": 965000000,
    "grossProfit": 1150000000,
    "grossProfitRatio": 0.5437352246,
    "researchAndDevelopmentExpenses": 0,
    "generalAndAdministrativeExpenses": 99000000,
    "sellingAndMarketingExpenses": 0,
    "sellingGeneralAndAdministrativeExpenses": 99000000,
    "otherExpenses": 169000000,
    "operatingExpenses": 268000000,
    "costAndExpenses": 1233000000,
    "interestIncome": 6000000,
    "interestExpense": 72000000,
    "depreciationAndAmortization": 157000000,
    "ebitda": 1065000000,
    "ebitdaratio": 0.5035460993,
    "operatingIncome": 882000000,
    "operatingIncomeRatio": 0.4170212766,
    "totalOtherIncomeExpensesNet": -46000000,
    "incomeBeforeTax": 836000000,
    "incomeBeforeTaxRatio": 0.3952718676,
    "incomeTaxExpense": 178000000,
    "netIncome": 650000000,
    "netIncomeRatio": 0.3073286052,
    "eps": 1.18,
    "epsdiluted": 1.17,
    "weightedAverageShsOut": 552000000,
    "weightedAverageShsOutDil": 555000000,
    "link": "https://www.sec.gov/Archives/edgar/data/1571949/000157194920000006/0001571949-20-000006-index.htm",
    "finalLink": "https://www.sec.gov/Archives/edgar/data/1571949/000157194920000006/ice202033110q.htm"
  },
  {
    "date": "2019-12-31",
    "symbol": "ICE",
    "reportedCurrency": "USD",
    "cik": "0001571949",
    "fillingDate": "2020-02-06",
    "acceptedDate": "2020-02-06 08:33:20",
    "calendarYear": "2019",
    "period": "Q4",
    "revenue": 1667000000,
    "costOfRevenue": 766000000,
    "grossProfit": 901000000,
    "grossProfitRatio": 0.5404919016,
    "researchAndDevelopmentExpenses": 0,
    "generalAndAdministrativeExpenses": 89000000,
    "sellingAndMarketingExpenses": 0,
    "sellingGeneralAndAdministrativeExpenses": 89000000,
    "otherExpenses": 190000000,
    "operatingExpenses": 279000000,
    "costAndExpenses": 1045000000,
    "interestIncome": 8000000,
    "interestExpense": 71000000,
    "depreciationAndAmortization": 189000000,
    "ebitda": 847000000,
    "ebitdaratio": 0.5080983803,
    "operatingIncome": 622000000,
    "operatingIncomeRatio": 0.3731253749,
    "totalOtherIncomeExpensesNet": -35000000,
    "incomeBeforeTax": 587000000,
    "incomeBeforeTaxRatio": 0.3521295741,
    "incomeTaxExpense": 134000000,
    "netIncome": 448000000,
    "netIncomeRatio": 0.2687462507,
    "eps": 0.81,
    "epsdiluted": 0.8,
    "weightedAverageShsOut": 556000000,
    "weightedAverageShsOutDil": 560000000,
    "link": "https://www.sec.gov/Archives/edgar/data/1571949/000157194920000003/0001571949-20-000003-index.htm",
    "finalLink": "https://www.sec.gov/Archives/edgar/data/1571949/000157194920000003/ice2019123110k.htm"
  },
  {
    "date": "2019-09-30",
    "symbol": "ICE",
    "reportedCurrency": "USD",
    "cik": "0001571949",
    "fillingDate": "2019-10-31",
    "acceptedDate": "2019-10-31 08:31:49",
    "calendarYear": "2019",
    "period": "Q3",
    "revenue": 1663000000,
    "costOfRevenue": 714000000,
    "grossProfit": 949000000,
    "grossProfitRatio": 0.570655442,
    "researchAndDevelopmentExpenses": 0,
    "generalAndAdministrativeExpenses": 85000000,
    "sellingAndMarketingExpenses": 0,
    "sellingGeneralAndAdministrativeExpenses": 85000000,
    "otherExpenses": 158000000,
    "operatingExpenses": 243000000,
    "costAndExpenses": 957000000,
    "interestIncome": 8000000,
    "interestExpense": 72000000,
    "depreciationAndAmortization": 158000000,
    "ebitda": 870000000,
    "ebitdaratio": 0.5231509321,
    "operatingIncome": 706000000,
    "operatingIncomeRatio": 0.4245339747,
    "totalOtherIncomeExpensesNet": -66000000,
    "incomeBeforeTax": 640000000,
    "incomeBeforeTaxRatio": 0.3848466627,
    "incomeTaxExpense": 103000000,
    "netIncome": 529000000,
    "netIncomeRatio": 0.3180998196,
    "eps": 0.95,
    "epsdiluted": 0.94,
    "weightedAverageShsOut": 559000000,
    "weightedAverageShsOutDil": 563000000,
    "link": "https://www.sec.gov/Archives/edgar/data/1571949/000157194919000015/0001571949-19-000015-index.htm",
    "finalLink": "https://www.sec.gov/Archives/edgar/data/1571949/000157194919000015/ice201993010q.htm"
  },
  {
    "date": "2019-06-30",
    "symbol": "ICE",
    "reportedCurrency": "USD",
    "cik": "0001571949",
    "fillingDate": "2019-08-01",
    "acceptedDate": "2019-08-01 08:35:16",
    "calendarYear": "2019",
    "period": "Q2",
    "revenue": 1634000000,
    "costOfRevenue": 708000000,
    "grossProfit": 926000000,
    "grossProfitRatio": 0.5667074663,
    "researchAndDevelopmentExpenses": 0,
    "generalAndAdministrativeExpenses": 88000000,
    "sellingAndMarketingExpenses": 0,
    "sellingGeneralAndAdministrativeExpenses": 88000000,
    "otherExpenses": 158000000,
    "operatingExpenses": 246000000,
    "costAndExpenses": 954000000,
    "interestIncome": 10000000,
    "interestExpense": 71000000,
    "depreciationAndAmortization": 157000000,
    "ebitda": 856000000,
    "ebitdaratio": 0.5238678091,
    "operatingIncome": 680000000,
    "operatingIncomeRatio": 0.4161566707,
    "totalOtherIncomeExpensesNet": -52000000,
    "incomeBeforeTax": 628000000,
    "incomeBeforeTaxRatio": 0.3843329253,
    "incomeTaxExpense": 150000000,
    "netIncome": 472000000,
    "netIncomeRatio": 0.2888616891,
    "eps": 0.84,
    "epsdiluted": 0.84,
    "weightedAverageShsOut": 563000000,
    "weightedAverageShsOutDil": 566000000,
    "link": "https://www.sec.gov/Archives/edgar/data/1571949/000157194919000012/0001571949-19-000012-index.htm",
    "finalLink": "https://www.sec.gov/Archives/edgar/data/1571949/000157194919000012/ice201963010q.htm"
  },
  {
    "date": "2019-03-31",
    "symbol": "ICE",
    "reportedCurrency": "USD",
    "cik": "0001571949",
    "fillingDate": "2019-05-02",
    "acceptedDate": "2019-05-02 08:31:50",
    "calendarYear": "2019",
    "period": "Q1",
    "revenue": 1583000000,
    "costOfRevenue": 668000000,
    "grossProfit": 915000000,
    "grossProfitRatio": 0.5780164245,
    "researchAndDevelopmentExpenses": 0,
    "generalAndAdministrativeExpenses": 92000000,
    "sellingAndMarketingExpenses": 0,
    "sellingGeneralAndAdministrativeExpenses": 92000000,
    "otherExpenses": 158000000,
    "operatingExpenses": 250000000,
    "costAndExpenses": 918000000,
    "interestIncome": 9000000,
    "interestExpense": 71000000,
    "depreciationAndAmortization": 158000000,
    "ebitda": 855000000,
    "ebitdaratio": 0.5401137081,
    "operatingIncome": 665000000,
    "operatingIncomeRatio": 0.4200884397,
    "totalOtherIncomeExpensesNet": -39000000,
    "incomeBeforeTax": 626000000,
    "incomeBeforeTaxRatio": 0.395451674,
    "incomeTaxExpense": 134000000,
    "netIncome": 484000000,
    "netIncomeRatio": 0.3057485786,
    "eps": 0.85,
    "epsdiluted": 0.85,
    "weightedAverageShsOut": 568000000,
    "weightedAverageShsOutDil": 570000000,
    "link": "https://www.sec.gov/Archives/edgar/data/1571949/000157194919000006/0001571949-19-000006-index.htm",
    "finalLink": "https://www.sec.gov/Archives/edgar/data/1571949/000157194919000006/ice201933110q.htm"
  },
  {
    "date": "2018-12-31",
    "symbol": "ICE",
    "reportedCurrency": "USD",
    "cik": "0001571949",
    "fillingDate": "2019-02-07",
    "acceptedDate": "2019-02-07 08:32:23",
    "calendarYear": "2018",
    "period": "Q4",
    "revenue": 1677000000,
    "costOfRevenue": 743000000,
    "grossProfit": 934000000,
    "grossProfitRatio": 0.556946929,
    "researchAndDevelopmentExpenses": 0,
    "generalAndAdministrativeExpenses": 100000000,
    "sellingAndMarketingExpenses": 0,
    "sellingGeneralAndAdministrativeExpenses": 100000000,
    "otherExpenses": 158000000,
    "operatingExpenses": 258000000,
    "costAndExpenses": 1001000000,
    "interestIncome": 0,
    "interestExpense": 71000000,
    "depreciationAndAmortization": 157000000,
    "ebitda": 966000000,
    "ebitdaratio": 0.5760286225,
    "operatingIncome": 676000000,
    "operatingIncomeRatio": 0.4031007752,
    "totalOtherIncomeExpensesNet": 62000000,
    "incomeBeforeTax": 738000000,
    "incomeBeforeTaxRatio": 0.4400715564,
    "incomeTaxExpense": 119000000,
    "netIncome": 611000000,
    "netIncomeRatio": 0.3643410853,
    "eps": 1.07,
    "epsdiluted": 1.07,
    "weightedAverageShsOut": 569000000,
    "weightedAverageShsOutDil": 573000000,
    "link": "https://www.sec.gov/Archives/edgar/data/1571949/000157194919000003/0001571949-19-000003-index.htm",
    "finalLink": "https://www.sec.gov/Archives/edgar/data/1571949/000157194919000003/ice2018123110k.htm"
  },
  {
    "date": "2018-09-30",
    "symbol": "ICE",
    "reportedCurrency": "USD",
    "cik": "0001571949",
    "fillingDate": "2018-10-31",
    "acceptedDate": "2018-10-31 08:30:21",
    "calendarYear": "2018",
    "period": "Q3",
    "revenue": 1463000000,
    "costOfRevenue": 621000000,
    "grossProfit": 842000000,
    "grossProfitRatio": 0.5755297334,
    "researchAndDevelopmentExpenses": 0,
    "generalAndAdministrativeExpenses": 86000000,
    "sellingAndMarketingExpenses": 0,
    "sellingGeneralAndAdministrativeExpenses": 86000000,
    "otherExpenses": 154000000,
    "operatingExpenses": 240000000,
    "costAndExpenses": 861000000,
    "interestIncome": 6000000,
    "interestExpense": 66000000,
    "depreciationAndAmortization": 148000000,
    "ebitda": 768000000,
    "ebitdaratio": 0.5249487355,
    "operatingIncome": 602000000,
    "operatingIncomeRatio": 0.4114832536,
    "totalOtherIncomeExpensesNet": -48000000,
    "incomeBeforeTax": 554000000,
    "incomeBeforeTaxRatio": 0.3786739576,
    "incomeTaxExpense": 89000000,
    "netIncome": 458000000,
    "netIncomeRatio": 0.3130553657,
    "eps": 0.8,
    "epsdiluted": 0.79,
    "weightedAverageShsOut": 572000000,
    "weightedAverageShsOutDil": 576000000,
    "link": "https://www.sec.gov/Archives/edgar/data/1571949/000157194918000014/0001571949-18-000014-index.htm",
    "finalLink": "https://www.sec.gov/Archives/edgar/data/1571949/000157194918000014/ice201893010q.htm"
  },
  {
    "date": "2018-06-30",
    "symbol": "ICE",
    "reportedCurrency": "USD",
    "cik": "0001571949",
    "fillingDate": "2018-08-02",
    "acceptedDate": "2018-08-02 08:30:30",
    "calendarYear": "2018",
    "period": "Q2",
    "revenue": 1556000000,
    "costOfRevenue": 659000000,
    "grossProfit": 897000000,
    "grossProfitRatio": 0.5764781491,
    "researchAndDevelopmentExpenses": 0,
    "generalAndAdministrativeExpenses": 84000000,
    "sellingAndMarketingExpenses": 0,
    "sellingGeneralAndAdministrativeExpenses": 84000000,
    "otherExpenses": 158000000,
    "operatingExpenses": 242000000,
    "costAndExpenses": 901000000,
    "interestIncome": 5000000,
    "interestExpense": 55000000,
    "depreciationAndAmortization": 143000000,
    "ebitda": 809000000,
    "ebitdaratio": 0.5199228792,
    "operatingIncome": 655000000,
    "operatingIncomeRatio": 0.4209511568,
    "totalOtherIncomeExpensesNet": -44000000,
    "incomeBeforeTax": 611000000,
    "incomeBeforeTaxRatio": 0.3926735219,
    "incomeTaxExpense": 149000000,
    "netIncome": 455000000,
    "netIncomeRatio": 0.2924164524,
    "eps": 0.79,
    "epsdiluted": 0.78,
    "weightedAverageShsOut": 578000000,
    "weightedAverageShsOutDil": 581000000,
    "link": "https://www.sec.gov/Archives/edgar/data/1571949/000157194918000011/0001571949-18-000011-index.htm",
    "finalLink": "https://www.sec.gov/Archives/edgar/data/1571949/000157194918000011/ice201863010q.htm"
  },
  {
    "date": "2018-03-31",
    "symbol": "ICE",
    "reportedCurrency": "USD",
    "cik": "0001571949",
    "fillingDate": "2018-05-03",
    "acceptedDate": "2018-05-03 08:30:46",
    "calendarYear": "2018",
    "period": "Q1",
    "revenue": 1580000000,
    "costOfRevenue": 700000000,
    "grossProfit": 880000000,
    "grossProfitRatio": 0.5569620253,
    "researchAndDevelopmentExpenses": 0,
    "generalAndAdministrativeExpenses": 80000000,
    "sellingAndMarketingExpenses": 0,
    "sellingGeneralAndAdministrativeExpenses": 80000000,
    "otherExpenses": 150000000,
    "operatingExpenses": 230000000,
    "costAndExpenses": 930000000,
    "interestIncome": 4000000,
    "interestExpense": 52000000,
    "depreciationAndAmortization": 138000000,
    "ebitda": 807000000,
    "ebitdaratio": 0.5107594937,
    "operatingIncome": 650000000,
    "operatingIncomeRatio": 0.4113924051,
    "totalOtherIncomeExpensesNet": -33000000,
    "incomeBeforeTax": 617000000,
    "incomeBeforeTaxRatio": 0.3905063291,
    "incomeTaxExpense": 143000000,
    "netIncome": 464000000,
    "netIncomeRatio": 0.2936708861,
    "eps": 0.8,
    "epsdiluted": 0.79,
    "weightedAverageShsOut": 582000000,
    "weightedAverageShsOutDil": 586000000,
    "link": "https://www.sec.gov/Archives/edgar/data/1571949/000157194918000007/0001571949-18-000007-index.htm",
    "finalLink": "https://www.sec.gov/Archives/edgar/data/1571949/000157194918000007/ice201833110q.htm"
  },
  {
    "date": "2017-12-31",
    "symbol": "ICE",
    "reportedCurrency": "USD",
    "cik": "0001571949",
    "fillingDate": "2018-02-07",
    "acceptedDate": "2018-02-07 08:34:03",
    "calendarYear": "2017",
    "period": "Q4",
    "revenue": 1439000000,
    "costOfRevenue": 625000000,
    "grossProfit": 814000000,
    "grossProfitRatio": 0.5656706046,
    "researchAndDevelopmentExpenses": 0,
    "generalAndAdministrativeExpenses": 82000000,
    "sellingAndMarketingExpenses": 0,
    "sellingGeneralAndAdministrativeExpenses": 82000000,
    "otherExpenses": 140000000,
    "operatingExpenses": 222000000,
    "costAndExpenses": 847000000,
    "interestIncome": 0,
    "interestExpense": 50000000,
    "depreciationAndAmortization": 131000000,
    "ebitda": 850000000,
    "ebitdaratio": 0.5906879778,
    "operatingIncome": 592000000,
    "operatingIncomeRatio": 0.4113968033,
    "totalOtherIncomeExpensesNet": 77000000,
    "incomeBeforeTax": 669000000,
    "incomeBeforeTaxRatio": 0.4649061849,
    "incomeTaxExpense": -562000000,
    "netIncome": 1225000000,
    "netIncomeRatio": 0.851285615,
    "eps": 2.1,
    "epsdiluted": 2.08,
    "weightedAverageShsOut": 584000000,
    "weightedAverageShsOutDil": 589000000,
    "link": "https://www.sec.gov/Archives/edgar/data/1571949/000157194918000003/0001571949-18-000003-index.htm",
    "finalLink": "https://www.sec.gov/Archives/edgar/data/1571949/000157194918000003/ice2017123110k.htm"
  },
  {
    "date": "2017-09-30",
    "symbol": "ICE",
    "reportedCurrency": "USD",
    "cik": "0001571949",
    "fillingDate": "2017-11-02",
    "acceptedDate": "2017-11-02 08:34:54",
    "calendarYear": "2017",
    "period": "Q3",
    "revenue": 1435000000,
    "costOfRevenue": 622000000,
    "grossProfit": 813000000,
    "grossProfitRatio": 0.5665505226,
    "researchAndDevelopmentExpenses": 0,
    "generalAndAdministrativeExpenses": 85000000,
    "sellingAndMarketingExpenses": 0,
    "sellingGeneralAndAdministrativeExpenses": 85000000,
    "otherExpenses": 132000000,
    "operatingExpenses": 217000000,
    "costAndExpenses": 839000000,
    "interestIncome": 0,
    "interestExpense": 47000000,
    "depreciationAndAmortization": 128000000,
    "ebitda": 738000000,
    "ebitdaratio": 0.5142857143,
    "operatingIncome": 596000000,
    "operatingIncomeRatio": 0.4153310105,
    "totalOtherIncomeExpensesNet": -33000000,
    "incomeBeforeTax": 563000000,
    "incomeBeforeTaxRatio": 0.3923344948,
    "incomeTaxExpense": 186000000,
    "netIncome": 371000000,
    "netIncomeRatio": 0.2585365854,
    "eps": 0.63,
    "epsdiluted": 0.63,
    "weightedAverageShsOut": 588000000,
    "weightedAverageShsOutDil": 592000000,
    "link": "https://www.sec.gov/Archives/edgar/data/1571949/000157194917000011/0001571949-17-000011-index.htm",
    "finalLink": "https://www.sec.gov/Archives/edgar/data/1571949/000157194917000011/ice201793010q.htm"
  },
  {
    "date": "2017-06-30",
    "symbol": "ICE",
    "reportedCurrency": "USD",
    "cik": "0001571949",
    "fillingDate": "2017-08-03",
    "acceptedDate": "2017-08-03 08:30:10",
    "calendarYear": "2017",
    "period": "Q2",
    "revenue": 1496000000,
    "costOfRevenue": 649000000,
    "grossProfit": 847000000,
    "grossProfitRatio": 0.5661764706,
    "researchAndDevelopmentExpenses": 0,
    "generalAndAdministrativeExpenses": 87000000,
    "sellingAndMarketingExpenses": 0,
    "sellingGeneralAndAdministrativeExpenses": 87000000,
    "otherExpenses": 151000000,
    "operatingExpenses": 238000000,
    "costAndExpenses": 887000000,
    "interestIncome": 0,
    "interestExpense": 45000000,
    "depreciationAndAmortization": 142000000,
    "ebitda": 754000000,
    "ebitdaratio": 0.5040106952,
    "operatingIncome": 609000000,
    "operatingIncomeRatio": 0.4070855615,
    "totalOtherIncomeExpensesNet": -42000000,
    "incomeBeforeTax": 567000000,
    "incomeBeforeTaxRatio": 0.3790106952,
    "incomeTaxExpense": 140000000,
    "netIncome": 419000000,
    "netIncomeRatio": 0.2800802139,
    "eps": 0.71,
    "epsdiluted": 0.71,
    "weightedAverageShsOut": 591000000,
    "weightedAverageShsOutDil": 595000000,
    "link": "https://www.sec.gov/Archives/edgar/data/1571949/000157194917000009/0001571949-17-000009-index.htm",
    "finalLink": "https://www.sec.gov/Archives/edgar/data/1571949/000157194917000009/ice201763010q.htm"
  },
  {
    "date": "2017-03-31",
    "symbol": "ICE",
    "reportedCurrency": "USD",
    "cik": "0001571949",
    "fillingDate": "2017-05-03",
    "acceptedDate": "2017-05-03 08:31:25",
    "calendarYear": "2017",
    "period": "Q1",
    "revenue": 1471000000,
    "costOfRevenue": 650000000,
    "grossProfit": 821000000,
    "grossProfitRatio": 0.5581237254,
    "researchAndDevelopmentExpenses": 0,
    "generalAndAdministrativeExpenses": 91000000,
    "sellingAndMarketingExpenses": 0,
    "sellingGeneralAndAdministrativeExpenses": 91000000,
    "otherExpenses": 148000000,
    "operatingExpenses": 239000000,
    "costAndExpenses": 889000000,
    "interestIncome": 0,
    "interestExpense": 45000000,
    "depreciationAndAmortization": 134000000,
    "ebitda": 904000000,
    "ebitdaratio": 0.6145479266,
    "operatingIncome": 582000000,
    "operatingIncomeRatio": 0.3956492182,
    "totalOtherIncomeExpensesNet": 143000000,
    "incomeBeforeTax": 725000000,
    "incomeBeforeTaxRatio": 0.4928619986,
    "incomeTaxExpense": 214000000,
    "netIncome": 503000000,
    "netIncomeRatio": 0.3419442556,
    "eps": 0.85,
    "epsdiluted": 0.84,
    "weightedAverageShsOut": 594000000,
    "weightedAverageShsOutDil": 599000000,
    "link": "https://www.sec.gov/Archives/edgar/data/1571949/000157194917000006/0001571949-17-000006-index.htm",
    "finalLink": "https://www.sec.gov/Archives/edgar/data/1571949/000157194917000006/ice201733110q.htm"
  },
  {
    "date": "2016-12-31",
    "symbol": "ICE",
    "reportedCurrency": "USD",
    "cik": "0001571949",
    "fillingDate": "2017-02-07",
    "acceptedDate": "2017-02-07 08:26:48",
    "calendarYear": "2016",
    "period": "Q4",
    "revenue": 1484000000,
    "costOfRevenue": 680000000,
    "grossProfit": 804000000,
    "grossProfitRatio": 0.5417789757,
    "researchAndDevelopmentExpenses": 0,
    "generalAndAdministrativeExpenses": 87000000,
    "sellingAndMarketingExpenses": 0,
    "sellingGeneralAndAdministrativeExpenses": 87000000,
    "otherExpenses": 159000000,
    "operatingExpenses": 246000000,
    "costAndExpenses": 926000000,
    "interestIncome": 0,
    "interestExpense": 44000000,
    "depreciationAndAmortization": 140000000,
    "ebitda": 714000000,
    "ebitdaratio": 0.4811320755,
    "operatingIncome": 558000000,
    "operatingIncomeRatio": 0.3760107817,
    "totalOtherIncomeExpensesNet": -28000000,
    "incomeBeforeTax": 530000000,
    "incomeBeforeTaxRatio": 0.3571428571,
    "incomeTaxExpense": 171000000,
    "netIncome": 352000000,
    "netIncomeRatio": 0.2371967655,
    "eps": 0.59,
    "epsdiluted": 0.59,
    "weightedAverageShsOut": 595000000,
    "weightedAverageShsOutDil": 600000000,
    "link": "https://www.sec.gov/Archives/edgar/data/1571949/000157194917000003/0001571949-17-000003-index.htm",
    "finalLink": "https://www.sec.gov/Archives/edgar/data/1571949/000157194917000003/ice2016123110k.htm"
  },
  {
    "date": "2016-09-30",
    "symbol": "ICE",
    "reportedCurrency": "USD",
    "cik": "0001571949",
    "fillingDate": "2016-11-01",
    "acceptedDate": "2016-11-01 08:24:15",
    "calendarYear": "2016",
    "period": "Q3",
    "revenue": 1416000000,
    "costOfRevenue": 667000000,
    "grossProfit": 749000000,
    "grossProfitRatio": 0.5289548023,
    "researchAndDevelopmentExpenses": 0,
    "generalAndAdministrativeExpenses": 80000000,
    "sellingAndMarketingExpenses": 0,
    "sellingGeneralAndAdministrativeExpenses": 80000000,
    "otherExpenses": 195000000,
    "operatingExpenses": 275000000,
    "costAndExpenses": 942000000,
    "interestIncome": 0,
    "interestExpense": 44000000,
    "depreciationAndAmortization": 181000000,
    "ebitda": 668000000,
    "ebitdaratio": 0.4717514124,
    "operatingIncome": 474000000,
    "operatingIncomeRatio": 0.3347457627,
    "totalOtherIncomeExpensesNet": -31000000,
    "incomeBeforeTax": 443000000,
    "incomeBeforeTaxRatio": 0.3128531073,
    "incomeTaxExpense": 93000000,
    "netIncome": 344000000,
    "netIncomeRatio": 0.2429378531,
    "eps": 0.58,
    "epsdiluted": 0.57,
    "weightedAverageShsOut": 596000000,
    "weightedAverageShsOutDil": 600000000,
    "link": "https://www.sec.gov/Archives/edgar/data/1571949/000157194916000029/0001571949-16-000029-index.htm",
    "finalLink": "https://www.sec.gov/Archives/edgar/data/1571949/000157194916000029/ice201693010q.htm"
  },
  {
    "date": "2016-06-30",
    "symbol": "ICE",
    "reportedCurrency": "USD",
    "cik": "0001571949",
    "fillingDate": "2016-08-03",
    "acceptedDate": "2016-08-03 08:23:46",
    "calendarYear": "2016",
    "period": "Q2",
    "revenue": 1504000000,
    "costOfRevenue": 703000000,
    "grossProfit": 801000000,
    "grossProfitRatio": 0.5325797872,
    "researchAndDevelopmentExpenses": 0,
    "generalAndAdministrativeExpenses": 84000000,
    "sellingAndMarketingExpenses": 0,
    "sellingGeneralAndAdministrativeExpenses": 84000000,
    "otherExpenses": 166000000,
    "operatingExpenses": 250000000,
    "costAndExpenses": 953000000,
    "interestIncome": 0,
    "interestExpense": 44000000,
    "depreciationAndAmortization": 146000000,
    "ebitda": 706000000,
    "ebitdaratio": 0.4694148936,
    "operatingIncome": 551000000,
    "operatingIncomeRatio": 0.366356383,
    "totalOtherIncomeExpensesNet": -35000000,
    "incomeBeforeTax": 516000000,
    "incomeBeforeTaxRatio": 0.3430851064,
    "incomeTaxExpense": 153000000,
    "netIncome": 357000000,
    "netIncomeRatio": 0.2373670213,
    "eps": 0.6,
    "epsdiluted": 0.6,
    "weightedAverageShsOut": 595000000,
    "weightedAverageShsOutDil": 599000000,
    "link": "https://www.sec.gov/Archives/edgar/data/1571949/000157194916000025/0001571949-16-000025-index.htm",
    "finalLink": "https://www.sec.gov/Archives/edgar/data/1571949/000157194916000025/ice201663010q.htm"
  },
  {
    "date": "2016-03-31",
    "symbol": "ICE",
    "reportedCurrency": "USD",
    "cik": "0001571949",
    "fillingDate": "2016-05-04",
    "acceptedDate": "2016-05-04 08:21:36",
    "calendarYear": "2016",
    "period": "Q1",
    "revenue": 1554000000,
    "costOfRevenue": 728000000,
    "grossProfit": 826000000,
    "grossProfitRatio": 0.5315315315,
    "researchAndDevelopmentExpenses": 0,
    "generalAndAdministrativeExpenses": 72000000,
    "sellingAndMarketingExpenses": 0,
    "sellingGeneralAndAdministrativeExpenses": 72000000,
    "otherExpenses": 170000000,
    "operatingExpenses": 242000000,
    "costAndExpenses": 970000000,
    "interestIncome": 0,
    "interestExpense": 46000000,
    "depreciationAndAmortization": 143000000,
    "ebitda": 729000000,
    "ebitdaratio": 0.4691119691,
    "operatingIncome": 584000000,
    "operatingIncomeRatio": 0.3758043758,
    "totalOtherIncomeExpensesNet": -44000000,
    "incomeBeforeTax": 540000000,
    "incomeBeforeTaxRatio": 0.3474903475,
    "incomeTaxExpense": 163000000,
    "netIncome": 369000000,
    "netIncomeRatio": 0.2374517375,
    "eps": 0.62,
    "epsdiluted": 0.62,
    "weightedAverageShsOut": 595000000,
    "weightedAverageShsOutDil": 598000000,
    "link": "https://www.sec.gov/Archives/edgar/data/1571949/000157194916000022/0001571949-16-000022-index.htm",
    "finalLink": "https://www.sec.gov/Archives/edgar/data/1571949/000157194916000022/ice201633110q.htm"
  },
  {
    "date": "2015-12-31",
    "symbol": "ICE",
    "reportedCurrency": "USD",
    "cik": "0001571949",
    "fillingDate": "2016-02-04",
    "acceptedDate": "2016-02-04 08:31:47",
    "calendarYear": "2015",
    "period": "Q4",
    "revenue": 1302000000,
    "costOfRevenue": 649000000,
    "grossProfit": 653000000,
    "grossProfitRatio": 0.5015360983,
    "researchAndDevelopmentExpenses": 0,
    "generalAndAdministrativeExpenses": 83000000,
    "sellingAndMarketingExpenses": 0,
    "sellingGeneralAndAdministrativeExpenses": 83000000,
    "otherExpenses": 152000000,
    "operatingExpenses": 235000000,
    "costAndExpenses": 884000000,
    "interestIncome": 0,
    "interestExpense": 30000000,
    "depreciationAndAmortization": 98000000,
    "ebitda": 519000000,
    "ebitdaratio": 0.3986175115,
    "operatingIncome": 418000000,
    "operatingIncomeRatio": 0.3210445469,
    "totalOtherIncomeExpensesNet": -27000000,
    "incomeBeforeTax": 391000000,
    "incomeBeforeTaxRatio": 0.3003072197,
    "incomeTaxExpense": 18000000,
    "netIncome": 370000000,
    "netIncomeRatio": 0.2841781874,
    "eps": 0.66,
    "epsdiluted": 0.66,
    "weightedAverageShsOut": 559000000,
    "weightedAverageShsOutDil": 560000000,
    "link": "https://www.sec.gov/Archives/edgar/data/1571949/000157194916000020/0001571949-16-000020-index.htm",
    "finalLink": "https://www.sec.gov/Archives/edgar/data/1571949/000157194916000020/ice2015123110k.htm"
  },
  {
    "date": "2015-09-30",
    "symbol": "ICE",
    "reportedCurrency": "USD",
    "cik": "0001571949",
    "fillingDate": "2015-10-28",
    "acceptedDate": "2015-10-28 08:29:35",
    "calendarYear": "2015",
    "period": "Q3",
    "revenue": 1187000000,
    "costOfRevenue": 570000000,
    "grossProfit": 617000000,
    "grossProfitRatio": 0.5197978096,
    "researchAndDevelopmentExpenses": 0,
    "generalAndAdministrativeExpenses": 75000000,
    "sellingAndMarketingExpenses": 0,
    "sellingGeneralAndAdministrativeExpenses": 75000000,
    "otherExpenses": 102000000,
    "operatingExpenses": 177000000,
    "costAndExpenses": 747000000,
    "interestIncome": 0,
    "interestExpense": 21000000,
    "depreciationAndAmortization": 94000000,
    "ebitda": 538000000,
    "ebitdaratio": 0.4532434709,
    "operatingIncome": 440000000,
    "operatingIncomeRatio": 0.3706823926,
    "totalOtherIncomeExpensesNet": -17000000,
    "incomeBeforeTax": 423000000,
    "incomeBeforeTaxRatio": 0.3563605729,
    "incomeTaxExpense": 113000000,
    "netIncome": 306000000,
    "netIncomeRatio": 0.2577927548,
    "eps": 0.55,
    "epsdiluted": 0.55,
    "weightedAverageShsOut": 550000000,
    "weightedAverageShsOutDil": 555000000,
    "link": "https://www.sec.gov/Archives/edgar/data/1571949/000157194915000017/0001571949-15-000017-index.htm",
    "finalLink": "https://www.sec.gov/Archives/edgar/data/1571949/000157194915000017/ice201593010q.htm"
  },
  {
    "date": "2015-06-30",
    "symbol": "ICE",
    "reportedCurrency": "USD",
    "cik": "0001571949",
    "fillingDate": "2015-08-05",
    "acceptedDate": "2015-08-05 08:32:11",
    "calendarYear": "2015",
    "period": "Q2",
    "revenue": 1096000000,
    "costOfRevenue": 490000000,
    "grossProfit": 606000000,
    "grossProfitRatio": 0.552919708,
    "researchAndDevelopmentExpenses": 0,
    "generalAndAdministrativeExpenses": 76000000,
    "sellingAndMarketingExpenses": 0,
    "sellingGeneralAndAdministrativeExpenses": 76000000,
    "otherExpenses": 100000000,
    "operatingExpenses": 176000000,
    "costAndExpenses": 666000000,
    "interestIncome": 0,
    "interestExpense": 23000000,
    "depreciationAndAmortization": 93000000,
    "ebitda": 514000000,
    "ebitdaratio": 0.4689781022,
    "operatingIncome": 430000000,
    "operatingIncomeRatio": 0.3923357664,
    "totalOtherIncomeExpensesNet": -32000000,
    "incomeBeforeTax": 398000000,
    "incomeBeforeTaxRatio": 0.3631386861,
    "incomeTaxExpense": 109000000,
    "netIncome": 283000000,
    "netIncomeRatio": 0.2582116788,
    "eps": 0.51,
    "epsdiluted": 0.51,
    "weightedAverageShsOut": 555000000,
    "weightedAverageShsOutDil": 560000000,
    "link": "https://www.sec.gov/Archives/edgar/data/1571949/000157194915000010/0001571949-15-000010-index.htm",
    "finalLink": "https://www.sec.gov/Archives/edgar/data/1571949/000157194915000010/ice201563010q.htm"
  },
  {
    "date": "2015-03-31",
    "symbol": "ICE",
    "reportedCurrency": "USD",
    "cik": "0001571949",
    "fillingDate": "2015-05-05",
    "acceptedDate": "2015-05-05 08:29:14",
    "calendarYear": "2015",
    "period": "Q1",
    "revenue": 1180000000,
    "costOfRevenue": 532000000,
    "grossProfit": 648000000,
    "grossProfitRatio": 0.5491525424,
    "researchAndDevelopmentExpenses": 0,
    "generalAndAdministrativeExpenses": 78000000,
    "sellingAndMarketingExpenses": 0,
    "sellingGeneralAndAdministrativeExpenses": 78000000,
    "otherExpenses": 108000000,
    "operatingExpenses": 186000000,
    "costAndExpenses": 718000000,
    "interestIncome": 0,
    "interestExpense": 23000000,
    "depreciationAndAmortization": 89000000,
    "ebitda": 553000000,
    "ebitdaratio": 0.4686440678,
    "operatingIncome": 462000000,
    "operatingIncomeRatio": 0.3915254237,
    "totalOtherIncomeExpensesNet": -21000000,
    "incomeBeforeTax": 441000000,
    "incomeBeforeTaxRatio": 0.3737288136,
    "incomeTaxExpense": 118000000,
    "netIncome": 315000000,
    "netIncomeRatio": 0.2669491525,
    "eps": 0.56,
    "epsdiluted": 0.56,
    "weightedAverageShsOut": 560000000,
    "weightedAverageShsOutDil": 560000000,
    "link": "https://www.sec.gov/Archives/edgar/data/1571949/000157194915000007/0001571949-15-000007-index.htm",
    "finalLink": "https://www.sec.gov/Archives/edgar/data/1571949/000157194915000007/ice201533110q.htm"
  },
  {
    "date": "2014-12-31",
    "symbol": "ICE",
    "reportedCurrency": "USD",
    "cik": "0001571949",
    "fillingDate": "2015-02-05",
    "acceptedDate": "2015-02-05 08:30:33",
    "calendarYear": "2014",
    "period": "Q4",
    "revenue": 1144000000,
    "costOfRevenue": 540000000,
    "grossProfit": 604000000,
    "grossProfitRatio": 0.527972028,
    "researchAndDevelopmentExpenses": 0,
    "generalAndAdministrativeExpenses": 88000000,
    "sellingAndMarketingExpenses": 0,
    "sellingGeneralAndAdministrativeExpenses": 88000000,
    "otherExpenses": 116000000,
    "operatingExpenses": 204000000,
    "costAndExpenses": 744000000,
    "interestIncome": 0,
    "interestExpense": 23000000,
    "depreciationAndAmortization": 89000000,
    "ebitda": 524000000,
    "ebitdaratio": 0.458041958,
    "operatingIncome": 400000000,
    "operatingIncomeRatio": 0.3496503497,
    "totalOtherIncomeExpensesNet": 12000000,
    "incomeBeforeTax": 412000000,
    "incomeBeforeTaxRatio": 0.3601398601,
    "incomeTaxExpense": 118000000,
    "netIncome": 288000000,
    "netIncomeRatio": 0.2517482517,
    "eps": 0.51,
    "epsdiluted": 0.51,
    "weightedAverageShsOut": 555000000,
    "weightedAverageShsOutDil": 565000000,
    "link": "https://www.sec.gov/Archives/edgar/data/1571949/000157194915000003/0001571949-15-000003-index.htm",
    "finalLink": "https://www.sec.gov/Archives/edgar/data/1571949/000157194915000003/ice2014123110k.htm"
  },
  {
    "date": "2014-09-30",
    "symbol": "ICE",
    "reportedCurrency": "USD",
    "cik": "0001571949",
    "fillingDate": "2014-11-04",
    "acceptedDate": "2014-11-04 08:32:04",
    "calendarYear": "2014",
    "period": "Q3",
    "revenue": 1010000000,
    "costOfRevenue": 454000000,
    "grossProfit": 556000000,
    "grossProfitRatio": 0.5504950495,
    "researchAndDevelopmentExpenses": 0,
    "generalAndAdministrativeExpenses": 103000000,
    "sellingAndMarketingExpenses": 0,
    "sellingGeneralAndAdministrativeExpenses": 103000000,
    "otherExpenses": 123000000,
    "operatingExpenses": 226000000,
    "costAndExpenses": 680000000,
    "interestIncome": 0,
    "interestExpense": 22000000,
    "depreciationAndAmortization": 83000000,
    "ebitda": 418000000,
    "ebitdaratio": 0.4138613861,
    "operatingIncome": 330000000,
    "operatingIncomeRatio": 0.3267326733,
    "totalOtherIncomeExpensesNet": -17000000,
    "incomeBeforeTax": 313000000,
    "incomeBeforeTaxRatio": 0.3099009901,
    "incomeTaxExpense": 90000000,
    "netIncome": 206000000,
    "netIncomeRatio": 0.203960396,
    "eps": 0.36,
    "epsdiluted": 0.36,
    "weightedAverageShsOut": 570000000,
    "weightedAverageShsOutDil": 570000000,
    "link": "https://www.sec.gov/Archives/edgar/data/1571949/000157194914000018/0001571949-14-000018-index.htm",
    "finalLink": "https://www.sec.gov/Archives/edgar/data/1571949/000157194914000018/ice201493010q.htm"
  },
  {
    "date": "2014-06-30",
    "symbol": "ICE",
    "reportedCurrency": "USD",
    "cik": "0001571949",
    "fillingDate": "2014-08-07",
    "acceptedDate": "2014-08-07 08:31:39",
    "calendarYear": "2014",
    "period": "Q2",
    "revenue": 1016000000,
    "costOfRevenue": 459000000,
    "grossProfit": 557000000,
    "grossProfitRatio": 0.5482283465,
    "researchAndDevelopmentExpenses": 0,
    "generalAndAdministrativeExpenses": 112000000,
    "sellingAndMarketingExpenses": 0,
    "sellingGeneralAndAdministrativeExpenses": 112000000,
    "otherExpenses": 118000000,
    "operatingExpenses": 230000000,
    "costAndExpenses": 689000000,
    "interestIncome": 0,
    "interestExpense": 23000000,
    "depreciationAndAmortization": 81000000,
    "ebitda": 424000000,
    "ebitdaratio": 0.4173228346,
    "operatingIncome": 327000000,
    "operatingIncomeRatio": 0.3218503937,
    "totalOtherIncomeExpensesNet": -7000000,
    "incomeBeforeTax": 320000000,
    "incomeBeforeTaxRatio": 0.3149606299,
    "incomeTaxExpense": 93000000,
    "netIncome": 226000000,
    "netIncomeRatio": 0.2224409449,
    "eps": 0.39,
    "epsdiluted": 0.39,
    "weightedAverageShsOut": 575000000,
    "weightedAverageShsOutDil": 580000000,
    "link": "https://www.sec.gov/Archives/edgar/data/1571949/000157194914000015/0001571949-14-000015-index.htm",
    "finalLink": "https://www.sec.gov/Archives/edgar/data/1571949/000157194914000015/ice201463010q.htm"
  },
  {
    "date": "2014-03-31",
    "symbol": "ICE",
    "reportedCurrency": "USD",
    "cik": "0001571949",
    "fillingDate": "2014-05-08",
    "acceptedDate": "2014-05-08 08:23:03",
    "calendarYear": "2014",
    "period": "Q1",
    "revenue": 1063000000,
    "costOfRevenue": 467000000,
    "grossProfit": 596000000,
    "grossProfitRatio": 0.5606773283,
    "researchAndDevelopmentExpenses": 0,
    "generalAndAdministrativeExpenses": 100000000,
    "sellingAndMarketingExpenses": 0,
    "sellingGeneralAndAdministrativeExpenses": 100000000,
    "otherExpenses": 105000000,
    "operatingExpenses": 205000000,
    "costAndExpenses": 672000000,
    "interestIncome": 0,
    "interestExpense": 27000000,
    "depreciationAndAmortization": 80000000,
    "ebitda": 469000000,
    "ebitdaratio": 0.4412041392,
    "operatingIncome": 391000000,
    "operatingIncomeRatio": 0.367826905,
    "totalOtherIncomeExpensesNet": -29000000,
    "incomeBeforeTax": 362000000,
    "incomeBeforeTaxRatio": 0.3405456256,
    "incomeTaxExpense": 101000000,
    "netIncome": 261000000,
    "netIncomeRatio": 0.2455315146,
    "eps": 0.46,
    "epsdiluted": 0.45,
    "weightedAverageShsOut": 575000000,
    "weightedAverageShsOutDil": 580000000,
    "link": "https://www.sec.gov/Archives/edgar/data/1571949/000157194914000009/0001571949-14-000009-index.htm",
    "finalLink": "https://www.sec.gov/Archives/edgar/data/1571949/000157194914000009/ice201433110q.htm"
  },
  {
    "date": "2013-12-31",
    "symbol": "ICE",
    "reportedCurrency": "USD",
    "cik": "0001571949",
    "fillingDate": "2014-02-14",
    "acceptedDate": "2014-02-14 16:25:29",
    "calendarYear": "2013",
    "period": "Q4",
    "revenue": 733623000,
    "costOfRevenue": 292480000,
    "grossProfit": 441143000,
    "grossProfitRatio": 0.6013211145,
    "researchAndDevelopmentExpenses": 0,
    "generalAndAdministrativeExpenses": 84071000,
    "sellingAndMarketingExpenses": 0,
    "sellingGeneralAndAdministrativeExpenses": 84071000,
    "otherExpenses": 193988000,
    "operatingExpenses": 278059000,
    "costAndExpenses": 570539000,
    "interestIncome": 878000,
    "interestExpense": 26249000,
    "depreciationAndAmortization": 61375000,
    "ebitda": -12921000,
    "ebitdaratio": -0.0176125885,
    "operatingIncome": 163084000,
    "operatingIncomeRatio": 0.2222994644,
    "totalOtherIncomeExpensesNet": -263629000,
    "incomeBeforeTax": -100545000,
    "incomeBeforeTaxRatio": -0.1370526824,
    "incomeTaxExpense": 69541000,
    "netIncome": -176080000,
    "netIncomeRatio": -0.2400142853,
    "eps": -0.31,
    "epsdiluted": -0.31,
    "weightedAverageShsOut": 575000000,
    "weightedAverageShsOutDil": 575000000,
    "link": "https://www.sec.gov/Archives/edgar/data/1571949/000157194914000006/0001571949-14-000006-index.htm",
    "finalLink": "https://www.sec.gov/Archives/edgar/data/1571949/000157194914000006/ice2013123110k.htm"
  },
  {
    "date": "2013-09-30",
    "symbol": "ICE",
    "reportedCurrency": "USD",
    "cik": "0001571949",
    "fillingDate": "2013-11-05",
    "acceptedDate": "2013-11-05 11:24:17",
    "calendarYear": "2013",
    "period": "Q3",
    "revenue": 338000000,
    "costOfRevenue": 73000000,
    "grossProfit": 265000000,
    "grossProfitRatio": 0.7840236686,
    "researchAndDevelopmentExpenses": 0,
    "generalAndAdministrativeExpenses": 22000000,
    "sellingAndMarketingExpenses": 0,
    "sellingGeneralAndAdministrativeExpenses": 22000000,
    "otherExpenses": 41000000,
    "operatingExpenses": 63000000,
    "costAndExpenses": 136000000,
    "interestIncome": 700000,
    "interestExpense": 9000000,
    "depreciationAndAmortization": 35000000,
    "ebitda": 237000000,
    "ebitdaratio": 0.701183432,
    "operatingIncome": 202000000,
    "operatingIncomeRatio": 0.5976331361,
    "totalOtherIncomeExpensesNet": -9000000,
    "incomeBeforeTax": 193000000,
    "incomeBeforeTaxRatio": 0.5710059172,
    "incomeTaxExpense": 48000000,
    "netIncome": 141000000,
    "netIncomeRatio": 0.4171597633,
    "eps": 0.39,
    "epsdiluted": 0.38,
    "weightedAverageShsOut": 365000000,
    "weightedAverageShsOutDil": 370000000,
    "link": "https://www.sec.gov/Archives/edgar/data/1571949/000119312513426946/0001193125-13-426946-index.htm",
    "finalLink": "https://www.sec.gov/Archives/edgar/data/1571949/000119312513426946/d596211d10q.htm"
  },
  {
    "date": "2013-06-30",
    "symbol": "ICE",
    "reportedCurrency": "USD",
    "cik": "0001571949",
    "fillingDate": "2013-08-07",
    "acceptedDate": "2013-08-07 09:02:48",
    "calendarYear": "2013",
    "period": "Q2",
    "revenue": 372000000,
    "costOfRevenue": 79000000,
    "grossProfit": 293000000,
    "grossProfitRatio": 0.7876344086,
    "researchAndDevelopmentExpenses": 0,
    "generalAndAdministrativeExpenses": 27000000,
    "sellingAndMarketingExpenses": 0,
    "sellingGeneralAndAdministrativeExpenses": 27000000,
    "otherExpenses": 41000000,
    "operatingExpenses": 68000000,
    "costAndExpenses": 147000000,
    "interestIncome": 695000,
    "interestExpense": 10000000,
    "depreciationAndAmortization": 33000000,
    "ebitda": 260000000,
    "ebitdaratio": 0.6989247312,
    "operatingIncome": 225000000,
    "operatingIncomeRatio": 0.6048387097,
    "totalOtherIncomeExpensesNet": -8000000,
    "incomeBeforeTax": 217000000,
    "incomeBeforeTaxRatio": 0.5833333333,
    "incomeTaxExpense": 59000000,
    "netIncome": 154000000,
    "netIncomeRatio": 0.4139784946,
    "eps": 0.42,
    "epsdiluted": 0.42,
    "weightedAverageShsOut": 365000000,
    "weightedAverageShsOutDil": 365000000,
    "link": "https://www.sec.gov/Archives/edgar/data/1571949/000119312513323138/0001193125-13-323138-index.htm",
    "finalLink": "https://www.sec.gov/Archives/edgar/data/1571949/000119312513323138/d573452d10q.htm"
  },
  {
    "date": "2013-03-31",
    "symbol": "ICE",
    "reportedCurrency": "USD",
    "cik": "0001571949",
    "fillingDate": "2013-03-31",
    "acceptedDate": "2013-03-30 20:00:00",
    "calendarYear": "2013",
    "period": "Q1",
    "revenue": 352000000,
    "costOfRevenue": 77000000,
    "grossProfit": 275000000,
    "grossProfitRatio": 0.78125,
    "researchAndDevelopmentExpenses": 0,
    "generalAndAdministrativeExpenses": 25000000,
    "sellingAndMarketingExpenses": 0,
    "sellingGeneralAndAdministrativeExpenses": 25000000,
    "otherExpenses": 50000000,
    "operatingExpenses": 75000000,
    "costAndExpenses": 152000000,
    "interestIncome": 727000,
    "interestExpense": 10000000,
    "depreciationAndAmortization": 32000000,
    "ebitda": 233000000,
    "ebitdaratio": 0.6619318182,
    "operatingIncome": 200000000,
    "operatingIncomeRatio": 0.5681818182,
    "totalOtherIncomeExpensesNet": -9000000,
    "incomeBeforeTax": 191000000,
    "incomeBeforeTaxRatio": 0.5426136364,
    "incomeTaxExpense": 54000000,
    "netIncome": 135000000,
    "netIncomeRatio": 0.3835227273,
    "eps": 0.37,
    "epsdiluted": 0.37,
    "weightedAverageShsOut": 365000000,
    "weightedAverageShsOutDil": 365000000,
    "link": "",
    "finalLink": ""
  },
  {
    "date": "2012-12-31",
    "symbol": "ICE",
    "reportedCurrency": "USD",
    "cik": "0001571949",
    "fillingDate": "2012-12-31",
    "acceptedDate": "2012-12-30 19:00:00",
    "calendarYear": "2012",
    "period": "Q4",
    "revenue": 323371000,
    "costOfRevenue": 67785000,
    "grossProfit": 255586000,
    "grossProfitRatio": 0.7903800897,
    "researchAndDevelopmentExpenses": 0,
    "generalAndAdministrativeExpenses": 20308000,
    "sellingAndMarketingExpenses": 0,
    "sellingGeneralAndAdministrativeExpenses": 20308000,
    "otherExpenses": 42912000,
    "operatingExpenses": 63220000,
    "costAndExpenses": 131005000,
    "interestIncome": 612000,
    "interestExpense": 9790000,
    "depreciationAndAmortization": 33547000,
    "ebitda": 226731000,
    "ebitdaratio": 0.7011482168,
    "operatingIncome": 192366000,
    "operatingIncomeRatio": 0.5948770916,
    "totalOtherIncomeExpensesNet": -8972000,
    "incomeBeforeTax": 183394000,
    "incomeBeforeTaxRatio": 0.5671318702,
    "incomeTaxExpense": 50841000,
    "netIncome": 129472000,
    "netIncomeRatio": 0.4003822235,
    "eps": 0.36,
    "epsdiluted": 0.35,
    "weightedAverageShsOut": 363310000,
    "weightedAverageShsOutDil": 367245000,
    "link": "",
    "finalLink": ""
  },
  {
    "date": "2012-09-30",
    "symbol": "ICE",
    "reportedCurrency": "USD",
    "cik": "0001571949",
    "fillingDate": "2012-09-30",
    "acceptedDate": "2012-09-29 20:00:00",
    "calendarYear": "2012",
    "period": "Q3",
    "revenue": 323187000,
    "costOfRevenue": 72893000,
    "grossProfit": 250294000,
    "grossProfitRatio": 0.7744556557,
    "researchAndDevelopmentExpenses": 0,
    "generalAndAdministrativeExpenses": 21094000,
    "sellingAndMarketingExpenses": 0,
    "sellingGeneralAndAdministrativeExpenses": 21094000,
    "otherExpenses": 35149000,
    "operatingExpenses": 56243000,
    "costAndExpenses": 129136000,
    "interestIncome": 332000,
    "interestExpense": 9445000,
    "depreciationAndAmortization": 32864000,
    "ebitda": 226968000,
    "ebitdaratio": 0.7022807229,
    "operatingIncome": 194051000,
    "operatingIncomeRatio": 0.6004294727,
    "totalOtherIncomeExpensesNet": -9392000,
    "incomeBeforeTax": 184659000,
    "incomeBeforeTaxRatio": 0.5713688979,
    "incomeTaxExpense": 50552000,
    "netIncome": 131082000,
    "netIncomeRatio": 0.4055918091,
    "eps": 0.36,
    "epsdiluted": 0.36,
    "weightedAverageShsOut": 363945000,
    "weightedAverageShsOutDil": 367055000,
    "link": "",
    "finalLink": ""
  },
  {
    "date": "2012-06-30",
    "symbol": "ICE",
    "reportedCurrency": "USD",
    "cik": "0001571949",
    "fillingDate": "2012-06-30",
    "acceptedDate": "2012-06-29 20:00:00",
    "calendarYear": "2012",
    "period": "Q2",
    "revenue": 351213000,
    "costOfRevenue": 76460000,
    "grossProfit": 274753000,
    "grossProfitRatio": 0.7822973523,
    "researchAndDevelopmentExpenses": 0,
    "generalAndAdministrativeExpenses": 22983000,
    "sellingAndMarketingExpenses": 0,
    "sellingGeneralAndAdministrativeExpenses": 22983000,
    "otherExpenses": 36354000,
    "operatingExpenses": 59337000,
    "costAndExpenses": 135797000,
    "interestIncome": 442000,
    "interestExpense": 9599000,
    "depreciationAndAmortization": 32108000,
    "ebitda": 248271000,
    "ebitdaratio": 0.7068958154,
    "operatingIncome": 215416000,
    "operatingIncomeRatio": 0.6133485947,
    "totalOtherIncomeExpensesNet": -8852000,
    "incomeBeforeTax": 206564000,
    "incomeBeforeTaxRatio": 0.5881445163,
    "incomeTaxExpense": 61266000,
    "netIncome": 143157000,
    "netIncomeRatio": 0.4076073494,
    "eps": 0.39,
    "epsdiluted": 0.39,
    "weightedAverageShsOut": 363775000,
    "weightedAverageShsOutDil": 366715000,
    "link": "",
    "finalLink": ""
  },
  {
    "date": "2012-03-31",
    "symbol": "ICE",
    "reportedCurrency": "USD",
    "cik": "0001571949",
    "fillingDate": "2012-03-31",
    "acceptedDate": "2012-03-30 20:00:00",
    "calendarYear": "2012",
    "period": "Q1",
    "revenue": 365194000,
    "costOfRevenue": 79778000,
    "grossProfit": 285416000,
    "grossProfitRatio": 0.7815462467,
    "researchAndDevelopmentExpenses": 0,
    "generalAndAdministrativeExpenses": 24788000,
    "sellingAndMarketingExpenses": 0,
    "sellingGeneralAndAdministrativeExpenses": 24788000,
    "otherExpenses": 35446000,
    "operatingExpenses": 60234000,
    "costAndExpenses": 140012000,
    "interestIncome": 240000,
    "interestExpense": 10068000,
    "depreciationAndAmortization": 31983000,
    "ebitda": 257126000,
    "ebitdaratio": 0.7040805709,
    "operatingIncome": 225182000,
    "operatingIncomeRatio": 0.6166092543,
    "totalOtherIncomeExpensesNet": -10107000,
    "incomeBeforeTax": 215075000,
    "incomeBeforeTaxRatio": 0.5889335531,
    "incomeTaxExpense": 65296000,
    "netIncome": 147865000,
    "netIncomeRatio": 0.4048943849,
    "eps": 0.41,
    "epsdiluted": 0.4,
    "weightedAverageShsOut": 363205000,
    "weightedAverageShsOutDil": 366260000,
    "link": "",
    "finalLink": ""
  },
  {
    "date": "2011-12-31",
    "symbol": "ICE",
    "reportedCurrency": "USD",
    "cik": "0001571949",
    "fillingDate": "2011-12-31",
    "acceptedDate": "2011-12-30 19:00:00",
    "calendarYear": "2011",
    "period": "Q4",
    "revenue": 327215000,
    "costOfRevenue": 273506000,
    "grossProfit": 53709000,
    "grossProfitRatio": 0.1641397858,
    "researchAndDevelopmentExpenses": 0,
    "generalAndAdministrativeExpenses": -175152000,
    "sellingAndMarketingExpenses": 0,
    "sellingGeneralAndAdministrativeExpenses": -175152000,
    "otherExpenses": 34053000,
    "operatingExpenses": -141099000,
    "costAndExpenses": 132407000,
    "interestIncome": 270000,
    "interestExpense": 11276000,
    "depreciationAndAmortization": 33189000,
    "ebitda": 228077000,
    "ebitdaratio": 0.6970248919,
    "operatingIncome": 194808000,
    "operatingIncomeRatio": 0.5953516801,
    "totalOtherIncomeExpensesNet": -11196000,
    "incomeBeforeTax": 183612000,
    "incomeBeforeTaxRatio": 0.5611356448,
    "incomeTaxExpense": 53345000,
    "netIncome": 126773000,
    "netIncomeRatio": 0.3874302828,
    "eps": 0.35,
    "epsdiluted": 0.35,
    "weightedAverageShsOut": 359975000,
    "weightedAverageShsOutDil": 365695000,
    "link": "",
    "finalLink": ""
  },
  {
    "date": "2011-09-30",
    "symbol": "ICE",
    "reportedCurrency": "USD",
    "cik": "0001571949",
    "fillingDate": "2011-09-30",
    "acceptedDate": "2011-09-29 20:00:00",
    "calendarYear": "2011",
    "period": "Q3",
    "revenue": 340778000,
    "costOfRevenue": 76453000,
    "grossProfit": 264325000,
    "grossProfitRatio": 0.7756515972,
    "researchAndDevelopmentExpenses": 0,
    "generalAndAdministrativeExpenses": 21735000,
    "sellingAndMarketingExpenses": 0,
    "sellingGeneralAndAdministrativeExpenses": 21735000,
    "otherExpenses": 38541000,
    "operatingExpenses": 60276000,
    "costAndExpenses": 136729000,
    "interestIncome": 388000,
    "interestExpense": 8128000,
    "depreciationAndAmortization": 33095000,
    "ebitda": 237274000,
    "ebitdaratio": 0.6962714729,
    "operatingIncome": 204049000,
    "operatingIncomeRatio": 0.5987739819,
    "totalOtherIncomeExpensesNet": -7998000,
    "incomeBeforeTax": 196051000,
    "incomeBeforeTaxRatio": 0.575304157,
    "incomeTaxExpense": 59103000,
    "netIncome": 132631000,
    "netIncomeRatio": 0.3892005939,
    "eps": 0.36,
    "epsdiluted": 0.36,
    "weightedAverageShsOut": 365695000,
    "weightedAverageShsOutDil": 369180000,
    "link": "",
    "finalLink": ""
  },
  {
    "date": "2011-06-30",
    "symbol": "ICE",
    "reportedCurrency": "USD",
    "cik": "0001571949",
    "fillingDate": "2011-06-30",
    "acceptedDate": "2011-06-29 20:00:00",
    "calendarYear": "2011",
    "period": "Q2",
    "revenue": 325218000,
    "costOfRevenue": 74221000,
    "grossProfit": 250997000,
    "grossProfitRatio": 0.7717807747,
    "researchAndDevelopmentExpenses": 0,
    "generalAndAdministrativeExpenses": 21401000,
    "sellingAndMarketingExpenses": 0,
    "sellingGeneralAndAdministrativeExpenses": 21401000,
    "otherExpenses": 38714000,
    "operatingExpenses": 60115000,
    "costAndExpenses": 134336000,
    "interestIncome": 843000,
    "interestExpense": 7752000,
    "depreciationAndAmortization": 32837000,
    "ebitda": 224277000,
    "ebitdaratio": 0.6896205007,
    "operatingIncome": 190882000,
    "operatingIncomeRatio": 0.5869355325,
    "totalOtherIncomeExpensesNet": -7194000,
    "incomeBeforeTax": 183688000,
    "incomeBeforeTaxRatio": 0.5648149856,
    "incomeTaxExpense": 59316000,
    "netIncome": 121365000,
    "netIncomeRatio": 0.3731804513,
    "eps": 0.33,
    "epsdiluted": 0.33,
    "weightedAverageShsOut": 367185000,
    "weightedAverageShsOutDil": 370690000,
    "link": "",
    "finalLink": ""
  },
  {
    "date": "2011-03-31",
    "symbol": "ICE",
    "reportedCurrency": "USD",
    "cik": "0001571949",
    "fillingDate": "2011-03-31",
    "acceptedDate": "2011-03-30 20:00:00",
    "calendarYear": "2011",
    "period": "Q1",
    "revenue": 334280000,
    "costOfRevenue": 73163000,
    "grossProfit": 261117000,
    "grossProfitRatio": 0.7811325835,
    "researchAndDevelopmentExpenses": 0,
    "generalAndAdministrativeExpenses": 21226000,
    "sellingAndMarketingExpenses": 0,
    "sellingGeneralAndAdministrativeExpenses": 21226000,
    "otherExpenses": 36568000,
    "operatingExpenses": 57794000,
    "costAndExpenses": 130957000,
    "interestIncome": 988000,
    "interestExpense": 7743000,
    "depreciationAndAmortization": 33131000,
    "ebitda": 237166000,
    "ebitdaratio": 0.7094830681,
    "operatingIncome": 203323000,
    "operatingIncomeRatio": 0.6082415939,
    "totalOtherIncomeExpensesNet": -7031000,
    "incomeBeforeTax": 196292000,
    "incomeBeforeTaxRatio": 0.5872083283,
    "incomeTaxExpense": 66138000,
    "netIncome": 128904000,
    "netIncomeRatio": 0.3856168482,
    "eps": 0.35,
    "epsdiluted": 0.35,
    "weightedAverageShsOut": 367165000,
    "weightedAverageShsOutDil": 371005000,
    "link": "",
    "finalLink": ""
  },
  {
    "date": "2010-12-31",
    "symbol": "ICE",
    "reportedCurrency": "USD",
    "cik": "0001571949",
    "fillingDate": "2010-12-31",
    "acceptedDate": "2010-12-30 19:00:00",
    "calendarYear": "2010",
    "period": "Q4",
    "revenue": 285023000,
    "costOfRevenue": 8691000,
    "grossProfit": 276332000,
    "grossProfitRatio": 0.9695077239,
    "researchAndDevelopmentExpenses": 0,
    "generalAndAdministrativeExpenses": 84409000,
    "sellingAndMarketingExpenses": 0,
    "sellingGeneralAndAdministrativeExpenses": 84409000,
    "otherExpenses": 33342000,
    "operatingExpenses": 117751000,
    "costAndExpenses": 126442000,
    "interestIncome": 769000,
    "interestExpense": 7642000,
    "depreciationAndAmortization": 33342000,
    "ebitda": 191334000,
    "ebitdaratio": 0.6712931939,
    "operatingIncome": 158581000,
    "operatingIncomeRatio": 0.5563796606,
    "totalOtherIncomeExpensesNet": -8231000,
    "incomeBeforeTax": 150350000,
    "incomeBeforeTaxRatio": 0.5275012894,
    "incomeTaxExpense": 48541000,
    "netIncome": 99132000,
    "netIncomeRatio": 0.3478035106,
    "eps": 0.27,
    "epsdiluted": 0.27,
    "weightedAverageShsOut": 366005000,
    "weightedAverageShsOutDil": 368295000,
    "link": "",
    "finalLink": ""
  },
  {
    "date": "2010-09-30",
    "symbol": "ICE",
    "reportedCurrency": "USD",
    "cik": "0001571949",
    "fillingDate": "2010-09-30",
    "acceptedDate": "2010-09-29 20:00:00",
    "calendarYear": "2010",
    "period": "Q3",
    "revenue": 287146000,
    "costOfRevenue": 8262000,
    "grossProfit": 278884000,
    "grossProfitRatio": 0.9712271806,
    "researchAndDevelopmentExpenses": 0,
    "generalAndAdministrativeExpenses": 88568000,
    "sellingAndMarketingExpenses": 0,
    "sellingGeneralAndAdministrativeExpenses": 88568000,
    "otherExpenses": 38758000,
    "operatingExpenses": 127326000,
    "costAndExpenses": 135588000,
    "interestIncome": 478000,
    "interestExpense": 7511000,
    "depreciationAndAmortization": 31739000,
    "ebitda": 186491000,
    "ebitdaratio": 0.6494640357,
    "operatingIncome": 151558000,
    "operatingIncomeRatio": 0.5278081533,
    "totalOtherIncomeExpensesNet": -4317000,
    "incomeBeforeTax": 147241000,
    "incomeBeforeTaxRatio": 0.5127739895,
    "incomeTaxExpense": 47328000,
    "netIncome": 96315000,
    "netIncomeRatio": 0.3354217019,
    "eps": 0.26,
    "epsdiluted": 0.26,
    "weightedAverageShsOut": 368295000,
    "weightedAverageShsOutDil": 372215000,
    "link": "",
    "finalLink": ""
  },
  {
    "date": "2010-06-30",
    "symbol": "ICE",
    "reportedCurrency": "USD",
    "cik": "0001571949",
    "fillingDate": "2010-06-30",
    "acceptedDate": "2010-06-29 20:00:00",
    "calendarYear": "2010",
    "period": "Q2",
    "revenue": 296155000,
    "costOfRevenue": 9527000,
    "grossProfit": 286628000,
    "grossProfitRatio": 0.9678310344,
    "researchAndDevelopmentExpenses": 0,
    "generalAndAdministrativeExpenses": 80419000,
    "sellingAndMarketingExpenses": 0,
    "sellingGeneralAndAdministrativeExpenses": 80419000,
    "otherExpenses": 27914000,
    "operatingExpenses": 108333000,
    "costAndExpenses": 117860000,
    "interestIncome": 340000,
    "interestExpense": 7502000,
    "depreciationAndAmortization": 27914000,
    "ebitda": 191232000,
    "ebitdaratio": 0.6457159258,
    "operatingIncome": 178295000,
    "operatingIncomeRatio": 0.6020327194,
    "totalOtherIncomeExpensesNet": -22479000,
    "incomeBeforeTax": 155816000,
    "incomeBeforeTaxRatio": 0.5261298982,
    "incomeTaxExpense": 53289000,
    "netIncome": 101688000,
    "netIncomeRatio": 0.3433607402,
    "eps": 0.27,
    "epsdiluted": 0.27,
    "weightedAverageShsOut": 369800000,
    "weightedAverageShsOutDil": 373815000,
    "link": "",
    "finalLink": ""
  },
  {
    "date": "2010-03-31",
    "symbol": "ICE",
    "reportedCurrency": "USD",
    "cik": "0001571949",
    "fillingDate": "2010-03-31",
    "acceptedDate": "2010-03-30 20:00:00",
    "calendarYear": "2010",
    "period": "Q1",
    "revenue": 281620000,
    "costOfRevenue": 9094000,
    "grossProfit": 272526000,
    "grossProfitRatio": 0.9677082594,
    "researchAndDevelopmentExpenses": 0,
    "generalAndAdministrativeExpenses": 80497000,
    "sellingAndMarketingExpenses": 0,
    "sellingGeneralAndAdministrativeExpenses": 80497000,
    "otherExpenses": 28214000,
    "operatingExpenses": 108711000,
    "costAndExpenses": 117805000,
    "interestIncome": 726000,
    "interestExpense": 7110000,
    "depreciationAndAmortization": 28214000,
    "ebitda": 192059000,
    "ebitdaratio": 0.6819792628,
    "operatingIncome": 163815000,
    "operatingIncomeRatio": 0.5816880903,
    "totalOtherIncomeExpensesNet": -7080000,
    "incomeBeforeTax": 156735000,
    "incomeBeforeTaxRatio": 0.5565478304,
    "incomeTaxExpense": 53217000,
    "netIncome": 101163000,
    "netIncomeRatio": 0.3592180953,
    "eps": 0.27,
    "epsdiluted": 0.27,
    "weightedAverageShsOut": 368380000,
    "weightedAverageShsOutDil": 372635000,
    "link": "",
    "finalLink": ""
  },
  {
    "date": "2009-12-31",
    "symbol": "ICE",
    "reportedCurrency": "USD",
    "cik": "0001571949",
    "fillingDate": "2009-12-31",
    "acceptedDate": "2009-12-30 19:00:00",
    "calendarYear": "2009",
    "period": "Q4",
    "revenue": 256554000,
    "costOfRevenue": 9649000,
    "grossProfit": 246905000,
    "grossProfitRatio": 0.9623899842,
    "researchAndDevelopmentExpenses": 0,
    "generalAndAdministrativeExpenses": 94428000,
    "sellingAndMarketingExpenses": 0,
    "sellingGeneralAndAdministrativeExpenses": 94428000,
    "otherExpenses": 28607000,
    "operatingExpenses": 123035000,
    "costAndExpenses": 132684000,
    "interestIncome": 709000,
    "interestExpense": 6388000,
    "depreciationAndAmortization": 28607000,
    "ebitda": 164396000,
    "ebitdaratio": 0.6407851758,
    "operatingIncome": 123870000,
    "operatingIncomeRatio": 0.4828223298,
    "totalOtherIncomeExpensesNet": 5531000,
    "incomeBeforeTax": 129401000,
    "incomeBeforeTaxRatio": 0.5043811439,
    "incomeTaxExpense": 46409000,
    "netIncome": 84254000,
    "netIncomeRatio": 0.3284064953,
    "eps": 0.23,
    "epsdiluted": 0.23,
    "weightedAverageShsOut": 365685000,
    "weightedAverageShsOutDil": 365685000,
    "link": "",
    "finalLink": ""
  },
  {
    "date": "2009-09-30",
    "symbol": "ICE",
    "reportedCurrency": "USD",
    "cik": "0001571949",
    "fillingDate": "2009-09-30",
    "acceptedDate": "2009-09-29 20:00:00",
    "calendarYear": "2009",
    "period": "Q3",
    "revenue": 256264000,
    "costOfRevenue": 9866000,
    "grossProfit": 246398000,
    "grossProfitRatio": 0.96150064,
    "researchAndDevelopmentExpenses": 0,
    "generalAndAdministrativeExpenses": 78541000,
    "sellingAndMarketingExpenses": 0,
    "sellingGeneralAndAdministrativeExpenses": 78541000,
    "otherExpenses": 27868000,
    "operatingExpenses": 106409000,
    "costAndExpenses": 116275000,
    "interestIncome": 298000,
    "interestExpense": 4374000,
    "depreciationAndAmortization": 27868000,
    "ebitda": 169648000,
    "ebitdaratio": 0.6620048075,
    "operatingIncome": 139989000,
    "operatingIncomeRatio": 0.5462686917,
    "totalOtherIncomeExpensesNet": -2583000,
    "incomeBeforeTax": 137406000,
    "incomeBeforeTaxRatio": 0.5361892423,
    "incomeTaxExpense": 50524000,
    "netIncome": 87454000,
    "netIncomeRatio": 0.3412652577,
    "eps": 0.24,
    "epsdiluted": 0.24,
    "weightedAverageShsOut": 365685000,
    "weightedAverageShsOutDil": 371020000,
    "link": "",
    "finalLink": ""
  },
  {
    "date": "2009-06-30",
    "symbol": "ICE",
    "reportedCurrency": "USD",
    "cik": "0001571949",
    "fillingDate": "2009-06-30",
    "acceptedDate": "2009-06-29 20:00:00",
    "calendarYear": "2009",
    "period": "Q2",
    "revenue": 250417000,
    "costOfRevenue": 55597000,
    "grossProfit": 194820000,
    "grossProfitRatio": 0.7779823255,
    "researchAndDevelopmentExpenses": 0,
    "generalAndAdministrativeExpenses": 31751000,
    "sellingAndMarketingExpenses": 0,
    "sellingGeneralAndAdministrativeExpenses": 31751000,
    "otherExpenses": 28108000,
    "operatingExpenses": 59859000,
    "costAndExpenses": 115456000,
    "interestIncome": 344000,
    "interestExpense": 6906000,
    "depreciationAndAmortization": 27579000,
    "ebitda": 152307000,
    "ebitdaratio": 0.6082134999,
    "operatingIncome": 134961000,
    "operatingIncomeRatio": 0.5389450397,
    "totalOtherIncomeExpensesNet": -17139000,
    "incomeBeforeTax": 117822000,
    "incomeBeforeTaxRatio": 0.4705032007,
    "incomeTaxExpense": 45764000,
    "netIncome": 72058000,
    "netIncomeRatio": 0.2877520296,
    "eps": 0.2,
    "epsdiluted": 0.19,
    "weightedAverageShsOut": 364460000,
    "weightedAverageShsOutDil": 370370000,
    "link": "",
    "finalLink": ""
  },
  {
    "date": "2009-03-31",
    "symbol": "ICE",
    "reportedCurrency": "USD",
    "cik": "0001571949",
    "fillingDate": "2009-03-31",
    "acceptedDate": "2009-03-30 20:00:00",
    "calendarYear": "2009",
    "period": "Q1",
    "revenue": 231553000,
    "costOfRevenue": 12839000,
    "grossProfit": 218714000,
    "grossProfitRatio": 0.944552651,
    "researchAndDevelopmentExpenses": 0,
    "generalAndAdministrativeExpenses": 77612000,
    "sellingAndMarketingExpenses": 0,
    "sellingGeneralAndAdministrativeExpenses": 77612000,
    "otherExpenses": 27303000,
    "operatingExpenses": 104915000,
    "costAndExpenses": 117754000,
    "interestIncome": 610000,
    "interestExpense": 5254000,
    "depreciationAndAmortization": 27303000,
    "ebitda": 141633000,
    "ebitdaratio": 0.6116655798,
    "operatingIncome": 113799000,
    "operatingIncomeRatio": 0.4914598386,
    "totalOtherIncomeExpensesNet": -4723000,
    "incomeBeforeTax": 109076000,
    "incomeBeforeTaxRatio": 0.4710627804,
    "incomeTaxExpense": 36854000,
    "netIncome": 72222000,
    "netIncomeRatio": 0.3119026745,
    "eps": 0.2,
    "epsdiluted": 0.2,
    "weightedAverageShsOut": 363355000,
    "weightedAverageShsOutDil": 368030000,
    "link": "",
    "finalLink": ""
  },
  {
    "date": "2008-12-31",
    "symbol": "ICE",
    "reportedCurrency": "USD",
    "cik": "0001571949",
    "fillingDate": "2008-12-31",
    "acceptedDate": "2008-12-30 19:00:00",
    "calendarYear": "2008",
    "period": "Q4",
    "revenue": 207260000,
    "costOfRevenue": 63720000,
    "grossProfit": 143540000,
    "grossProfitRatio": 0.6925600695,
    "researchAndDevelopmentExpenses": 0,
    "generalAndAdministrativeExpenses": 0,
    "sellingAndMarketingExpenses": 0,
    "sellingGeneralAndAdministrativeExpenses": 20157000,
    "otherExpenses": 26056000,
    "operatingExpenses": 46213000,
    "costAndExpenses": 109933000,
    "interestIncome": 0,
    "interestExpense": 0,
    "depreciationAndAmortization": 26821000,
    "ebitda": 124148000,
    "ebitdaratio": 0.5989964296,
    "operatingIncome": 97327000,
    "operatingIncomeRatio": 0.4695889221,
    "totalOtherIncomeExpensesNet": -16171000,
    "incomeBeforeTax": 81156000,
    "incomeBeforeTaxRatio": 0.3915661488,
    "incomeTaxExpense": 32301000,
    "netIncome": 48855000,
    "netIncomeRatio": 0.2357184213,
    "eps": 0.14,
    "epsdiluted": 0.14,
    "weightedAverageShsOut": 357415000,
    "weightedAverageShsOutDil": 357415000,
    "link": "",
    "finalLink": ""
  },
  {
    "date": "2008-09-30",
    "symbol": "ICE",
    "reportedCurrency": "USD",
    "cik": "0001571949",
    "fillingDate": "2008-09-30",
    "acceptedDate": "2008-09-29 20:00:00",
    "calendarYear": "2008",
    "period": "Q3",
    "revenue": 201444000,
    "costOfRevenue": 9089000,
    "grossProfit": 192355000,
    "grossProfitRatio": 0.9548807609,
    "researchAndDevelopmentExpenses": 0,
    "generalAndAdministrativeExpenses": 58812000,
    "sellingAndMarketingExpenses": 0,
    "sellingGeneralAndAdministrativeExpenses": 58812000,
    "otherExpenses": 14401000,
    "operatingExpenses": 73213000,
    "costAndExpenses": 82302000,
    "interestIncome": 3297000,
    "interestExpense": 4438000,
    "depreciationAndAmortization": 14401000,
    "ebitda": 137121000,
    "ebitdaratio": 0.6806904152,
    "operatingIncome": 119142000,
    "operatingIncomeRatio": 0.5914398046,
    "totalOtherIncomeExpensesNet": -860000,
    "incomeBeforeTax": 118282000,
    "incomeBeforeTaxRatio": 0.5871706281,
    "incomeTaxExpense": 43319000,
    "netIncome": 74963000,
    "netIncomeRatio": 0.3721282341,
    "eps": 0.21,
    "epsdiluted": 0.21,
    "weightedAverageShsOut": 357415000,
    "weightedAverageShsOutDil": 362120000,
    "link": "",
    "finalLink": ""
  },
  {
    "date": "2008-06-30",
    "symbol": "ICE",
    "reportedCurrency": "USD",
    "cik": "0001571949",
    "fillingDate": "2008-06-30",
    "acceptedDate": "2008-06-29 20:00:00",
    "calendarYear": "2008",
    "period": "Q2",
    "revenue": 197160000,
    "costOfRevenue": 6928000,
    "grossProfit": 190232000,
    "grossProfitRatio": 0.9648610266,
    "researchAndDevelopmentExpenses": 0,
    "generalAndAdministrativeExpenses": 46603000,
    "sellingAndMarketingExpenses": 0,
    "sellingGeneralAndAdministrativeExpenses": 46603000,
    "otherExpenses": 10844000,
    "operatingExpenses": 57447000,
    "costAndExpenses": 64375000,
    "interestIncome": 2925000,
    "interestExpense": 4041000,
    "depreciationAndAmortization": 10844000,
    "ebitda": 146524000,
    "ebitdaratio": 0.7431730574,
    "operatingIncome": 132785000,
    "operatingIncomeRatio": 0.6734885372,
    "totalOtherIncomeExpensesNet": -1146000,
    "incomeBeforeTax": 131639000,
    "incomeBeforeTaxRatio": 0.6676759992,
    "incomeTaxExpense": 46775000,
    "netIncome": 84864000,
    "netIncomeRatio": 0.4304321363,
    "eps": 0.24,
    "epsdiluted": 0.24,
    "weightedAverageShsOut": 352980000,
    "weightedAverageShsOutDil": 357015000,
    "link": "",
    "finalLink": ""
  },
  {
    "date": "2008-03-31",
    "symbol": "ICE",
    "reportedCurrency": "USD",
    "cik": "0001571949",
    "fillingDate": "2008-03-31",
    "acceptedDate": "2008-03-30 20:00:00",
    "calendarYear": "2008",
    "period": "Q1",
    "revenue": 207214000,
    "costOfRevenue": 6972000,
    "grossProfit": 200242000,
    "grossProfitRatio": 0.9663536248,
    "researchAndDevelopmentExpenses": 0,
    "generalAndAdministrativeExpenses": 45016000,
    "sellingAndMarketingExpenses": 0,
    "sellingGeneralAndAdministrativeExpenses": 45016000,
    "otherExpenses": 10946000,
    "operatingExpenses": 55962000,
    "costAndExpenses": 62934000,
    "interestIncome": 2919000,
    "interestExpense": 5134000,
    "depreciationAndAmortization": 10946000,
    "ebitda": 158499000,
    "ebitdaratio": 0.7649048809,
    "operatingIncome": 144280000,
    "operatingIncomeRatio": 0.696285,
    "totalOtherIncomeExpensesNet": -1861000,
    "incomeBeforeTax": 142419000,
    "incomeBeforeTaxRatio": 0.6873039466,
    "incomeTaxExpense": 50129000,
    "netIncome": 92290000,
    "netIncomeRatio": 0.4453849643,
    "eps": 0.26,
    "epsdiluted": 0.26,
    "weightedAverageShsOut": 351805000,
    "weightedAverageShsOutDil": 356740000,
    "link": "",
    "finalLink": ""
  },
  {
    "date": "2007-12-31",
    "symbol": "ICE",
    "reportedCurrency": "USD",
    "cik": "0001571949",
    "fillingDate": "2007-12-31",
    "acceptedDate": "2007-12-30 19:00:00",
    "calendarYear": "2007",
    "period": "Q4",
    "revenue": 159296000,
    "costOfRevenue": 41438000,
    "grossProfit": 117858000,
    "grossProfitRatio": 0.7398679188,
    "researchAndDevelopmentExpenses": 0,
    "generalAndAdministrativeExpenses": 0,
    "sellingAndMarketingExpenses": 0,
    "sellingGeneralAndAdministrativeExpenses": 11752000,
    "otherExpenses": 9579000,
    "operatingExpenses": 21331000,
    "costAndExpenses": 62769000,
    "interestIncome": 0,
    "interestExpense": 0,
    "depreciationAndAmortization": 9785000,
    "ebitda": 106345000,
    "ebitdaratio": 0.6675936621,
    "operatingIncome": 96527000,
    "operatingIncomeRatio": 0.6059599739,
    "totalOtherIncomeExpensesNet": -438000,
    "incomeBeforeTax": 96089000,
    "incomeBeforeTaxRatio": 0.6032103757,
    "incomeTaxExpense": 31437000,
    "netIncome": 64652000,
    "netIncomeRatio": 0.4058607875,
    "eps": 0.19,
    "epsdiluted": 0.19,
    "weightedAverageShsOut": 347195000,
    "weightedAverageShsOutDil": 347195000,
    "link": "",
    "finalLink": ""
  },
  {
    "date": "2007-09-30",
    "symbol": "ICE",
    "reportedCurrency": "USD",
    "cik": "0001571949",
    "fillingDate": "2007-09-30",
    "acceptedDate": "2007-09-29 20:00:00",
    "calendarYear": "2007",
    "period": "Q3",
    "revenue": 151735000,
    "costOfRevenue": 29659000,
    "grossProfit": 122076000,
    "grossProfitRatio": 0.8045342208,
    "researchAndDevelopmentExpenses": 0,
    "generalAndAdministrativeExpenses": 0,
    "sellingAndMarketingExpenses": 0,
    "sellingGeneralAndAdministrativeExpenses": 12170000,
    "otherExpenses": 9042000,
    "operatingExpenses": 21212000,
    "costAndExpenses": 50871000,
    "interestIncome": 0,
    "interestExpense": 0,
    "depreciationAndAmortization": 9065000,
    "ebitda": 110073000,
    "ebitdaratio": 0.7254292022,
    "operatingIncome": 100864000,
    "operatingIncomeRatio": 0.6647378654,
    "totalOtherIncomeExpensesNet": -1590000,
    "incomeBeforeTax": 99274000,
    "incomeBeforeTaxRatio": 0.6542590701,
    "incomeTaxExpense": 32593000,
    "netIncome": 66681000,
    "netIncomeRatio": 0.439456948,
    "eps": 0.19,
    "epsdiluted": 0.19,
    "weightedAverageShsOut": 347195000,
    "weightedAverageShsOutDil": 356735000,
    "link": "",
    "finalLink": ""
  },
  {
    "date": "2007-06-30",
    "symbol": "ICE",
    "reportedCurrency": "USD",
    "cik": "0001571949",
    "fillingDate": "2007-06-30",
    "acceptedDate": "2007-06-29 20:00:00",
    "calendarYear": "2007",
    "period": "Q2",
    "revenue": 136654000,
    "costOfRevenue": 28431000,
    "grossProfit": 108223000,
    "grossProfitRatio": 0.7919490099,
    "researchAndDevelopmentExpenses": 0,
    "generalAndAdministrativeExpenses": 0,
    "sellingAndMarketingExpenses": 0,
    "sellingGeneralAndAdministrativeExpenses": 13002000,
    "otherExpenses": 18692000,
    "operatingExpenses": 31694000,
    "costAndExpenses": 60125000,
    "interestIncome": 0,
    "interestExpense": 0,
    "depreciationAndAmortization": 7902000,
    "ebitda": 95375000,
    "ebitdaratio": 0.6979305399,
    "operatingIncome": 76529000,
    "operatingIncomeRatio": 0.560020197,
    "totalOtherIncomeExpensesNet": -1322000,
    "incomeBeforeTax": 75207000,
    "incomeBeforeTaxRatio": 0.5503461296,
    "incomeTaxExpense": 21514000,
    "netIncome": 53693000,
    "netIncomeRatio": 0.392912026,
    "eps": 0.16,
    "epsdiluted": 0.15,
    "weightedAverageShsOut": 346025000,
    "weightedAverageShsOutDil": 356140000,
    "link": "",
    "finalLink": ""
  },
  {
    "date": "2007-03-31",
    "symbol": "ICE",
    "reportedCurrency": "USD",
    "cik": "0001571949",
    "fillingDate": "2007-03-31",
    "acceptedDate": "2007-03-30 20:00:00",
    "calendarYear": "2007",
    "period": "Q1",
    "revenue": 126608000,
    "costOfRevenue": 28326000,
    "grossProfit": 98282000,
    "grossProfitRatio": 0.7762700619,
    "researchAndDevelopmentExpenses": 0,
    "generalAndAdministrativeExpenses": 0,
    "sellingAndMarketingExpenses": 0,
    "sellingGeneralAndAdministrativeExpenses": 12130000,
    "otherExpenses": 6509000,
    "operatingExpenses": 18639000,
    "costAndExpenses": 46965000,
    "interestIncome": 0,
    "interestExpense": 0,
    "depreciationAndAmortization": 6647000,
    "ebitda": 86290000,
    "ebitdaratio": 0.6815525085,
    "operatingIncome": 79643000,
    "operatingIncomeRatio": 0.6290518767,
    "totalOtherIncomeExpensesNet": 8221000,
    "incomeBeforeTax": 87864000,
    "incomeBeforeTaxRatio": 0.6939845823,
    "incomeTaxExpense": 32278000,
    "netIncome": 55586000,
    "netIncomeRatio": 0.439040187,
    "eps": 0.16,
    "epsdiluted": 0.16,
    "weightedAverageShsOut": 337670000,
    "weightedAverageShsOutDil": 348790000,
    "link": "",
    "finalLink": ""
  },
  {
    "date": "2006-12-31",
    "symbol": "ICE",
    "reportedCurrency": "USD",
    "cik": "0001571949",
    "fillingDate": "2006-12-31",
    "acceptedDate": "2006-12-30 19:00:00",
    "calendarYear": "2006",
    "period": "Q4",
    "revenue": 95264000,
    "costOfRevenue": 19562000,
    "grossProfit": 75702000,
    "grossProfitRatio": 0.7946548539,
    "researchAndDevelopmentExpenses": 0,
    "generalAndAdministrativeExpenses": 0,
    "sellingAndMarketingExpenses": 0,
    "sellingGeneralAndAdministrativeExpenses": 7628000,
    "otherExpenses": 3889000,
    "operatingExpenses": 11517000,
    "costAndExpenses": 31079000,
    "interestIncome": 0,
    "interestExpense": 0,
    "depreciationAndAmortization": 3939000,
    "ebitda": 68124000,
    "ebitdaratio": 0.7151074908,
    "operatingIncome": 64185000,
    "operatingIncomeRatio": 0.6737592375,
    "totalOtherIncomeExpensesNet": 3215000,
    "incomeBeforeTax": 67400000,
    "incomeBeforeTaxRatio": 0.7075075579,
    "incomeTaxExpense": 18408000,
    "netIncome": 48992000,
    "netIncomeRatio": 0.5142761169,
    "eps": 0.17,
    "epsdiluted": 0.17,
    "weightedAverageShsOut": 283960000,
    "weightedAverageShsOutDil": 283960000,
    "link": "",
    "finalLink": ""
  },
  {
    "date": "2006-09-30",
    "symbol": "ICE",
    "reportedCurrency": "USD",
    "cik": "0001571949",
    "fillingDate": "2006-09-30",
    "acceptedDate": "2006-09-29 20:00:00",
    "calendarYear": "2006",
    "period": "Q3",
    "revenue": 94662000,
    "costOfRevenue": 18936000,
    "grossProfit": 75726000,
    "grossProfitRatio": 0.79996197,
    "researchAndDevelopmentExpenses": 0,
    "generalAndAdministrativeExpenses": 0,
    "sellingAndMarketingExpenses": 0,
    "sellingGeneralAndAdministrativeExpenses": 7017000,
    "otherExpenses": 3327000,
    "operatingExpenses": 10344000,
    "costAndExpenses": 29280000,
    "interestIncome": 0,
    "interestExpense": 0,
    "depreciationAndAmortization": 3351000,
    "ebitda": 68733000,
    "ebitdaratio": 0.72608861,
    "operatingIncome": 65382000,
    "operatingIncomeRatio": 0.6906889776,
    "totalOtherIncomeExpensesNet": 2731000,
    "incomeBeforeTax": 68113000,
    "incomeBeforeTaxRatio": 0.7195389914,
    "incomeTaxExpense": 24467000,
    "netIncome": 43646000,
    "netIncomeRatio": 0.4610720247,
    "eps": 0.15,
    "epsdiluted": 0.15,
    "weightedAverageShsOut": 283960000,
    "weightedAverageShsOutDil": 298060000,
    "link": "",
    "finalLink": ""
  },
  {
    "date": "2006-06-30",
    "symbol": "ICE",
    "reportedCurrency": "USD",
    "cik": "0001571949",
    "fillingDate": "2006-06-30",
    "acceptedDate": "2006-06-29 20:00:00",
    "calendarYear": "2006",
    "period": "Q2",
    "revenue": 73591000,
    "costOfRevenue": 15167000,
    "grossProfit": 58424000,
    "grossProfitRatio": 0.7939014282,
    "researchAndDevelopmentExpenses": 0,
    "generalAndAdministrativeExpenses": 0,
    "sellingAndMarketingExpenses": 0,
    "sellingGeneralAndAdministrativeExpenses": 7699000,
    "otherExpenses": 3309000,
    "operatingExpenses": 11008000,
    "costAndExpenses": 26175000,
    "interestIncome": 0,
    "interestExpense": 0,
    "depreciationAndAmortization": 3345000,
    "ebitda": 50761000,
    "ebitdaratio": 0.6897718471,
    "operatingIncome": 47416000,
    "operatingIncomeRatio": 0.6443179193,
    "totalOtherIncomeExpensesNet": 853000,
    "incomeBeforeTax": 48269000,
    "incomeBeforeTaxRatio": 0.6559090106,
    "incomeTaxExpense": 17302000,
    "netIncome": 30967000,
    "netIncomeRatio": 0.420798739,
    "eps": 0.11,
    "epsdiluted": 0.1,
    "weightedAverageShsOut": 279355000,
    "weightedAverageShsOutDil": 296045000,
    "link": "",
    "finalLink": ""
  },
  {
    "date": "2006-03-31",
    "symbol": "ICE",
    "reportedCurrency": "USD",
    "cik": "0001571949",
    "fillingDate": "2006-03-31",
    "acceptedDate": "2006-03-30 19:00:00",
    "calendarYear": "2006",
    "period": "Q1",
    "revenue": 50282000,
    "costOfRevenue": 14321000,
    "grossProfit": 35961000,
    "grossProfitRatio": 0.715186349,
    "researchAndDevelopmentExpenses": 0,
    "generalAndAdministrativeExpenses": 0,
    "sellingAndMarketingExpenses": 0,
    "sellingGeneralAndAdministrativeExpenses": 5120000,
    "otherExpenses": 3188000,
    "operatingExpenses": 8308000,
    "costAndExpenses": 22629000,
    "interestIncome": 0,
    "interestExpense": 0,
    "depreciationAndAmortization": 3226000,
    "ebitda": 30879000,
    "ebitdaratio": 0.6141163836,
    "operatingIncome": 27653000,
    "operatingIncomeRatio": 0.5499582356,
    "totalOtherIncomeExpensesNet": 1108000,
    "incomeBeforeTax": 28761000,
    "incomeBeforeTaxRatio": 0.5719939541,
    "incomeTaxExpense": 9097000,
    "netIncome": 19664000,
    "netIncomeRatio": 0.3910743407,
    "eps": 0.07,
    "epsdiluted": 0.066,
    "weightedAverageShsOut": 277665000,
    "weightedAverageShsOutDil": 294860000,
    "link": "",
    "finalLink": ""
  }
]