[
  {
    "date": "2024-12-31",
    "symbol": "ICE",
    "reportedCurrency": "USD",
    "cik": "0001571949",
    "fillingDate": "2025-02-06",
    "acceptedDate": "2025-02-06 08:26:34",
    "calendarYear": "2024",
    "period": "FY",
    "revenue": 11761000000,
    "costOfRevenue": 5239000000,
    "grossProfit": 6522000000,
    "grossProfitRatio": 0.5545446816,
    "researchAndDevelopmentExpenses": 0,
    "generalAndAdministrativeExpenses": 572000000,
    "sellingAndMarketingExpenses": 0,
    "sellingGeneralAndAdministrativeExpenses": 572000000,
    "otherExpenses": 1641000000,
    "operatingExpenses": 2213000000,
    "costAndExpenses": 7452000000,
    "interestIncome": 141000000,
    "interestExpense": 910000000,
    "depreciationAndAmortization": 1537000000,
    "ebitda": 6075000000,
    "ebitdaratio": 0.5165377094,
    "operatingIncome": 4309000000,
    "operatingIncomeRatio": 0.3663804098,
    "totalOtherIncomeExpensesNet": -681000000,
    "incomeBeforeTax": 3628000000,
    "incomeBeforeTaxRatio": 0.3084771703,
    "incomeTaxExpense": 826000000,
    "netIncome": 2754000000,
    "netIncomeRatio": 0.2341637616,
    "eps": 4.8,
    "epsdiluted": 4.78,
    "weightedAverageShsOut": 573000000,
    "weightedAverageShsOutDil": 576000000,
    "link": "https://www.sec.gov/Archives/edgar/data/1571949/000157194925000003/0001571949-25-000003-index.htm",
    "finalLink": "https://www.sec.gov/Archives/edgar/data/1571949/000157194925000003/ice-20241231.htm"
  },
  {
    "date": "2023-12-31",
    "symbol": "ICE",
    "reportedCurrency": "USD",
    "cik": "0001571949",
    "fillingDate": "2024-02-08",
    "acceptedDate": "2024-02-08 08:32:20",
    "calendarYear": "2023",
    "period": "FY",
    "revenue": 9903000000,
    "costOfRevenue": 4244000000,
    "grossProfit": 5659000000,
    "grossProfitRatio": 0.5714429971,
    "researchAndDevelopmentExpenses": 0,
    "generalAndAdministrativeExpenses": 481000000,
    "sellingAndMarketingExpenses": 0,
    "sellingGeneralAndAdministrativeExpenses": 481000000,
    "otherExpenses": 1484000000,
    "operatingExpenses": 1965000000,
    "costAndExpenses": 6209000000,
    "interestIncome": 319000000,
    "interestExpense": 808000000,
    "depreciationAndAmortization": 1215000000,
    "ebitda": 4917000000,
    "ebitdaratio": 0.4965162072,
    "operatingIncome": 3694000000,
    "operatingIncomeRatio": 0.3730182773,
    "totalOtherIncomeExpensesNet": -800000000,
    "incomeBeforeTax": 2894000000,
    "incomeBeforeTaxRatio": 0.2922346764,
    "incomeTaxExpense": 456000000,
    "netIncome": 2368000000,
    "netIncomeRatio": 0.2391194587,
    "eps": 4.2,
    "epsdiluted": 4.19,
    "weightedAverageShsOut": 564000000,
    "weightedAverageShsOutDil": 565000000,
    "link": "https://www.sec.gov/Archives/edgar/data/1571949/000157194924000007/0001571949-24-000007-index.htm",
    "finalLink": "https://www.sec.gov/Archives/edgar/data/1571949/000157194924000007/ice-20231231.htm"
  },
  {
    "date": "2022-12-31",
    "symbol": "ICE",
    "reportedCurrency": "USD",
    "cik": "0001571949",
    "fillingDate": "2023-02-02",
    "acceptedDate": "2023-02-02 08:32:09",
    "calendarYear": "2022",
    "period": "FY",
    "revenue": 9636000000,
    "costOfRevenue": 4434000000,
    "grossProfit": 5202000000,
    "grossProfitRatio": 0.5398505604,
    "researchAndDevelopmentExpenses": 0,
    "generalAndAdministrativeExpenses": 440000000,
    "sellingAndMarketingExpenses": 0,
    "sellingGeneralAndAdministrativeExpenses": 440000000,
    "otherExpenses": 1124000000,
    "operatingExpenses": 1564000000,
    "costAndExpenses": 5998000000,
    "interestIncome": 108000000,
    "interestExpense": 616000000,
    "depreciationAndAmortization": 1031000000,
    "ebitda": 3455000000,
    "ebitdaratio": 0.3585512661,
    "operatingIncome": 3638000000,
    "operatingIncomeRatio": 0.3775425488,
    "totalOtherIncomeExpensesNet": -1830000000,
    "incomeBeforeTax": 1808000000,
    "incomeBeforeTaxRatio": 0.1876297219,
    "incomeTaxExpense": 310000000,
    "netIncome": 1446000000,
    "netIncomeRatio": 0.1500622665,
    "eps": 2.59,
    "epsdiluted": 2.58,
    "weightedAverageShsOut": 559000000,
    "weightedAverageShsOutDil": 561000000,
    "link": "https://www.sec.gov/Archives/edgar/data/1571949/000157194923000006/0001571949-23-000006-index.htm",
    "finalLink": "https://www.sec.gov/Archives/edgar/data/1571949/000157194923000006/ice-20221231.htm"
  },
  {
    "date": "2021-12-31",
    "symbol": "ICE",
    "reportedCurrency": "USD",
    "cik": "0001571949",
    "fillingDate": "2022-02-03",
    "acceptedDate": "2022-02-03 08:33:47",
    "calendarYear": "2021",
    "period": "FY",
    "revenue": 9168000000,
    "costOfRevenue": 4150000000,
    "grossProfit": 5018000000,
    "grossProfitRatio": 0.5473385689,
    "researchAndDevelopmentExpenses": 0,
    "generalAndAdministrativeExpenses": 458000000,
    "sellingAndMarketingExpenses": 0,
    "sellingGeneralAndAdministrativeExpenses": 458000000,
    "otherExpenses": 1111000000,
    "operatingExpenses": 1569000000,
    "costAndExpenses": 5719000000,
    "interestIncome": 1000000,
    "interestExpense": 423000000,
    "depreciationAndAmortization": 1009000000,
    "ebitda": 7130000000,
    "ebitdaratio": 0.7777050611,
    "operatingIncome": 3449000000,
    "operatingIncomeRatio": 0.3761998255,
    "totalOtherIncomeExpensesNet": 2249000000,
    "incomeBeforeTax": 5698000000,
    "incomeBeforeTaxRatio": 0.6215095986,
    "incomeTaxExpense": 1629000000,
    "netIncome": 4058000000,
    "netIncomeRatio": 0.4426265271,
    "eps": 7.22,
    "epsdiluted": 7.18,
    "weightedAverageShsOut": 562000000,
    "weightedAverageShsOutDil": 565000000,
    "link": "https://www.sec.gov/Archives/edgar/data/1571949/000157194922000006/0001571949-22-000006-index.htm",
    "finalLink": "https://www.sec.gov/Archives/edgar/data/1571949/000157194922000006/ice-20211231.htm"
  },
  {
    "date": "2020-12-31",
    "symbol": "ICE",
    "reportedCurrency": "USD",
    "cik": "0001571949",
    "fillingDate": "2021-02-04",
    "acceptedDate": "2021-02-04 08:29:58",
    "calendarYear": "2020",
    "period": "FY",
    "revenue": 8244000000,
    "costOfRevenue": 3945000000,
    "grossProfit": 4299000000,
    "grossProfitRatio": 0.5214701601,
    "researchAndDevelopmentExpenses": 0,
    "generalAndAdministrativeExpenses": 410000000,
    "sellingAndMarketingExpenses": 0,
    "sellingGeneralAndAdministrativeExpenses": 410000000,
    "otherExpenses": 856000000,
    "operatingExpenses": 1266000000,
    "costAndExpenses": 5211000000,
    "interestIncome": 10000000,
    "interestExpense": 357000000,
    "depreciationAndAmortization": 751000000,
    "ebitda": 3874000000,
    "ebitdaratio": 0.4699175158,
    "operatingIncome": 3033000000,
    "operatingIncomeRatio": 0.3679039301,
    "totalOtherIncomeExpensesNet": -267000000,
    "incomeBeforeTax": 2766000000,
    "incomeBeforeTaxRatio": 0.3355167394,
    "incomeTaxExpense": 658000000,
    "netIncome": 2089000000,
    "netIncomeRatio": 0.2533964095,
    "eps": 3.79,
    "epsdiluted": 3.77,
    "weightedAverageShsOut": 552000000,
    "weightedAverageShsOutDil": 555000000,
    "link": "https://www.sec.gov/Archives/edgar/data/1571949/000157194921000003/0001571949-21-000003-index.htm",
    "finalLink": "https://www.sec.gov/Archives/edgar/data/1571949/000157194921000003/ice-20201231.htm"
  },
  {
    "date": "2019-12-31",
    "symbol": "ICE",
    "reportedCurrency": "USD",
    "cik": "0001571949",
    "fillingDate": "2020-02-06",
    "acceptedDate": "2020-02-06 08:33:20",
    "calendarYear": "2019",
    "period": "FY",
    "revenue": 6547000000,
    "costOfRevenue": 2856000000,
    "grossProfit": 3691000000,
    "grossProfitRatio": 0.5637696655,
    "researchAndDevelopmentExpenses": 0,
    "generalAndAdministrativeExpenses": 354000000,
    "sellingAndMarketingExpenses": 0,
    "sellingGeneralAndAdministrativeExpenses": 354000000,
    "otherExpenses": 664000000,
    "operatingExpenses": 1018000000,
    "costAndExpenses": 3874000000,
    "interestIncome": 35000000,
    "interestExpense": 285000000,
    "depreciationAndAmortization": 662000000,
    "ebitda": 3428000000,
    "ebitdaratio": 0.5235985948,
    "operatingIncome": 2673000000,
    "operatingIncomeRatio": 0.4082786009,
    "totalOtherIncomeExpensesNet": -192000000,
    "incomeBeforeTax": 2481000000,
    "incomeBeforeTaxRatio": 0.3789521918,
    "incomeTaxExpense": 521000000,
    "netIncome": 1933000000,
    "netIncomeRatio": 0.2952497327,
    "eps": 3.44,
    "epsdiluted": 3.42,
    "weightedAverageShsOut": 561000000,
    "weightedAverageShsOutDil": 565000000,
    "link": "https://www.sec.gov/Archives/edgar/data/1571949/000157194920000003/0001571949-20-000003-index.htm",
    "finalLink": "https://www.sec.gov/Archives/edgar/data/1571949/000157194920000003/ice2019123110k.htm"
  },
  {
    "date": "2018-12-31",
    "symbol": "ICE",
    "reportedCurrency": "USD",
    "cik": "0001571949",
    "fillingDate": "2019-02-07",
    "acceptedDate": "2019-02-07 08:32:23",
    "calendarYear": "2018",
    "period": "FY",
    "revenue": 6276000000,
    "costOfRevenue": 2723000000,
    "grossProfit": 3553000000,
    "grossProfitRatio": 0.5661249203,
    "researchAndDevelopmentExpenses": 0,
    "generalAndAdministrativeExpenses": 350000000,
    "sellingAndMarketingExpenses": 0,
    "sellingGeneralAndAdministrativeExpenses": 350000000,
    "otherExpenses": 620000000,
    "operatingExpenses": 970000000,
    "costAndExpenses": 3693000000,
    "interestIncome": 22000000,
    "interestExpense": 244000000,
    "depreciationAndAmortization": 586000000,
    "ebitda": 3350000000,
    "ebitdaratio": 0.5337794774,
    "operatingIncome": 2583000000,
    "operatingIncomeRatio": 0.4115678776,
    "totalOtherIncomeExpensesNet": -63000000,
    "incomeBeforeTax": 2520000000,
    "incomeBeforeTaxRatio": 0.4015296367,
    "incomeTaxExpense": 500000000,
    "netIncome": 1988000000,
    "netIncomeRatio": 0.316762269,
    "eps": 3.46,
    "epsdiluted": 3.43,
    "weightedAverageShsOut": 575000000,
    "weightedAverageShsOutDil": 579000000,
    "link": "https://www.sec.gov/Archives/edgar/data/1571949/000157194919000003/0001571949-19-000003-index.htm",
    "finalLink": "https://www.sec.gov/Archives/edgar/data/1571949/000157194919000003/ice2018123110k.htm"
  },
  {
    "date": "2017-12-31",
    "symbol": "ICE",
    "reportedCurrency": "USD",
    "cik": "0001571949",
    "fillingDate": "2018-02-07",
    "acceptedDate": "2018-02-07 08:34:03",
    "calendarYear": "2017",
    "period": "FY",
    "revenue": 5843000000,
    "costOfRevenue": 2548000000,
    "grossProfit": 3295000000,
    "grossProfitRatio": 0.5639226425,
    "researchAndDevelopmentExpenses": 0,
    "generalAndAdministrativeExpenses": 345000000,
    "sellingAndMarketingExpenses": 0,
    "sellingGeneralAndAdministrativeExpenses": 345000000,
    "otherExpenses": 571000000,
    "operatingExpenses": 916000000,
    "costAndExpenses": 3464000000,
    "interestIncome": 8000000,
    "interestExpense": 187000000,
    "depreciationAndAmortization": 535000000,
    "ebitda": 3248000000,
    "ebitdaratio": 0.5558788294,
    "operatingIncome": 2379000000,
    "operatingIncomeRatio": 0.4071538593,
    "totalOtherIncomeExpensesNet": 147000000,
    "incomeBeforeTax": 2526000000,
    "incomeBeforeTaxRatio": 0.4323121684,
    "incomeTaxExpense": -28000000,
    "netIncome": 2526000000,
    "netIncomeRatio": 0.4323121684,
    "eps": 4.27,
    "epsdiluted": 4.23,
    "weightedAverageShsOut": 589000000,
    "weightedAverageShsOutDil": 594000000,
    "link": "https://www.sec.gov/Archives/edgar/data/1571949/000157194918000003/0001571949-18-000003-index.htm",
    "finalLink": "https://www.sec.gov/Archives/edgar/data/1571949/000157194918000003/ice2017123110k.htm"
  },
  {
    "date": "2016-12-31",
    "symbol": "ICE",
    "reportedCurrency": "USD",
    "cik": "0001571949",
    "fillingDate": "2017-02-07",
    "acceptedDate": "2017-02-07 08:26:48",
    "calendarYear": "2016",
    "period": "FY",
    "revenue": 5971000000,
    "costOfRevenue": 2786000000,
    "grossProfit": 3185000000,
    "grossProfitRatio": 0.5334114889,
    "researchAndDevelopmentExpenses": 0,
    "generalAndAdministrativeExpenses": 323000000,
    "sellingAndMarketingExpenses": 0,
    "sellingGeneralAndAdministrativeExpenses": 323000000,
    "otherExpenses": 690000000,
    "operatingExpenses": 1013000000,
    "costAndExpenses": 3799000000,
    "interestIncome": 3000000,
    "interestExpense": 178000000,
    "depreciationAndAmortization": 610000000,
    "ebitda": 2831000000,
    "ebitdaratio": 0.4741249372,
    "operatingIncome": 2172000000,
    "operatingIncomeRatio": 0.3637581645,
    "totalOtherIncomeExpensesNet": -129000000,
    "incomeBeforeTax": 2043000000,
    "incomeBeforeTaxRatio": 0.3421537431,
    "incomeTaxExpense": 586000000,
    "netIncome": 1430000000,
    "netIncomeRatio": 0.2394908726,
    "eps": 2.39,
    "epsdiluted": 2.37,
    "weightedAverageShsOut": 595000000,
    "weightedAverageShsOutDil": 599000000,
    "link": "https://www.sec.gov/Archives/edgar/data/1571949/000157194917000003/0001571949-17-000003-index.htm",
    "finalLink": "https://www.sec.gov/Archives/edgar/data/1571949/000157194917000003/ice2016123110k.htm"
  },
  {
    "date": "2015-12-31",
    "symbol": "ICE",
    "reportedCurrency": "USD",
    "cik": "0001571949",
    "fillingDate": "2016-02-04",
    "acceptedDate": "2016-02-04 08:31:47",
    "calendarYear": "2015",
    "period": "FY",
    "revenue": 4682000000,
    "costOfRevenue": 2158000000,
    "grossProfit": 2524000000,
    "grossProfitRatio": 0.5390858607,
    "researchAndDevelopmentExpenses": 0,
    "generalAndAdministrativeExpenses": 312000000,
    "sellingAndMarketingExpenses": 0,
    "sellingGeneralAndAdministrativeExpenses": 312000000,
    "otherExpenses": 462000000,
    "operatingExpenses": 774000000,
    "costAndExpenses": 2932000000,
    "interestIncome": 0,
    "interestExpense": 97000000,
    "depreciationAndAmortization": 374000000,
    "ebitda": 2124000000,
    "ebitdaratio": 0.4536522853,
    "operatingIncome": 1750000000,
    "operatingIncomeRatio": 0.3737718924,
    "totalOtherIncomeExpensesNet": -97000000,
    "incomeBeforeTax": 1653000000,
    "incomeBeforeTaxRatio": 0.3530542503,
    "incomeTaxExpense": 358000000,
    "netIncome": 1274000000,
    "netIncomeRatio": 0.2721059376,
    "eps": 2.29,
    "epsdiluted": 2.28,
    "weightedAverageShsOut": 556000000,
    "weightedAverageShsOutDil": 559000000,
    "link": "https://www.sec.gov/Archives/edgar/data/1571949/000157194916000020/0001571949-16-000020-index.htm",
    "finalLink": "https://www.sec.gov/Archives/edgar/data/1571949/000157194916000020/ice2015123110k.htm"
  },
  {
    "date": "2014-12-31",
    "symbol": "ICE",
    "reportedCurrency": "USD",
    "cik": "0001571949",
    "fillingDate": "2015-02-05",
    "acceptedDate": "2015-02-05 08:30:33",
    "calendarYear": "2014",
    "period": "FY",
    "revenue": 4352000000,
    "costOfRevenue": 2040000000,
    "grossProfit": 2312000000,
    "grossProfitRatio": 0.53125,
    "researchAndDevelopmentExpenses": 0,
    "generalAndAdministrativeExpenses": 402000000,
    "sellingAndMarketingExpenses": 0,
    "sellingGeneralAndAdministrativeExpenses": 402000000,
    "otherExpenses": 462000000,
    "operatingExpenses": 864000000,
    "costAndExpenses": 2904000000,
    "interestIncome": 0,
    "interestExpense": 96000000,
    "depreciationAndAmortization": 333000000,
    "ebitda": 1836000000,
    "ebitdaratio": 0.421875,
    "operatingIncome": 1448000000,
    "operatingIncomeRatio": 0.3327205882,
    "totalOtherIncomeExpensesNet": -41000000,
    "incomeBeforeTax": 1407000000,
    "incomeBeforeTaxRatio": 0.3232996324,
    "incomeTaxExpense": 402000000,
    "netIncome": 981000000,
    "netIncomeRatio": 0.2254136029,
    "eps": 1.72,
    "epsdiluted": 1.71,
    "weightedAverageShsOut": 570000000,
    "weightedAverageShsOutDil": 573000000,
    "link": "https://www.sec.gov/Archives/edgar/data/1571949/000157194915000003/0001571949-15-000003-index.htm",
    "finalLink": "https://www.sec.gov/Archives/edgar/data/1571949/000157194915000003/ice2014123110k.htm"
  },
  {
    "date": "2013-12-31",
    "symbol": "ICE",
    "reportedCurrency": "USD",
    "cik": "0001571949",
    "fillingDate": "2014-02-14",
    "acceptedDate": "2014-02-14 16:25:29",
    "calendarYear": "2013",
    "period": "FY",
    "revenue": 1730000000,
    "costOfRevenue": 497000000,
    "grossProfit": 1233000000,
    "grossProfitRatio": 0.712716763,
    "researchAndDevelopmentExpenses": 0,
    "generalAndAdministrativeExpenses": 144000000,
    "sellingAndMarketingExpenses": 0,
    "sellingGeneralAndAdministrativeExpenses": 144000000,
    "otherExpenses": 299000000,
    "operatingExpenses": 443000000,
    "costAndExpenses": 940000000,
    "interestIncome": 3000000,
    "interestExpense": 56000000,
    "depreciationAndAmortization": 156000000,
    "ebitda": 716000000,
    "ebitdaratio": 0.4138728324,
    "operatingIncome": 790000000,
    "operatingIncomeRatio": 0.4566473988,
    "totalOtherIncomeExpensesNet": -286000000,
    "incomeBeforeTax": 504000000,
    "incomeBeforeTaxRatio": 0.2913294798,
    "incomeTaxExpense": 184000000,
    "netIncome": 254000000,
    "netIncomeRatio": 0.1468208092,
    "eps": 0.65,
    "epsdiluted": 0.64,
    "weightedAverageShsOut": 390000000,
    "weightedAverageShsOutDil": 395000000,
    "link": "https://www.sec.gov/Archives/edgar/data/1571949/000157194914000006/0001571949-14-000006-index.htm",
    "finalLink": "https://www.sec.gov/Archives/edgar/data/1571949/000157194914000006/ice2013123110k.htm"
  },
  {
    "date": "2012-12-31",
    "symbol": "ICE",
    "reportedCurrency": "USD",
    "cik": "0001571949",
    "fillingDate": "2012-12-31",
    "acceptedDate": "2012-12-30 19:00:00",
    "calendarYear": "2012",
    "period": "FY",
    "revenue": 1363000000,
    "costOfRevenue": 297000000,
    "grossProfit": 1066000000,
    "grossProfitRatio": 0.7820983125,
    "researchAndDevelopmentExpenses": 0,
    "generalAndAdministrativeExpenses": 89000000,
    "sellingAndMarketingExpenses": 0,
    "sellingGeneralAndAdministrativeExpenses": 89000000,
    "otherExpenses": 150000000,
    "operatingExpenses": 239000000,
    "costAndExpenses": 536000000,
    "interestIncome": 1626000,
    "interestExpense": 39000000,
    "depreciationAndAmortization": 131000000,
    "ebitda": 960000000,
    "ebitdaratio": 0.7043286867,
    "operatingIncome": 827000000,
    "operatingIncomeRatio": 0.6067498166,
    "totalOtherIncomeExpensesNet": -37000000,
    "incomeBeforeTax": 790000000,
    "incomeBeforeTaxRatio": 0.5796038151,
    "incomeTaxExpense": 228000000,
    "netIncome": 552000000,
    "netIncomeRatio": 0.4049889949,
    "eps": 1.52,
    "epsdiluted": 1.5,
    "weightedAverageShsOut": 365000000,
    "weightedAverageShsOutDil": 365000000,
    "link": "",
    "finalLink": ""
  },
  {
    "date": "2011-12-31",
    "symbol": "ICE",
    "reportedCurrency": "USD",
    "cik": "0001571949",
    "fillingDate": "2011-12-31",
    "acceptedDate": "2011-12-30 19:00:00",
    "calendarYear": "2011",
    "period": "FY",
    "revenue": 1327000000,
    "costOfRevenue": 298000000,
    "grossProfit": 1029000000,
    "grossProfitRatio": 0.7754333082,
    "researchAndDevelopmentExpenses": 0,
    "generalAndAdministrativeExpenses": 88000000,
    "sellingAndMarketingExpenses": 0,
    "sellingGeneralAndAdministrativeExpenses": 88000000,
    "otherExpenses": 148000000,
    "operatingExpenses": 236000000,
    "costAndExpenses": 534000000,
    "interestIncome": 3000000,
    "interestExpense": 35000000,
    "depreciationAndAmortization": 132000000,
    "ebitda": 927000000,
    "ebitdaratio": 0.6985681989,
    "operatingIncome": 793000000,
    "operatingIncomeRatio": 0.5975885456,
    "totalOtherIncomeExpensesNet": -33000000,
    "incomeBeforeTax": 760000000,
    "incomeBeforeTaxRatio": 0.572720422,
    "incomeTaxExpense": 238000000,
    "netIncome": 510000000,
    "netIncomeRatio": 0.3843255463,
    "eps": 1.39,
    "epsdiluted": 1.38,
    "weightedAverageShsOut": 365000000,
    "weightedAverageShsOutDil": 370000000,
    "link": "",
    "finalLink": ""
  },
  {
    "date": "2010-12-31",
    "symbol": "ICE",
    "reportedCurrency": "USD",
    "cik": "0001571949",
    "fillingDate": "2010-12-31",
    "acceptedDate": "2010-12-30 19:00:00",
    "calendarYear": "2010",
    "period": "FY",
    "revenue": 1149944000,
    "costOfRevenue": 281155000,
    "grossProfit": 868789000,
    "grossProfitRatio": 0.7555054855,
    "researchAndDevelopmentExpenses": 0,
    "generalAndAdministrativeExpenses": 85265000,
    "sellingAndMarketingExpenses": 0,
    "sellingGeneralAndAdministrativeExpenses": 85265000,
    "otherExpenses": 131205000,
    "operatingExpenses": 216470000,
    "costAndExpenses": 497625000,
    "interestIncome": 2161000,
    "interestExpense": 30541000,
    "depreciationAndAmortization": 121209000,
    "ebitda": 761223000,
    "ebitdaratio": 0.6619652783,
    "operatingIncome": 652319000,
    "operatingIncomeRatio": 0.5672615362,
    "totalOtherIncomeExpensesNet": -42846000,
    "incomeBeforeTax": 609473000,
    "incomeBeforeTaxRatio": 0.5300023305,
    "incomeTaxExpense": 201706000,
    "netIncome": 398298000,
    "netIncomeRatio": 0.3463629533,
    "eps": 1.08,
    "epsdiluted": 1.07,
    "weightedAverageShsOut": 368120000,
    "weightedAverageShsOutDil": 372380000,
    "link": "",
    "finalLink": ""
  },
  {
    "date": "2009-12-31",
    "symbol": "ICE",
    "reportedCurrency": "USD",
    "cik": "0001571949",
    "fillingDate": "2009-12-31",
    "acceptedDate": "2009-12-30 19:00:00",
    "calendarYear": "2009",
    "period": "FY",
    "revenue": 994788000,
    "costOfRevenue": 273954000,
    "grossProfit": 720834000,
    "grossProfitRatio": 0.7246106708,
    "researchAndDevelopmentExpenses": 0,
    "generalAndAdministrativeExpenses": 90719000,
    "sellingAndMarketingExpenses": 0,
    "sellingGeneralAndAdministrativeExpenses": 90719000,
    "otherExpenses": 117496000,
    "operatingExpenses": 208215000,
    "costAndExpenses": 482169000,
    "interestIncome": 1961000,
    "interestExpense": 22922000,
    "depreciationAndAmortization": 111357000,
    "ebitda": 627984000,
    "ebitdaratio": 0.6312742011,
    "operatingIncome": 512619000,
    "operatingIncomeRatio": 0.5153047685,
    "totalOtherIncomeExpensesNet": -18914000,
    "incomeBeforeTax": 493705000,
    "incomeBeforeTaxRatio": 0.4962916722,
    "incomeTaxExpense": 179551000,
    "netIncome": 315988000,
    "netIncomeRatio": 0.3176435582,
    "eps": 0.87,
    "epsdiluted": 0.85,
    "weightedAverageShsOut": 364925000,
    "weightedAverageShsOutDil": 370450000,
    "link": "",
    "finalLink": ""
  },
  {
    "date": "2008-12-31",
    "symbol": "ICE",
    "reportedCurrency": "USD",
    "cik": "0001571949",
    "fillingDate": "2008-12-31",
    "acceptedDate": "2008-12-30 19:00:00",
    "calendarYear": "2008",
    "period": "FY",
    "revenue": 813078000,
    "costOfRevenue": 29705000,
    "grossProfit": 783373000,
    "grossProfitRatio": 0.9634659897,
    "researchAndDevelopmentExpenses": 0,
    "generalAndAdministrativeExpenses": 227592000,
    "sellingAndMarketingExpenses": 0,
    "sellingGeneralAndAdministrativeExpenses": 227592000,
    "otherExpenses": 62247000,
    "operatingExpenses": 289839000,
    "costAndExpenses": 319544000,
    "interestIncome": 11536000,
    "interestExpense": 19573000,
    "depreciationAndAmortization": 62247000,
    "ebitda": 555316000,
    "ebitdaratio": 0.6829799847,
    "operatingIncome": 493534000,
    "operatingIncomeRatio": 0.6069946549,
    "totalOtherIncomeExpensesNet": -20038000,
    "incomeBeforeTax": 473496000,
    "incomeBeforeTaxRatio": 0.5823500328,
    "incomeTaxExpense": 172524000,
    "netIncome": 300972000,
    "netIncomeRatio": 0.3701637481,
    "eps": 0.85,
    "epsdiluted": 0.83,
    "weightedAverageShsOut": 355920000,
    "weightedAverageShsOutDil": 360820000,
    "link": "",
    "finalLink": ""
  },
  {
    "date": "2007-12-31",
    "symbol": "ICE",
    "reportedCurrency": "USD",
    "cik": "0001571949",
    "fillingDate": "2007-12-31",
    "acceptedDate": "2007-12-30 19:00:00",
    "calendarYear": "2007",
    "period": "FY",
    "revenue": 574293000,
    "costOfRevenue": 126149000,
    "grossProfit": 448144000,
    "grossProfitRatio": 0.7803403489,
    "researchAndDevelopmentExpenses": 0,
    "generalAndAdministrativeExpenses": 0,
    "sellingAndMarketingExpenses": 0,
    "sellingGeneralAndAdministrativeExpenses": 50759000,
    "otherExpenses": 43822000,
    "operatingExpenses": 94581000,
    "costAndExpenses": 220730000,
    "interestIncome": 0,
    "interestExpense": 0,
    "depreciationAndAmortization": 33399000,
    "ebitda": 398083000,
    "ebitdaratio": 0.6931705593,
    "operatingIncome": 353563000,
    "operatingIncomeRatio": 0.6156491547,
    "totalOtherIncomeExpensesNet": 4871000,
    "incomeBeforeTax": 358434000,
    "incomeBeforeTaxRatio": 0.6241308879,
    "incomeTaxExpense": 117822000,
    "netIncome": 240612000,
    "netIncomeRatio": 0.4189708041,
    "eps": 0.7,
    "epsdiluted": 0.68,
    "weightedAverageShsOut": 344925000,
    "weightedAverageShsOutDil": 354900000,
    "link": "",
    "finalLink": ""
  },
  {
    "date": "2006-12-31",
    "symbol": "ICE",
    "reportedCurrency": "USD",
    "cik": "0001571949",
    "fillingDate": "2006-12-31",
    "acceptedDate": "2006-12-30 19:00:00",
    "calendarYear": "2006",
    "period": "FY",
    "revenue": 313799000,
    "costOfRevenue": 70184000,
    "grossProfit": 243615000,
    "grossProfitRatio": 0.7763409061,
    "researchAndDevelopmentExpenses": 0,
    "generalAndAdministrativeExpenses": 0,
    "sellingAndMarketingExpenses": 0,
    "sellingGeneralAndAdministrativeExpenses": 95450000,
    "otherExpenses": -56470000,
    "operatingExpenses": 38980000,
    "costAndExpenses": 109164000,
    "interestIncome": 0,
    "interestExpense": 0,
    "depreciationAndAmortization": 13861000,
    "ebitda": 218496000,
    "ebitdaratio": 0.6962928499,
    "operatingIncome": 204635000,
    "operatingIncomeRatio": 0.6521212623,
    "totalOtherIncomeExpensesNet": 7908000,
    "incomeBeforeTax": 212543000,
    "incomeBeforeTaxRatio": 0.6773221075,
    "incomeTaxExpense": 69275000,
    "netIncome": 143268000,
    "netIncomeRatio": 0.4565597723,
    "eps": 0.51,
    "epsdiluted": 0.48,
    "weightedAverageShsOut": 282370000,
    "weightedAverageShsOutDil": 297995000,
    "link": "",
    "finalLink": ""
  }
]