[
  {
    "date": "2025-06-30",
    "symbol": "IDXX",
    "reportedCurrency": "USD",
    "cik": "0000874716",
    "fillingDate": "2025-08-04",
    "acceptedDate": "2025-08-04 16:22:36",
    "calendarYear": "2025",
    "period": "Q2",
    "revenue": 1109457000,
    "costOfRevenue": 414725000,
    "grossProfit": 694732000,
    "grossProfitRatio": 0.6261910106,
    "researchAndDevelopmentExpenses": 61898000,
    "generalAndAdministrativeExpenses": 98681000,
    "sellingAndMarketingExpenses": 161107000,
    "sellingGeneralAndAdministrativeExpenses": 259788000,
    "otherExpenses": 0,
    "operatingExpenses": 321686000,
    "costAndExpenses": 736411000,
    "interestIncome": 627000,
    "interestExpense": 11321000,
    "depreciationAndAmortization": 35772000,
    "ebitda": 409445000,
    "ebitdaratio": 0.3690499046,
    "operatingIncome": 373046000,
    "operatingIncomeRatio": 0.3362419634,
    "totalOtherIncomeExpensesNet": -10694000,
    "incomeBeforeTax": 362352000,
    "incomeBeforeTaxRatio": 0.3266030139,
    "incomeTaxExpense": 68363000,
    "netIncome": 293989000,
    "netIncomeRatio": 0.2649845825,
    "eps": 3.66,
    "epsdiluted": 3.63,
    "weightedAverageShsOut": 80413000,
    "weightedAverageShsOutDil": 80994000,
    "link": "https://www.sec.gov/Archives/edgar/data/874716/000087471625000121/0000874716-25-000121-index.htm",
    "finalLink": "https://www.sec.gov/Archives/edgar/data/874716/000087471625000121/idxx-20250630.htm"
  },
  {
    "date": "2025-03-31",
    "symbol": "IDXX",
    "reportedCurrency": "USD",
    "cik": "0000874716",
    "fillingDate": "2025-05-01",
    "acceptedDate": "2025-05-01 16:11:17",
    "calendarYear": "2025",
    "period": "Q1",
    "revenue": 998427000,
    "costOfRevenue": 375048000,
    "grossProfit": 623379000,
    "grossProfitRatio": 0.62436112,
    "researchAndDevelopmentExpenses": 59061000,
    "generalAndAdministrativeExpenses": 91561000,
    "sellingAndMarketingExpenses": 156223000,
    "sellingGeneralAndAdministrativeExpenses": 247784000,
    "otherExpenses": 0,
    "operatingExpenses": 306845000,
    "costAndExpenses": 681893000,
    "interestIncome": 1216000,
    "interestExpense": 7666000,
    "depreciationAndAmortization": 34063000,
    "ebitda": 351813000,
    "ebitdaratio": 0.3523672737,
    "operatingIncome": 316534000,
    "operatingIncomeRatio": 0.3170326924,
    "totalOtherIncomeExpensesNet": -6450000,
    "incomeBeforeTax": 310084000,
    "incomeBeforeTaxRatio": 0.3105725306,
    "incomeTaxExpense": 67407000,
    "netIncome": 242677000,
    "netIncomeRatio": 0.2430593323,
    "eps": 2.98,
    "epsdiluted": 2.96,
    "weightedAverageShsOut": 81319000,
    "weightedAverageShsOutDil": 81922000,
    "link": "https://www.sec.gov/Archives/edgar/data/874716/000087471625000062/0000874716-25-000062-index.htm",
    "finalLink": "https://www.sec.gov/Archives/edgar/data/874716/000087471625000062/idxx-20250331.htm"
  },
  {
    "date": "2024-12-31",
    "symbol": "IDXX",
    "reportedCurrency": "USD",
    "cik": "0000874716",
    "fillingDate": "2025-02-21",
    "acceptedDate": "2025-02-21 08:28:50",
    "calendarYear": "2024",
    "period": "Q4",
    "revenue": 954288000,
    "costOfRevenue": 383628000,
    "grossProfit": 570660000,
    "grossProfitRatio": 0.5979955737,
    "researchAndDevelopmentExpenses": 57729000,
    "generalAndAdministrativeExpenses": 101137000,
    "sellingAndMarketingExpenses": 150108000,
    "sellingGeneralAndAdministrativeExpenses": 251245000,
    "otherExpenses": 0,
    "operatingExpenses": 308974000,
    "costAndExpenses": 692602000,
    "interestIncome": 2199000,
    "interestExpense": 7498000,
    "depreciationAndAmortization": 33706000,
    "ebitda": 298563000,
    "ebitdaratio": 0.3128646698,
    "operatingIncome": 261686000,
    "operatingIncomeRatio": 0.2742211995,
    "totalOtherIncomeExpensesNet": -5299000,
    "incomeBeforeTax": 256387000,
    "incomeBeforeTaxRatio": 0.2686683685,
    "incomeTaxExpense": 40238000,
    "netIncome": 216149000,
    "netIncomeRatio": 0.2265029006,
    "eps": 2.63,
    "epsdiluted": 2.62,
    "weightedAverageShsOut": 81846000,
    "weightedAverageShsOutDil": 82538000,
    "link": "https://www.sec.gov/Archives/edgar/data/874716/000087471625000037/0000874716-25-000037-index.htm",
    "finalLink": "https://www.sec.gov/Archives/edgar/data/874716/000087471625000037/idxx-20241231.htm"
  },
  {
    "date": "2024-09-30",
    "symbol": "IDXX",
    "reportedCurrency": "USD",
    "cik": "0000874716",
    "fillingDate": "2024-10-31",
    "acceptedDate": "2024-10-31 16:14:44",
    "calendarYear": "2024",
    "period": "Q3",
    "revenue": 975543000,
    "costOfRevenue": 379505000,
    "grossProfit": 596038000,
    "grossProfitRatio": 0.6109807564,
    "researchAndDevelopmentExpenses": 53978000,
    "generalAndAdministrativeExpenses": 91887000,
    "sellingAndMarketingExpenses": 146281000,
    "sellingGeneralAndAdministrativeExpenses": 238168000,
    "otherExpenses": 0,
    "operatingExpenses": 292146000,
    "costAndExpenses": 671651000,
    "interestIncome": 2714000,
    "interestExpense": 7697000,
    "depreciationAndAmortization": 34133000,
    "ebitda": 341999000,
    "ebitdaratio": 0.350572963,
    "operatingIncome": 303892000,
    "operatingIncomeRatio": 0.3115106151,
    "totalOtherIncomeExpensesNet": -4983000,
    "incomeBeforeTax": 298909000,
    "incomeBeforeTaxRatio": 0.3064026906,
    "incomeTaxExpense": 66068000,
    "netIncome": 232841000,
    "netIncomeRatio": 0.2386783566,
    "eps": 2.83,
    "epsdiluted": 2.8,
    "weightedAverageShsOut": 82304000,
    "weightedAverageShsOutDil": 83056000,
    "link": "https://www.sec.gov/Archives/edgar/data/874716/000087471624000139/0000874716-24-000139-index.htm",
    "finalLink": "https://www.sec.gov/Archives/edgar/data/874716/000087471624000139/idxx-20240930.htm"
  },
  {
    "date": "2024-06-30",
    "symbol": "IDXX",
    "reportedCurrency": "USD",
    "cik": "0000874716",
    "fillingDate": "2024-08-06",
    "acceptedDate": "2024-08-06 16:07:57",
    "calendarYear": "2024",
    "period": "Q2",
    "revenue": 1003578000,
    "costOfRevenue": 382698000,
    "grossProfit": 620880000,
    "grossProfitRatio": 0.6186664116,
    "researchAndDevelopmentExpenses": 55450000,
    "generalAndAdministrativeExpenses": 157243000,
    "sellingAndMarketingExpenses": 142665000,
    "sellingGeneralAndAdministrativeExpenses": 299908000,
    "otherExpenses": 0,
    "operatingExpenses": 355358000,
    "costAndExpenses": 739777000,
    "interestIncome": 3354000,
    "interestExpense": 8099000,
    "depreciationAndAmortization": 32193000,
    "ebitda": 300727000,
    "ebitdaratio": 0.299654835,
    "operatingIncome": 263801000,
    "operatingIncomeRatio": 0.2628604852,
    "totalOtherIncomeExpensesNet": -4745000,
    "incomeBeforeTax": 259056000,
    "incomeBeforeTaxRatio": 0.2581324023,
    "incomeTaxExpense": 55758000,
    "netIncome": 203298000,
    "netIncomeRatio": 0.2025731931,
    "eps": 2.46,
    "epsdiluted": 2.44,
    "weightedAverageShsOut": 82630000,
    "weightedAverageShsOutDil": 83393000,
    "link": "https://www.sec.gov/Archives/edgar/data/874716/000087471624000121/0000874716-24-000121-index.htm",
    "finalLink": "https://www.sec.gov/Archives/edgar/data/874716/000087471624000121/idxx-20240630.htm"
  },
  {
    "date": "2024-03-31",
    "symbol": "IDXX",
    "reportedCurrency": "USD",
    "cik": "0000874716",
    "fillingDate": "2024-05-01",
    "acceptedDate": "2024-05-01 16:13:57",
    "calendarYear": "2024",
    "period": "Q1",
    "revenue": 964095000,
    "costOfRevenue": 371025000,
    "grossProfit": 593070000,
    "grossProfitRatio": 0.61515722,
    "researchAndDevelopmentExpenses": 52635000,
    "generalAndAdministrativeExpenses": 92024000,
    "sellingAndMarketingExpenses": 149453000,
    "sellingGeneralAndAdministrativeExpenses": 241477000,
    "otherExpenses": 0,
    "operatingExpenses": 294112000,
    "costAndExpenses": 665137000,
    "interestIncome": 4432000,
    "interestExpense": 7911000,
    "depreciationAndAmortization": 29904000,
    "ebitda": 334551000,
    "ebitdaratio": 0.3470104087,
    "operatingIncome": 298958000,
    "operatingIncomeRatio": 0.3100918478,
    "totalOtherIncomeExpensesNet": -3479000,
    "incomeBeforeTax": 295479000,
    "incomeBeforeTaxRatio": 0.3064832822,
    "incomeTaxExpense": 59900000,
    "netIncome": 235579000,
    "netIncomeRatio": 0.2443524756,
    "eps": 2.84,
    "epsdiluted": 2.81,
    "weightedAverageShsOut": 83096000,
    "weightedAverageShsOutDil": 83957000,
    "link": "https://www.sec.gov/Archives/edgar/data/874716/000087471624000083/0000874716-24-000083-index.htm",
    "finalLink": "https://www.sec.gov/Archives/edgar/data/874716/000087471624000083/idxx-20240331.htm"
  },
  {
    "date": "2023-12-31",
    "symbol": "IDXX",
    "reportedCurrency": "USD",
    "cik": "0000874716",
    "fillingDate": "2024-02-22",
    "acceptedDate": "2024-02-22 16:17:19",
    "calendarYear": "2023",
    "period": "Q4",
    "revenue": 901601000,
    "costOfRevenue": 375434000,
    "grossProfit": 526167000,
    "grossProfitRatio": 0.5835918549,
    "researchAndDevelopmentExpenses": 51812000,
    "generalAndAdministrativeExpenses": 87021000,
    "sellingAndMarketingExpenses": 142032000,
    "sellingGeneralAndAdministrativeExpenses": 229053000,
    "otherExpenses": 0,
    "operatingExpenses": 280865000,
    "costAndExpenses": 656299000,
    "interestIncome": 3631000,
    "interestExpense": 9265000,
    "depreciationAndAmortization": 29737000,
    "ebitda": 278670000,
    "ebitdaratio": 0.3090835081,
    "operatingIncome": 245302000,
    "operatingIncomeRatio": 0.2720737887,
    "totalOtherIncomeExpensesNet": -5634000,
    "incomeBeforeTax": 239668000,
    "incomeBeforeTaxRatio": 0.2658249048,
    "incomeTaxExpense": 45147000,
    "netIncome": 194521000,
    "netIncomeRatio": 0.215750648,
    "eps": 2.34,
    "epsdiluted": 2.32,
    "weightedAverageShsOut": 83088000,
    "weightedAverageShsOutDil": 83933000,
    "link": "https://www.sec.gov/Archives/edgar/data/874716/000087471624000057/0000874716-24-000057-index.htm",
    "finalLink": "https://www.sec.gov/Archives/edgar/data/874716/000087471624000057/idxx-20231231.htm"
  },
  {
    "date": "2023-09-30",
    "symbol": "IDXX",
    "reportedCurrency": "USD",
    "cik": "0000874716",
    "fillingDate": "2023-11-01",
    "acceptedDate": "2023-11-01 16:20:22",
    "calendarYear": "2023",
    "period": "Q3",
    "revenue": 915527000,
    "costOfRevenue": 367545000,
    "grossProfit": 547982000,
    "grossProfitRatio": 0.5985426973,
    "researchAndDevelopmentExpenses": 47967000,
    "generalAndAdministrativeExpenses": 89034000,
    "sellingAndMarketingExpenses": 135698000,
    "sellingGeneralAndAdministrativeExpenses": 224732000,
    "otherExpenses": 0,
    "operatingExpenses": 272699000,
    "costAndExpenses": 640244000,
    "interestIncome": 1255000,
    "interestExpense": 8647000,
    "depreciationAndAmortization": 28985000,
    "ebitda": 305823000,
    "ebitdaratio": 0.3340403942,
    "operatingIncome": 275283000,
    "operatingIncomeRatio": 0.3006825577,
    "totalOtherIncomeExpensesNet": -7392000,
    "incomeBeforeTax": 267891000,
    "incomeBeforeTaxRatio": 0.2926085195,
    "incomeTaxExpense": 55660000,
    "netIncome": 212231000,
    "netIncomeRatio": 0.231812934,
    "eps": 2.55,
    "epsdiluted": 2.53,
    "weightedAverageShsOut": 83097000,
    "weightedAverageShsOutDil": 83993000,
    "link": "https://www.sec.gov/Archives/edgar/data/874716/000087471623000128/0000874716-23-000128-index.htm",
    "finalLink": "https://www.sec.gov/Archives/edgar/data/874716/000087471623000128/idxx-20230930.htm"
  },
  {
    "date": "2023-06-30",
    "symbol": "IDXX",
    "reportedCurrency": "USD",
    "cik": "0000874716",
    "fillingDate": "2023-08-01",
    "acceptedDate": "2023-08-01 16:08:19",
    "calendarYear": "2023",
    "period": "Q2",
    "revenue": 943630000,
    "costOfRevenue": 370780000,
    "grossProfit": 572850000,
    "grossProfitRatio": 0.6070705679,
    "researchAndDevelopmentExpenses": 46505000,
    "generalAndAdministrativeExpenses": 89669000,
    "sellingAndMarketingExpenses": 140532000,
    "sellingGeneralAndAdministrativeExpenses": 230201000,
    "otherExpenses": 0,
    "operatingExpenses": 276706000,
    "costAndExpenses": 647486000,
    "interestIncome": 327000,
    "interestExpense": 10542000,
    "depreciationAndAmortization": 27855000,
    "ebitda": 325409000,
    "ebitdaratio": 0.3448480866,
    "operatingIncome": 296144000,
    "operatingIncomeRatio": 0.3138348717,
    "totalOtherIncomeExpensesNet": -10215000,
    "incomeBeforeTax": 285929000,
    "incomeBeforeTaxRatio": 0.3030096542,
    "incomeTaxExpense": 61693000,
    "netIncome": 224236000,
    "netIncomeRatio": 0.237631275,
    "eps": 2.7,
    "epsdiluted": 2.67,
    "weightedAverageShsOut": 83086000,
    "weightedAverageShsOutDil": 83983000,
    "link": "https://www.sec.gov/Archives/edgar/data/874716/000087471623000100/0000874716-23-000100-index.htm",
    "finalLink": "https://www.sec.gov/Archives/edgar/data/874716/000087471623000100/idxx-20230630.htm"
  },
  {
    "date": "2023-03-31",
    "symbol": "IDXX",
    "reportedCurrency": "USD",
    "cik": "0000874716",
    "fillingDate": "2023-05-02",
    "acceptedDate": "2023-05-02 16:02:30",
    "calendarYear": "2023",
    "period": "Q1",
    "revenue": 900195000,
    "costOfRevenue": 357224000,
    "grossProfit": 542971000,
    "grossProfitRatio": 0.6031704242,
    "researchAndDevelopmentExpenses": 44667000,
    "generalAndAdministrativeExpenses": 70101000,
    "sellingAndMarketingExpenses": 147804000,
    "sellingGeneralAndAdministrativeExpenses": 217905000,
    "otherExpenses": 0,
    "operatingExpenses": 262572000,
    "costAndExpenses": 619796000,
    "interestIncome": 416000,
    "interestExpense": 13127000,
    "depreciationAndAmortization": 28331000,
    "ebitda": 309146000,
    "ebitdaratio": 0.3434211476,
    "operatingIncome": 280399000,
    "operatingIncomeRatio": 0.3114869556,
    "totalOtherIncomeExpensesNet": -12711000,
    "incomeBeforeTax": 267688000,
    "incomeBeforeTaxRatio": 0.2973666817,
    "incomeTaxExpense": 53634000,
    "netIncome": 214054000,
    "netIncomeRatio": 0.2377862574,
    "eps": 2.58,
    "epsdiluted": 2.55,
    "weightedAverageShsOut": 82992000,
    "weightedAverageShsOutDil": 83959000,
    "link": "https://www.sec.gov/Archives/edgar/data/874716/000087471623000034/0000874716-23-000034-index.htm",
    "finalLink": "https://www.sec.gov/Archives/edgar/data/874716/000087471623000034/idxx-20230331.htm"
  },
  {
    "date": "2022-12-31",
    "symbol": "IDXX",
    "reportedCurrency": "USD",
    "cik": "0000874716",
    "fillingDate": "2023-02-16",
    "acceptedDate": "2023-02-16 17:08:02",
    "calendarYear": "2022",
    "period": "Q4",
    "revenue": 828568000,
    "costOfRevenue": 343641000,
    "grossProfit": 484927000,
    "grossProfitRatio": 0.5852591459,
    "researchAndDevelopmentExpenses": 43418000,
    "generalAndAdministrativeExpenses": 83047000,
    "sellingAndMarketingExpenses": 131935000,
    "sellingGeneralAndAdministrativeExpenses": 214982000,
    "otherExpenses": 0,
    "operatingExpenses": 258400000,
    "costAndExpenses": 602041000,
    "interestIncome": 235000,
    "interestExpense": 13547000,
    "depreciationAndAmortization": 28720000,
    "ebitda": 256182000,
    "ebitdaratio": 0.3091864518,
    "operatingIncome": 226527000,
    "operatingIncomeRatio": 0.2733957865,
    "totalOtherIncomeExpensesNet": -13312000,
    "incomeBeforeTax": 213215000,
    "incomeBeforeTaxRatio": 0.2573295131,
    "incomeTaxExpense": 41008000,
    "netIncome": 172207000,
    "netIncomeRatio": 0.2078368945,
    "eps": 2.08,
    "epsdiluted": 2.05,
    "weightedAverageShsOut": 82934000,
    "weightedAverageShsOutDil": 83815000,
    "link": "https://www.sec.gov/Archives/edgar/data/874716/000087471623000006/0000874716-23-000006-index.htm",
    "finalLink": "https://www.sec.gov/Archives/edgar/data/874716/000087471623000006/idxx-20221231.htm"
  },
  {
    "date": "2022-09-30",
    "symbol": "IDXX",
    "reportedCurrency": "USD",
    "cik": "0000874716",
    "fillingDate": "2022-11-01",
    "acceptedDate": "2022-11-01 16:33:30",
    "calendarYear": "2022",
    "period": "Q3",
    "revenue": 841661000,
    "costOfRevenue": 335035000,
    "grossProfit": 506626000,
    "grossProfitRatio": 0.6019359338,
    "researchAndDevelopmentExpenses": 48013000,
    "generalAndAdministrativeExpenses": 83764000,
    "sellingAndMarketingExpenses": 130021000,
    "sellingGeneralAndAdministrativeExpenses": 213785000,
    "otherExpenses": 0,
    "operatingExpenses": 261798000,
    "costAndExpenses": 596833000,
    "interestIncome": 353000,
    "interestExpense": 10998000,
    "depreciationAndAmortization": 28547000,
    "ebitda": 274428000,
    "ebitdaratio": 0.3260552645,
    "operatingIncome": 244828000,
    "operatingIncomeRatio": 0.2908867109,
    "totalOtherIncomeExpensesNet": -10645000,
    "incomeBeforeTax": 234183000,
    "incomeBeforeTaxRatio": 0.278239101,
    "incomeTaxExpense": 53245000,
    "netIncome": 180938000,
    "netIncomeRatio": 0.214977289,
    "eps": 2.17,
    "epsdiluted": 2.15,
    "weightedAverageShsOut": 83247000,
    "weightedAverageShsOutDil": 84113000,
    "link": "https://www.sec.gov/Archives/edgar/data/874716/000087471622000038/0000874716-22-000038-index.htm",
    "finalLink": "https://www.sec.gov/Archives/edgar/data/874716/000087471622000038/idxx-20220930.htm"
  },
  {
    "date": "2022-06-30",
    "symbol": "IDXX",
    "reportedCurrency": "USD",
    "cik": "0000874716",
    "fillingDate": "2022-08-02",
    "acceptedDate": "2022-08-02 15:01:58",
    "calendarYear": "2022",
    "period": "Q2",
    "revenue": 860546000,
    "costOfRevenue": 346514000,
    "grossProfit": 514032000,
    "grossProfitRatio": 0.5973323913,
    "researchAndDevelopmentExpenses": 123221000,
    "generalAndAdministrativeExpenses": 81488000,
    "sellingAndMarketingExpenses": 130257000,
    "sellingGeneralAndAdministrativeExpenses": 211745000,
    "otherExpenses": 0,
    "operatingExpenses": 334966000,
    "costAndExpenses": 681480000,
    "interestIncome": 334000,
    "interestExpense": 8317000,
    "depreciationAndAmortization": 28122000,
    "ebitda": 208222000,
    "ebitdaratio": 0.241964985,
    "operatingIncome": 179066000,
    "operatingIncomeRatio": 0.2080841698,
    "totalOtherIncomeExpensesNet": -7983000,
    "incomeBeforeTax": 171083000,
    "incomeBeforeTaxRatio": 0.1988075013,
    "incomeTaxExpense": 39104000,
    "netIncome": 131979000,
    "netIncomeRatio": 0.1533665835,
    "eps": 1.57,
    "epsdiluted": 1.56,
    "weightedAverageShsOut": 83922000,
    "weightedAverageShsOutDil": 84858000,
    "link": "https://www.sec.gov/Archives/edgar/data/874716/000087471622000033/0000874716-22-000033-index.htm",
    "finalLink": "https://www.sec.gov/Archives/edgar/data/874716/000087471622000033/idxx-20220630.htm"
  },
  {
    "date": "2022-03-31",
    "symbol": "IDXX",
    "reportedCurrency": "USD",
    "cik": "0000874716",
    "fillingDate": "2022-05-04",
    "acceptedDate": "2022-05-04 14:57:34",
    "calendarYear": "2022",
    "period": "Q1",
    "revenue": 836549000,
    "costOfRevenue": 337796000,
    "grossProfit": 498753000,
    "grossProfitRatio": 0.596202972,
    "researchAndDevelopmentExpenses": 40168000,
    "generalAndAdministrativeExpenses": 77949000,
    "sellingAndMarketingExpenses": 132292000,
    "sellingGeneralAndAdministrativeExpenses": 210241000,
    "otherExpenses": 0,
    "operatingExpenses": 250409000,
    "costAndExpenses": 588205000,
    "interestIncome": 143000,
    "interestExpense": 6996000,
    "depreciationAndAmortization": 26511000,
    "ebitda": 275698000,
    "ebitdaratio": 0.3295658712,
    "operatingIncome": 248344000,
    "operatingIncomeRatio": 0.2968672487,
    "totalOtherIncomeExpensesNet": -6853000,
    "incomeBeforeTax": 241491000,
    "incomeBeforeTaxRatio": 0.2886752599,
    "incomeTaxExpense": 47526000,
    "netIncome": 193965000,
    "netIncomeRatio": 0.231863286,
    "eps": 2.3,
    "epsdiluted": 2.27,
    "weightedAverageShsOut": 84410000,
    "weightedAverageShsOutDil": 85564000,
    "link": "https://www.sec.gov/Archives/edgar/data/874716/000087471622000020/0000874716-22-000020-index.htm",
    "finalLink": "https://www.sec.gov/Archives/edgar/data/874716/000087471622000020/idxx-20220331.htm"
  },
  {
    "date": "2021-12-31",
    "symbol": "IDXX",
    "reportedCurrency": "USD",
    "cik": "0000874716",
    "fillingDate": "2022-02-16",
    "acceptedDate": "2022-02-16 14:57:07",
    "calendarYear": "2021",
    "period": "Q4",
    "revenue": 801090000,
    "costOfRevenue": 344669000,
    "grossProfit": 456421000,
    "grossProfitRatio": 0.5697499657,
    "researchAndDevelopmentExpenses": 45306000,
    "generalAndAdministrativeExpenses": 83466000,
    "sellingAndMarketingExpenses": 128458000,
    "sellingGeneralAndAdministrativeExpenses": 211924000,
    "otherExpenses": 0,
    "operatingExpenses": 257230000,
    "costAndExpenses": 601899000,
    "interestIncome": 169000,
    "interestExpense": 7477000,
    "depreciationAndAmortization": 27695000,
    "ebitda": 227755000,
    "ebitdaratio": 0.2843063826,
    "operatingIncome": 199191000,
    "operatingIncomeRatio": 0.2486499644,
    "totalOtherIncomeExpensesNet": -7308000,
    "incomeBeforeTax": 191883000,
    "incomeBeforeTaxRatio": 0.2395273939,
    "incomeTaxExpense": 29112000,
    "netIncome": 162771000,
    "netIncomeRatio": 0.2031869078,
    "eps": 1.92,
    "epsdiluted": 1.89,
    "weightedAverageShsOut": 84828000,
    "weightedAverageShsOutDil": 86142000,
    "link": "https://www.sec.gov/Archives/edgar/data/874716/000087471622000007/0000874716-22-000007-index.htm",
    "finalLink": "https://www.sec.gov/Archives/edgar/data/874716/000087471622000007/idxx-20211231.htm"
  },
  {
    "date": "2021-09-30",
    "symbol": "IDXX",
    "reportedCurrency": "USD",
    "cik": "0000874716",
    "fillingDate": "2021-11-02",
    "acceptedDate": "2021-11-02 14:21:56",
    "calendarYear": "2021",
    "period": "Q3",
    "revenue": 810421000,
    "costOfRevenue": 337500000,
    "grossProfit": 472921000,
    "grossProfitRatio": 0.5835497846,
    "researchAndDevelopmentExpenses": 40427000,
    "generalAndAdministrativeExpenses": 82098000,
    "sellingAndMarketingExpenses": 124434000,
    "sellingGeneralAndAdministrativeExpenses": 206532000,
    "otherExpenses": 0,
    "operatingExpenses": 246959000,
    "costAndExpenses": 584459000,
    "interestIncome": 122000,
    "interestExpense": 7134000,
    "depreciationAndAmortization": 26467000,
    "ebitda": 253251000,
    "ebitdaratio": 0.3124931363,
    "operatingIncome": 225962000,
    "operatingIncomeRatio": 0.2788205143,
    "totalOtherIncomeExpensesNet": -7012000,
    "incomeBeforeTax": 218950000,
    "incomeBeforeTaxRatio": 0.2701682212,
    "incomeTaxExpense": 43772000,
    "netIncome": 175235000,
    "netIncomeRatio": 0.2162271215,
    "eps": 2.06,
    "epsdiluted": 2.03,
    "weightedAverageShsOut": 85123000,
    "weightedAverageShsOutDil": 86511000,
    "link": "https://www.sec.gov/Archives/edgar/data/874716/000087471621000055/0000874716-21-000055-index.htm",
    "finalLink": "https://www.sec.gov/Archives/edgar/data/874716/000087471621000055/idxx-20210930.htm"
  },
  {
    "date": "2021-06-30",
    "symbol": "IDXX",
    "reportedCurrency": "USD",
    "cik": "0000874716",
    "fillingDate": "2021-07-30",
    "acceptedDate": "2021-07-30 14:48:21",
    "calendarYear": "2021",
    "period": "Q2",
    "revenue": 826142000,
    "costOfRevenue": 336834000,
    "grossProfit": 489308000,
    "grossProfitRatio": 0.5922807459,
    "researchAndDevelopmentExpenses": 37697000,
    "generalAndAdministrativeExpenses": 73326000,
    "sellingAndMarketingExpenses": 119032000,
    "sellingGeneralAndAdministrativeExpenses": 192358000,
    "otherExpenses": 0,
    "operatingExpenses": 230055000,
    "costAndExpenses": 566889000,
    "interestIncome": 91000,
    "interestExpense": 7613000,
    "depreciationAndAmortization": 25377000,
    "ebitda": 285421000,
    "ebitdaratio": 0.3454866113,
    "operatingIncome": 259253000,
    "operatingIncomeRatio": 0.3138116692,
    "totalOtherIncomeExpensesNet": -7522000,
    "incomeBeforeTax": 251731000,
    "incomeBeforeTaxRatio": 0.3047066969,
    "incomeTaxExpense": 49125000,
    "netIncome": 202582000,
    "netIncomeRatio": 0.2452145031,
    "eps": 2.37,
    "epsdiluted": 2.34,
    "weightedAverageShsOut": 85325000,
    "weightedAverageShsOutDil": 86654000,
    "link": "https://www.sec.gov/Archives/edgar/data/874716/000087471621000050/0000874716-21-000050-index.htm",
    "finalLink": "https://www.sec.gov/Archives/edgar/data/874716/000087471621000050/idxx-20210630.htm"
  },
  {
    "date": "2021-03-31",
    "symbol": "IDXX",
    "reportedCurrency": "USD",
    "cik": "0000874716",
    "fillingDate": "2021-05-04",
    "acceptedDate": "2021-05-04 16:12:29",
    "calendarYear": "2021",
    "period": "Q1",
    "revenue": 777707000,
    "costOfRevenue": 306925000,
    "grossProfit": 470782000,
    "grossProfitRatio": 0.6053462294,
    "researchAndDevelopmentExpenses": 37579000,
    "generalAndAdministrativeExpenses": 70770000,
    "sellingAndMarketingExpenses": 114811000,
    "sellingGeneralAndAdministrativeExpenses": 185581000,
    "otherExpenses": 0,
    "operatingExpenses": 223160000,
    "costAndExpenses": 530085000,
    "interestIncome": 52000,
    "interestExpense": 7584000,
    "depreciationAndAmortization": 25057000,
    "ebitda": 273431000,
    "ebitdaratio": 0.3515861372,
    "operatingIncome": 247622000,
    "operatingIncomeRatio": 0.3184001173,
    "totalOtherIncomeExpensesNet": -7532000,
    "incomeBeforeTax": 240090000,
    "incomeBeforeTaxRatio": 0.3087152359,
    "incomeTaxExpense": 35801000,
    "netIncome": 204257000,
    "netIncomeRatio": 0.2626400431,
    "eps": 2.39,
    "epsdiluted": 2.35,
    "weightedAverageShsOut": 85530000,
    "weightedAverageShsOutDil": 86917000,
    "link": "https://www.sec.gov/Archives/edgar/data/874716/000087471621000031/0000874716-21-000031-index.htm",
    "finalLink": "https://www.sec.gov/Archives/edgar/data/874716/000087471621000031/idxx-20210331.htm"
  },
  {
    "date": "2020-12-31",
    "symbol": "IDXX",
    "reportedCurrency": "USD",
    "cik": "0000874716",
    "fillingDate": "2021-02-12",
    "acceptedDate": "2021-02-12 15:22:33",
    "calendarYear": "2020",
    "period": "Q4",
    "revenue": 720938000,
    "costOfRevenue": 311436000,
    "grossProfit": 409502000,
    "grossProfitRatio": 0.5680127833,
    "researchAndDevelopmentExpenses": 38777000,
    "generalAndAdministrativeExpenses": 69721000,
    "sellingAndMarketingExpenses": 115909000,
    "sellingGeneralAndAdministrativeExpenses": 185630000,
    "otherExpenses": 0,
    "operatingExpenses": 224407000,
    "costAndExpenses": 535843000,
    "interestIncome": 169000,
    "interestExpense": 7828000,
    "depreciationAndAmortization": 24561000,
    "ebitda": 210525000,
    "ebitdaratio": 0.2920154022,
    "operatingIncome": 185095000,
    "operatingIncomeRatio": 0.2567419112,
    "totalOtherIncomeExpensesNet": -7659000,
    "incomeBeforeTax": 177436000,
    "incomeBeforeTaxRatio": 0.2461182515,
    "incomeTaxExpense": 2478000,
    "netIncome": 174790000,
    "netIncomeRatio": 0.242448033,
    "eps": 2.04,
    "epsdiluted": 2.01,
    "weightedAverageShsOut": 85490000,
    "weightedAverageShsOutDil": 86904000,
    "link": "https://www.sec.gov/Archives/edgar/data/874716/000087471621000008/0000874716-21-000008-index.htm",
    "finalLink": "https://www.sec.gov/Archives/edgar/data/874716/000087471621000008/idxx-20201231.htm"
  },
  {
    "date": "2020-09-30",
    "symbol": "IDXX",
    "reportedCurrency": "USD",
    "cik": "0000874716",
    "fillingDate": "2020-10-29",
    "acceptedDate": "2020-10-29 15:43:08",
    "calendarYear": "2020",
    "period": "Q3",
    "revenue": 721789000,
    "costOfRevenue": 299183000,
    "grossProfit": 422606000,
    "grossProfitRatio": 0.5854979779,
    "researchAndDevelopmentExpenses": 37517000,
    "generalAndAdministrativeExpenses": 105031000,
    "sellingAndMarketingExpenses": 108202000,
    "sellingGeneralAndAdministrativeExpenses": 213233000,
    "otherExpenses": 0,
    "operatingExpenses": 250750000,
    "costAndExpenses": 549933000,
    "interestIncome": 208000,
    "interestExpense": 8110000,
    "depreciationAndAmortization": 24651000,
    "ebitda": 197415000,
    "ebitdaratio": 0.2735079088,
    "operatingIncome": 171856000,
    "operatingIncomeRatio": 0.2380972833,
    "totalOtherIncomeExpensesNet": -7902000,
    "incomeBeforeTax": 163954000,
    "incomeBeforeTaxRatio": 0.2271494855,
    "incomeTaxExpense": 17633000,
    "netIncome": 146219000,
    "netIncomeRatio": 0.2025785929,
    "eps": 1.71,
    "epsdiluted": 1.69,
    "weightedAverageShsOut": 85314000,
    "weightedAverageShsOutDil": 86690000,
    "link": "https://www.sec.gov/Archives/edgar/data/874716/000087471620000041/0000874716-20-000041-index.htm",
    "finalLink": "https://www.sec.gov/Archives/edgar/data/874716/000087471620000041/idxx-20200930.htm"
  },
  {
    "date": "2020-06-30",
    "symbol": "IDXX",
    "reportedCurrency": "USD",
    "cik": "0000874716",
    "fillingDate": "2020-07-31",
    "acceptedDate": "2020-07-31 13:28:31",
    "calendarYear": "2020",
    "period": "Q2",
    "revenue": 637592000,
    "costOfRevenue": 258250000,
    "grossProfit": 379342000,
    "grossProfitRatio": 0.5949604136,
    "researchAndDevelopmentExpenses": 31645000,
    "generalAndAdministrativeExpenses": 60268000,
    "sellingAndMarketingExpenses": 94181000,
    "sellingGeneralAndAdministrativeExpenses": 154449000,
    "otherExpenses": 0,
    "operatingExpenses": 186094000,
    "costAndExpenses": 444344000,
    "interestIncome": 69000,
    "interestExpense": 9495000,
    "depreciationAndAmortization": 23582000,
    "ebitda": 217599000,
    "ebitdaratio": 0.341282513,
    "operatingIncome": 193248000,
    "operatingIncomeRatio": 0.3030903775,
    "totalOtherIncomeExpensesNet": -9426000,
    "incomeBeforeTax": 183822000,
    "incomeBeforeTaxRatio": 0.2883066287,
    "incomeTaxExpense": 34826000,
    "netIncome": 148940000,
    "netIncomeRatio": 0.2335976612,
    "eps": 1.75,
    "epsdiluted": 1.72,
    "weightedAverageShsOut": 85134000,
    "weightedAverageShsOutDil": 86402000,
    "link": "https://www.sec.gov/Archives/edgar/data/874716/000087471620000031/0000874716-20-000031-index.htm",
    "finalLink": "https://www.sec.gov/Archives/edgar/data/874716/000087471620000031/idxx-20200630.htm"
  },
  {
    "date": "2020-03-31",
    "symbol": "IDXX",
    "reportedCurrency": "USD",
    "cik": "0000874716",
    "fillingDate": "2020-04-30",
    "acceptedDate": "2020-04-30 17:27:27",
    "calendarYear": "2020",
    "period": "Q1",
    "revenue": 626336000,
    "costOfRevenue": 266746000,
    "grossProfit": 359590000,
    "grossProfitRatio": 0.574116768,
    "researchAndDevelopmentExpenses": 33310000,
    "generalAndAdministrativeExpenses": 65812000,
    "sellingAndMarketingExpenses": 116143000,
    "sellingGeneralAndAdministrativeExpenses": 181955000,
    "otherExpenses": 0,
    "operatingExpenses": 215265000,
    "costAndExpenses": 482011000,
    "interestIncome": 140000,
    "interestExpense": 7692000,
    "depreciationAndAmortization": 23204000,
    "ebitda": 168369000,
    "ebitdaratio": 0.2688157794,
    "operatingIncome": 144325000,
    "operatingIncomeRatio": 0.2304274383,
    "totalOtherIncomeExpensesNet": -7552000,
    "incomeBeforeTax": 136773000,
    "incomeBeforeTaxRatio": 0.2183700123,
    "incomeTaxExpense": 24917000,
    "netIncome": 111827000,
    "netIncomeRatio": 0.1785415496,
    "eps": 1.31,
    "epsdiluted": 1.29,
    "weightedAverageShsOut": 85427000,
    "weightedAverageShsOutDil": 86705000,
    "link": "https://www.sec.gov/Archives/edgar/data/874716/000087471620000018/0000874716-20-000018-index.htm",
    "finalLink": "https://www.sec.gov/Archives/edgar/data/874716/000087471620000018/idxx2020q110-q.htm"
  },
  {
    "date": "2019-12-31",
    "symbol": "IDXX",
    "reportedCurrency": "USD",
    "cik": "0000874716",
    "fillingDate": "2020-02-14",
    "acceptedDate": "2020-02-14 17:08:09",
    "calendarYear": "2019",
    "period": "Q4",
    "revenue": 605446000,
    "costOfRevenue": 274297000,
    "grossProfit": 331149000,
    "grossProfitRatio": 0.5469505125,
    "researchAndDevelopmentExpenses": 35160000,
    "generalAndAdministrativeExpenses": 74664000,
    "sellingAndMarketingExpenses": 105694000,
    "sellingGeneralAndAdministrativeExpenses": 180358000,
    "otherExpenses": 0,
    "operatingExpenses": 215518000,
    "costAndExpenses": 489815000,
    "interestIncome": 268000,
    "interestExpense": 7393000,
    "depreciationAndAmortization": 22589000,
    "ebitda": 139188000,
    "ebitdaratio": 0.2298933348,
    "operatingIncome": 115631000,
    "operatingIncomeRatio": 0.1909848277,
    "totalOtherIncomeExpensesNet": -7125000,
    "incomeBeforeTax": 108506000,
    "incomeBeforeTaxRatio": 0.1792166436,
    "incomeTaxExpense": 17962000,
    "netIncome": 90496000,
    "netIncomeRatio": 0.1494699775,
    "eps": 1.05,
    "epsdiluted": 1.04,
    "weightedAverageShsOut": 85848000,
    "weightedAverageShsOutDil": 87212000,
    "link": "https://www.sec.gov/Archives/edgar/data/874716/000087471620000006/0000874716-20-000006-index.htm",
    "finalLink": "https://www.sec.gov/Archives/edgar/data/874716/000087471620000006/idxx201910k.htm"
  },
  {
    "date": "2019-09-30",
    "symbol": "IDXX",
    "reportedCurrency": "USD",
    "cik": "0000874716",
    "fillingDate": "2019-10-31",
    "acceptedDate": "2019-10-31 11:59:46",
    "calendarYear": "2019",
    "period": "Q3",
    "revenue": 605303000,
    "costOfRevenue": 260353000,
    "grossProfit": 344950000,
    "grossProfitRatio": 0.5698798783,
    "researchAndDevelopmentExpenses": 34260000,
    "generalAndAdministrativeExpenses": 66337000,
    "sellingAndMarketingExpenses": 104551000,
    "sellingGeneralAndAdministrativeExpenses": 170888000,
    "otherExpenses": 0,
    "operatingExpenses": 205148000,
    "costAndExpenses": 465501000,
    "interestIncome": 86000,
    "interestExpense": 7090000,
    "depreciationAndAmortization": 22446000,
    "ebitda": 162934000,
    "ebitdaratio": 0.2691775854,
    "operatingIncome": 139802000,
    "operatingIncomeRatio": 0.2309620141,
    "totalOtherIncomeExpensesNet": -7004000,
    "incomeBeforeTax": 132798000,
    "incomeBeforeTaxRatio": 0.2193909497,
    "incomeTaxExpense": 23960000,
    "netIncome": 108837000,
    "netIncomeRatio": 0.1798058163,
    "eps": 1.26,
    "epsdiluted": 1.24,
    "weightedAverageShsOut": 86198000,
    "weightedAverageShsOutDil": 87667000,
    "link": "https://www.sec.gov/Archives/edgar/data/874716/000087471619000036/0000874716-19-000036-index.htm",
    "finalLink": "https://www.sec.gov/Archives/edgar/data/874716/000087471619000036/idxx2019q310-q.htm"
  },
  {
    "date": "2019-06-30",
    "symbol": "IDXX",
    "reportedCurrency": "USD",
    "cik": "0000874716",
    "fillingDate": "2019-08-01",
    "acceptedDate": "2019-08-01 15:40:59",
    "calendarYear": "2019",
    "period": "Q2",
    "revenue": 620103000,
    "costOfRevenue": 262250000,
    "grossProfit": 357853000,
    "grossProfitRatio": 0.5770863873,
    "researchAndDevelopmentExpenses": 32259000,
    "generalAndAdministrativeExpenses": 59955000,
    "sellingAndMarketingExpenses": 101364000,
    "sellingGeneralAndAdministrativeExpenses": 161319000,
    "otherExpenses": 0,
    "operatingExpenses": 193578000,
    "costAndExpenses": 455828000,
    "interestIncome": 33000,
    "interestExpense": 8186000,
    "depreciationAndAmortization": 21621000,
    "ebitda": 186529000,
    "ebitdaratio": 0.3008032537,
    "operatingIncome": 164275000,
    "operatingIncomeRatio": 0.2649156672,
    "totalOtherIncomeExpensesNet": -8153000,
    "incomeBeforeTax": 156122000,
    "incomeBeforeTaxRatio": 0.2517678515,
    "incomeTaxExpense": 30421000,
    "netIncome": 125706000,
    "netIncomeRatio": 0.2027179356,
    "eps": 1.46,
    "epsdiluted": 1.43,
    "weightedAverageShsOut": 86215000,
    "weightedAverageShsOutDil": 87615000,
    "link": "https://www.sec.gov/Archives/edgar/data/874716/000087471619000033/0000874716-19-000033-index.htm",
    "finalLink": "https://www.sec.gov/Archives/edgar/data/874716/000087471619000033/idxx2019q210-q.htm"
  },
  {
    "date": "2019-03-31",
    "symbol": "IDXX",
    "reportedCurrency": "USD",
    "cik": "0000874716",
    "fillingDate": "2019-05-01",
    "acceptedDate": "2019-05-01 16:00:09",
    "calendarYear": "2019",
    "period": "Q1",
    "revenue": 576056000,
    "costOfRevenue": 244459000,
    "grossProfit": 331597000,
    "grossProfitRatio": 0.5756332718,
    "researchAndDevelopmentExpenses": 31514000,
    "generalAndAdministrativeExpenses": 60361000,
    "sellingAndMarketingExpenses": 106584000,
    "sellingGeneralAndAdministrativeExpenses": 166945000,
    "otherExpenses": 0,
    "operatingExpenses": 198459000,
    "costAndExpenses": 442918000,
    "interestIncome": 40000,
    "interestExpense": 8386000,
    "depreciationAndAmortization": 21355000,
    "ebitda": 155033000,
    "ebitdaratio": 0.2691283486,
    "operatingIncome": 133138000,
    "operatingIncomeRatio": 0.2311198911,
    "totalOtherIncomeExpensesNet": -8346000,
    "incomeBeforeTax": 124792000,
    "incomeBeforeTaxRatio": 0.2166317164,
    "incomeTaxExpense": 22083000,
    "netIncome": 102681000,
    "netIncomeRatio": 0.1782482953,
    "eps": 1.19,
    "epsdiluted": 1.17,
    "weightedAverageShsOut": 86204000,
    "weightedAverageShsOutDil": 87549000,
    "link": "https://www.sec.gov/Archives/edgar/data/874716/000087471619000017/0000874716-19-000017-index.htm",
    "finalLink": "https://www.sec.gov/Archives/edgar/data/874716/000087471619000017/idxx2019q110-q.htm"
  },
  {
    "date": "2018-12-31",
    "symbol": "IDXX",
    "reportedCurrency": "USD",
    "cik": "0000874716",
    "fillingDate": "2019-02-15",
    "acceptedDate": "2019-02-15 15:13:08",
    "calendarYear": "2018",
    "period": "Q4",
    "revenue": 549386000,
    "costOfRevenue": 249025000,
    "grossProfit": 300361000,
    "grossProfitRatio": 0.5467212488,
    "researchAndDevelopmentExpenses": 30138000,
    "generalAndAdministrativeExpenses": 58972000,
    "sellingAndMarketingExpenses": 95904000,
    "sellingGeneralAndAdministrativeExpenses": 154876000,
    "otherExpenses": 0,
    "operatingExpenses": 185014000,
    "costAndExpenses": 434039000,
    "interestIncome": 258000,
    "interestExpense": 8560000,
    "depreciationAndAmortization": 20604000,
    "ebitda": 136209000,
    "ebitdaratio": 0.2479295068,
    "operatingIncome": 115347000,
    "operatingIncomeRatio": 0.2099562057,
    "totalOtherIncomeExpensesNet": -8302000,
    "incomeBeforeTax": 107045000,
    "incomeBeforeTaxRatio": 0.1948447904,
    "incomeTaxExpense": 21368000,
    "netIncome": 85638000,
    "netIncomeRatio": 0.1558794727,
    "eps": 0.99,
    "epsdiluted": 0.98,
    "weightedAverageShsOut": 86379000,
    "weightedAverageShsOutDil": 87807000,
    "link": "https://www.sec.gov/Archives/edgar/data/874716/000087471619000004/0000874716-19-000004-index.htm",
    "finalLink": "https://www.sec.gov/Archives/edgar/data/874716/000087471619000004/idxx201810k.htm"
  },
  {
    "date": "2018-09-30",
    "symbol": "IDXX",
    "reportedCurrency": "USD",
    "cik": "0000874716",
    "fillingDate": "2018-11-01",
    "acceptedDate": "2018-11-01 14:31:21",
    "calendarYear": "2018",
    "period": "Q3",
    "revenue": 545448000,
    "costOfRevenue": 239805000,
    "grossProfit": 305643000,
    "grossProfitRatio": 0.5603522242,
    "researchAndDevelopmentExpenses": 29192000,
    "generalAndAdministrativeExpenses": 63955000,
    "sellingAndMarketingExpenses": 95146000,
    "sellingGeneralAndAdministrativeExpenses": 159101000,
    "otherExpenses": 0,
    "operatingExpenses": 188293000,
    "costAndExpenses": 428098000,
    "interestIncome": 142000,
    "interestExpense": 8453000,
    "depreciationAndAmortization": 20878000,
    "ebitda": 138370000,
    "ebitdaratio": 0.2536813775,
    "operatingIncome": 117350000,
    "operatingIncomeRatio": 0.2151442484,
    "totalOtherIncomeExpensesNet": -8311000,
    "incomeBeforeTax": 109039000,
    "incomeBeforeTaxRatio": 0.1999072322,
    "incomeTaxExpense": 15825000,
    "netIncome": 93251000,
    "netIncomeRatio": 0.1709622182,
    "eps": 1.07,
    "epsdiluted": 1.05,
    "weightedAverageShsOut": 86756000,
    "weightedAverageShsOutDil": 88453000,
    "link": "https://www.sec.gov/Archives/edgar/data/874716/000087471618000015/0000874716-18-000015-index.htm",
    "finalLink": "https://www.sec.gov/Archives/edgar/data/874716/000087471618000015/idxx2018q310-q.htm"
  },
  {
    "date": "2018-06-30",
    "symbol": "IDXX",
    "reportedCurrency": "USD",
    "cik": "0000874716",
    "fillingDate": "2018-08-01",
    "acceptedDate": "2018-08-01 14:43:56",
    "calendarYear": "2018",
    "period": "Q2",
    "revenue": 580752000,
    "costOfRevenue": 248313000,
    "grossProfit": 332439000,
    "grossProfitRatio": 0.5724285065,
    "researchAndDevelopmentExpenses": 29510000,
    "generalAndAdministrativeExpenses": 61080000,
    "sellingAndMarketingExpenses": 96255000,
    "sellingGeneralAndAdministrativeExpenses": 157335000,
    "otherExpenses": 0,
    "operatingExpenses": 186845000,
    "costAndExpenses": 435158000,
    "interestIncome": 172000,
    "interestExpense": 8457000,
    "depreciationAndAmortization": 20892000,
    "ebitda": 166658000,
    "ebitdaratio": 0.2869693088,
    "operatingIncome": 145594000,
    "operatingIncomeRatio": 0.2506990936,
    "totalOtherIncomeExpensesNet": -8285000,
    "incomeBeforeTax": 137309000,
    "incomeBeforeTaxRatio": 0.2364331074,
    "incomeTaxExpense": 28629000,
    "netIncome": 108691000,
    "netIncomeRatio": 0.1871556189,
    "eps": 1.25,
    "epsdiluted": 1.23,
    "weightedAverageShsOut": 87004000,
    "weightedAverageShsOutDil": 88596000,
    "link": "https://www.sec.gov/Archives/edgar/data/874716/000087471618000012/0000874716-18-000012-index.htm",
    "finalLink": "https://www.sec.gov/Archives/edgar/data/874716/000087471618000012/idxx2018q210-q.htm"
  },
  {
    "date": "2018-03-31",
    "symbol": "IDXX",
    "reportedCurrency": "USD",
    "cik": "0000874716",
    "fillingDate": "2018-05-04",
    "acceptedDate": "2018-05-04 13:42:33",
    "calendarYear": "2018",
    "period": "Q1",
    "revenue": 537656000,
    "costOfRevenue": 234557000,
    "grossProfit": 303099000,
    "grossProfitRatio": 0.5637415001,
    "researchAndDevelopmentExpenses": 29023000,
    "generalAndAdministrativeExpenses": 60931000,
    "sellingAndMarketingExpenses": 100101000,
    "sellingGeneralAndAdministrativeExpenses": 161032000,
    "otherExpenses": 0,
    "operatingExpenses": 190055000,
    "costAndExpenses": 424612000,
    "interestIncome": 579000,
    "interestExpense": 9274000,
    "depreciationAndAmortization": 20804000,
    "ebitda": 134427000,
    "ebitdaratio": 0.250024179,
    "operatingIncome": 113044000,
    "operatingIncomeRatio": 0.2102533962,
    "totalOtherIncomeExpensesNet": -8695000,
    "incomeBeforeTax": 104349000,
    "incomeBeforeTaxRatio": 0.1940813457,
    "incomeTaxExpense": 14873000,
    "netIncome": 89451000,
    "netIncomeRatio": 0.1663721785,
    "eps": 1.02,
    "epsdiluted": 1.01,
    "weightedAverageShsOut": 87331000,
    "weightedAverageShsOutDil": 88944000,
    "link": "https://www.sec.gov/Archives/edgar/data/874716/000087471618000008/0000874716-18-000008-index.htm",
    "finalLink": "https://www.sec.gov/Archives/edgar/data/874716/000087471618000008/idxx-20180331x10q.htm"
  },
  {
    "date": "2017-12-31",
    "symbol": "IDXX",
    "reportedCurrency": "USD",
    "cik": "0000874716",
    "fillingDate": "2018-02-16",
    "acceptedDate": "2018-02-16 14:51:54",
    "calendarYear": "2017",
    "period": "Q4",
    "revenue": 506121000,
    "costOfRevenue": 233647000,
    "grossProfit": 272474000,
    "grossProfitRatio": 0.5383574284,
    "researchAndDevelopmentExpenses": 28809000,
    "generalAndAdministrativeExpenses": 55318000,
    "sellingAndMarketingExpenses": 90539000,
    "sellingGeneralAndAdministrativeExpenses": 145857000,
    "otherExpenses": 0,
    "operatingExpenses": 174666000,
    "costAndExpenses": 408313000,
    "interestIncome": 1595000,
    "interestExpense": 9717000,
    "depreciationAndAmortization": 21520000,
    "ebitda": 120923000,
    "ebitdaratio": 0.2389211276,
    "operatingIncome": 97808000,
    "operatingIncomeRatio": 0.1932502307,
    "totalOtherIncomeExpensesNet": -8122000,
    "incomeBeforeTax": 89686000,
    "incomeBeforeTaxRatio": 0.1772026847,
    "incomeTaxExpense": 51396000,
    "netIncome": 38257000,
    "netIncomeRatio": 0.0755886438,
    "eps": 0.44,
    "epsdiluted": 0.43,
    "weightedAverageShsOut": 87427000,
    "weightedAverageShsOutDil": 89045000,
    "link": "https://www.sec.gov/Archives/edgar/data/874716/000087471618000005/0000874716-18-000005-index.htm",
    "finalLink": "https://www.sec.gov/Archives/edgar/data/874716/000087471618000005/idxx-20171231x10k.htm"
  },
  {
    "date": "2017-09-30",
    "symbol": "IDXX",
    "reportedCurrency": "USD",
    "cik": "0000874716",
    "fillingDate": "2017-10-31",
    "acceptedDate": "2017-10-31 15:05:42",
    "calendarYear": "2017",
    "period": "Q3",
    "revenue": 491976000,
    "costOfRevenue": 217974000,
    "grossProfit": 274002000,
    "grossProfitRatio": 0.556941802,
    "researchAndDevelopmentExpenses": 27585000,
    "generalAndAdministrativeExpenses": 57186000,
    "sellingAndMarketingExpenses": 88818000,
    "sellingGeneralAndAdministrativeExpenses": 146004000,
    "otherExpenses": 0,
    "operatingExpenses": 173589000,
    "costAndExpenses": 391563000,
    "interestIncome": 1400000,
    "interestExpense": 9764000,
    "depreciationAndAmortization": 20727000,
    "ebitda": 122540000,
    "ebitdaratio": 0.2490771908,
    "operatingIncome": 100413000,
    "operatingIncomeRatio": 0.2041014196,
    "totalOtherIncomeExpensesNet": -8364000,
    "incomeBeforeTax": 92049000,
    "incomeBeforeTaxRatio": 0.1871005903,
    "incomeTaxExpense": 21535000,
    "netIncome": 70511000,
    "netIncomeRatio": 0.143322032,
    "eps": 0.81,
    "epsdiluted": 0.79,
    "weightedAverageShsOut": 87537000,
    "weightedAverageShsOutDil": 89256000,
    "link": "https://www.sec.gov/Archives/edgar/data/874716/000087471617000016/0000874716-17-000016-index.htm",
    "finalLink": "https://www.sec.gov/Archives/edgar/data/874716/000087471617000016/idxx-20170930x10q.htm"
  },
  {
    "date": "2017-06-30",
    "symbol": "IDXX",
    "reportedCurrency": "USD",
    "cik": "0000874716",
    "fillingDate": "2017-08-01",
    "acceptedDate": "2017-08-01 15:31:46",
    "calendarYear": "2017",
    "period": "Q2",
    "revenue": 508940000,
    "costOfRevenue": 216225000,
    "grossProfit": 292715000,
    "grossProfitRatio": 0.5751463827,
    "researchAndDevelopmentExpenses": 26998000,
    "generalAndAdministrativeExpenses": 55460000,
    "sellingAndMarketingExpenses": 87693000,
    "sellingGeneralAndAdministrativeExpenses": 143153000,
    "otherExpenses": 0,
    "operatingExpenses": 170151000,
    "costAndExpenses": 386376000,
    "interestIncome": 1176000,
    "interestExpense": 9155000,
    "depreciationAndAmortization": 20586000,
    "ebitda": 144326000,
    "ebitdaratio": 0.2835815617,
    "operatingIncome": 122564000,
    "operatingIncomeRatio": 0.2408221008,
    "totalOtherIncomeExpensesNet": -7979000,
    "incomeBeforeTax": 114585000,
    "incomeBeforeTaxRatio": 0.2251444178,
    "incomeTaxExpense": 29178000,
    "netIncome": 85357000,
    "netIncomeRatio": 0.1677152513,
    "eps": 0.97,
    "epsdiluted": 0.95,
    "weightedAverageShsOut": 88004000,
    "weightedAverageShsOutDil": 89878000,
    "link": "https://www.sec.gov/Archives/edgar/data/874716/000087471617000011/0000874716-17-000011-index.htm",
    "finalLink": "https://www.sec.gov/Archives/edgar/data/874716/000087471617000011/c716-20170630x10q.htm"
  },
  {
    "date": "2017-03-31",
    "symbol": "IDXX",
    "reportedCurrency": "USD",
    "cik": "0000874716",
    "fillingDate": "2017-04-28",
    "acceptedDate": "2017-04-28 11:20:18",
    "calendarYear": "2017",
    "period": "Q1",
    "revenue": 462021000,
    "costOfRevenue": 203830000,
    "grossProfit": 258191000,
    "grossProfitRatio": 0.558829577,
    "researchAndDevelopmentExpenses": 25790000,
    "generalAndAdministrativeExpenses": 52914000,
    "sellingAndMarketingExpenses": 87244000,
    "sellingGeneralAndAdministrativeExpenses": 140158000,
    "otherExpenses": 0,
    "operatingExpenses": 165948000,
    "costAndExpenses": 369778000,
    "interestIncome": 1083000,
    "interestExpense": 8589000,
    "depreciationAndAmortization": 20307000,
    "ebitda": 113633000,
    "ebitdaratio": 0.245947695,
    "operatingIncome": 92243000,
    "operatingIncomeRatio": 0.1996510981,
    "totalOtherIncomeExpensesNet": -7506000,
    "incomeBeforeTax": 84737000,
    "incomeBeforeTaxRatio": 0.1834050833,
    "incomeTaxExpense": 15679000,
    "netIncome": 69019000,
    "netIncomeRatio": 0.1493849847,
    "eps": 0.78,
    "epsdiluted": 0.77,
    "weightedAverageShsOut": 88117000,
    "weightedAverageShsOutDil": 89994000,
    "link": "https://www.sec.gov/Archives/edgar/data/874716/000087471617000007/0000874716-17-000007-index.htm",
    "finalLink": "https://www.sec.gov/Archives/edgar/data/874716/000087471617000007/c716-20170331x10q.htm"
  },
  {
    "date": "2016-12-31",
    "symbol": "IDXX",
    "reportedCurrency": "USD",
    "cik": "0000874716",
    "fillingDate": "2017-02-17",
    "acceptedDate": "2017-02-17 16:43:46",
    "calendarYear": "2016",
    "period": "Q4",
    "revenue": 442996000,
    "costOfRevenue": 202370000,
    "grossProfit": 240626000,
    "grossProfitRatio": 0.5431787194,
    "researchAndDevelopmentExpenses": 25418000,
    "generalAndAdministrativeExpenses": 50778000,
    "sellingAndMarketingExpenses": 80605000,
    "sellingGeneralAndAdministrativeExpenses": 131383000,
    "otherExpenses": 0,
    "operatingExpenses": 156801000,
    "costAndExpenses": 359171000,
    "interestIncome": 1057000,
    "interestExpense": 7755000,
    "depreciationAndAmortization": 20241000,
    "ebitda": 105123000,
    "ebitdaratio": 0.2373001111,
    "operatingIncome": 83825000,
    "operatingIncomeRatio": 0.1892229275,
    "totalOtherIncomeExpensesNet": -6698000,
    "incomeBeforeTax": 77127000,
    "incomeBeforeTaxRatio": 0.1741031522,
    "incomeTaxExpense": 24756000,
    "netIncome": 52369000,
    "netIncomeRatio": 0.1182155144,
    "eps": 0.59,
    "epsdiluted": 0.58,
    "weightedAverageShsOut": 89294000,
    "weightedAverageShsOutDil": 90589000,
    "link": "https://www.sec.gov/Archives/edgar/data/874716/000087471617000004/0000874716-17-000004-index.htm",
    "finalLink": "https://www.sec.gov/Archives/edgar/data/874716/000087471617000004/c716-20161231x10k.htm"
  },
  {
    "date": "2016-09-30",
    "symbol": "IDXX",
    "reportedCurrency": "USD",
    "cik": "0000874716",
    "fillingDate": "2016-11-01",
    "acceptedDate": "2016-11-01 14:10:56",
    "calendarYear": "2016",
    "period": "Q3",
    "revenue": 448308000,
    "costOfRevenue": 201578000,
    "grossProfit": 246730000,
    "grossProfitRatio": 0.5503582359,
    "researchAndDevelopmentExpenses": 25672000,
    "generalAndAdministrativeExpenses": 52627000,
    "sellingAndMarketingExpenses": 79972000,
    "sellingGeneralAndAdministrativeExpenses": 132599000,
    "otherExpenses": 0,
    "operatingExpenses": 158271000,
    "costAndExpenses": 359849000,
    "interestIncome": 851000,
    "interestExpense": 7786000,
    "depreciationAndAmortization": 19767000,
    "ebitda": 109077000,
    "ebitdaratio": 0.2433081721,
    "operatingIncome": 88459000,
    "operatingIncomeRatio": 0.1973174692,
    "totalOtherIncomeExpensesNet": -6935000,
    "incomeBeforeTax": 81524000,
    "incomeBeforeTaxRatio": 0.1818481937,
    "incomeTaxExpense": 25072000,
    "netIncome": 56455000,
    "netIncomeRatio": 0.1259290488,
    "eps": 0.63,
    "epsdiluted": 0.62,
    "weightedAverageShsOut": 89894000,
    "weightedAverageShsOutDil": 91138000,
    "link": "https://www.sec.gov/Archives/edgar/data/874716/000087471616000034/0000874716-16-000034-index.htm",
    "finalLink": "https://www.sec.gov/Archives/edgar/data/874716/000087471616000034/c716-20160930x10q.htm"
  },
  {
    "date": "2016-06-30",
    "symbol": "IDXX",
    "reportedCurrency": "USD",
    "cik": "0000874716",
    "fillingDate": "2016-08-02",
    "acceptedDate": "2016-08-02 15:21:01",
    "calendarYear": "2016",
    "period": "Q2",
    "revenue": 466569000,
    "costOfRevenue": 206026000,
    "grossProfit": 260543000,
    "grossProfitRatio": 0.5584232986,
    "researchAndDevelopmentExpenses": 25412000,
    "generalAndAdministrativeExpenses": 54317000,
    "sellingAndMarketingExpenses": 76652000,
    "sellingGeneralAndAdministrativeExpenses": 130969000,
    "otherExpenses": 0,
    "operatingExpenses": 156381000,
    "costAndExpenses": 362407000,
    "interestIncome": 928000,
    "interestExpense": 8204000,
    "depreciationAndAmortization": 19664000,
    "ebitda": 124754000,
    "ebitdaratio": 0.2673859601,
    "operatingIncome": 104162000,
    "operatingIncomeRatio": 0.223251009,
    "totalOtherIncomeExpensesNet": -7276000,
    "incomeBeforeTax": 96886000,
    "incomeBeforeTaxRatio": 0.2076563166,
    "incomeTaxExpense": 29680000,
    "netIncome": 67202000,
    "netIncomeRatio": 0.1440344301,
    "eps": 0.75,
    "epsdiluted": 0.74,
    "weightedAverageShsOut": 89824000,
    "weightedAverageShsOutDil": 90817000,
    "link": "https://www.sec.gov/Archives/edgar/data/874716/000087471616000030/0000874716-16-000030-index.htm",
    "finalLink": "https://www.sec.gov/Archives/edgar/data/874716/000087471616000030/c716-20160630x10q.htm"
  },
  {
    "date": "2016-03-31",
    "symbol": "IDXX",
    "reportedCurrency": "USD",
    "cik": "0000874716",
    "fillingDate": "2016-04-29",
    "acceptedDate": "2016-04-29 14:14:06",
    "calendarYear": "2016",
    "period": "Q1",
    "revenue": 417550000,
    "costOfRevenue": 190013000,
    "grossProfit": 227537000,
    "grossProfitRatio": 0.5449335409,
    "researchAndDevelopmentExpenses": 24620000,
    "generalAndAdministrativeExpenses": 49295000,
    "sellingAndMarketingExpenses": 79829000,
    "sellingGeneralAndAdministrativeExpenses": 129124000,
    "otherExpenses": 0,
    "operatingExpenses": 153744000,
    "costAndExpenses": 343757000,
    "interestIncome": 820000,
    "interestExpense": 8304000,
    "depreciationAndAmortization": 18546000,
    "ebitda": 93159000,
    "ebitdaratio": 0.2231086097,
    "operatingIncome": 73793000,
    "operatingIncomeRatio": 0.1767285355,
    "totalOtherIncomeExpensesNet": -7484000,
    "incomeBeforeTax": 66309000,
    "incomeBeforeTaxRatio": 0.1588049335,
    "incomeTaxExpense": 20284000,
    "netIncome": 46019000,
    "netIncomeRatio": 0.1102119507,
    "eps": 0.51,
    "epsdiluted": 0.51,
    "weightedAverageShsOut": 89924000,
    "weightedAverageShsOutDil": 90838000,
    "link": "https://www.sec.gov/Archives/edgar/data/874716/000087471616000026/0000874716-16-000026-index.htm",
    "finalLink": "https://www.sec.gov/Archives/edgar/data/874716/000087471616000026/c716-20160331x10q.htm"
  },
  {
    "date": "2015-12-31",
    "symbol": "IDXX",
    "reportedCurrency": "USD",
    "cik": "0000874716",
    "fillingDate": "2016-02-17",
    "acceptedDate": "2016-02-16 18:24:34",
    "calendarYear": "2015",
    "period": "Q4",
    "revenue": 399685000,
    "costOfRevenue": 181990000,
    "grossProfit": 217695000,
    "grossProfitRatio": 0.5446664248,
    "researchAndDevelopmentExpenses": 25496000,
    "generalAndAdministrativeExpenses": 48793000,
    "sellingAndMarketingExpenses": 76495000,
    "sellingGeneralAndAdministrativeExpenses": 125288000,
    "otherExpenses": 0,
    "operatingExpenses": 150784000,
    "costAndExpenses": 332774000,
    "interestIncome": 800000,
    "interestExpense": 7126000,
    "depreciationAndAmortization": 17729000,
    "ebitda": 85440000,
    "ebitdaratio": 0.2137683426,
    "operatingIncome": 66911000,
    "operatingIncomeRatio": 0.1674093349,
    "totalOtherIncomeExpensesNet": -7126000,
    "incomeBeforeTax": 59785000,
    "incomeBeforeTaxRatio": 0.1495802945,
    "incomeTaxExpense": 15395000,
    "netIncome": 44349000,
    "netIncomeRatio": 0.1109598809,
    "eps": 0.49,
    "epsdiluted": 0.48,
    "weightedAverageShsOut": 90841000,
    "weightedAverageShsOutDil": 91788000,
    "link": "https://www.sec.gov/Archives/edgar/data/874716/000087471616000020/0000874716-16-000020-index.htm",
    "finalLink": "https://www.sec.gov/Archives/edgar/data/874716/000087471616000020/c716-20151231x10k.htm"
  },
  {
    "date": "2015-09-30",
    "symbol": "IDXX",
    "reportedCurrency": "USD",
    "cik": "0000874716",
    "fillingDate": "2015-10-28",
    "acceptedDate": "2015-10-28 15:28:37",
    "calendarYear": "2015",
    "period": "Q3",
    "revenue": 406387000,
    "costOfRevenue": 182113000,
    "grossProfit": 224274000,
    "grossProfitRatio": 0.5518729684,
    "researchAndDevelopmentExpenses": 24862000,
    "generalAndAdministrativeExpenses": 46198000,
    "sellingAndMarketingExpenses": 73107000,
    "sellingGeneralAndAdministrativeExpenses": 119305000,
    "otherExpenses": 0,
    "operatingExpenses": 144167000,
    "costAndExpenses": 326280000,
    "interestIncome": 684000,
    "interestExpense": 7750000,
    "depreciationAndAmortization": 18283000,
    "ebitda": 90862000,
    "ebitdaratio": 0.223584908,
    "operatingIncome": 71895000,
    "operatingIncomeRatio": 0.1769126473,
    "totalOtherIncomeExpensesNet": -7066000,
    "incomeBeforeTax": 64829000,
    "incomeBeforeTaxRatio": 0.1595252801,
    "incomeTaxExpense": 20600000,
    "netIncome": 44223000,
    "netIncomeRatio": 0.108819918,
    "eps": 0.48,
    "epsdiluted": 0.48,
    "weightedAverageShsOut": 91944000,
    "weightedAverageShsOutDil": 92897000,
    "link": "https://www.sec.gov/Archives/edgar/data/874716/000087471615000015/0000874716-15-000015-index.htm",
    "finalLink": "https://www.sec.gov/Archives/edgar/data/874716/000087471615000015/c716-20150930x10q.htm"
  },
  {
    "date": "2015-06-30",
    "symbol": "IDXX",
    "reportedCurrency": "USD",
    "cik": "0000874716",
    "fillingDate": "2015-07-30",
    "acceptedDate": "2015-07-30 13:43:41",
    "calendarYear": "2015",
    "period": "Q2",
    "revenue": 413343000,
    "costOfRevenue": 180586000,
    "grossProfit": 232757000,
    "grossProfitRatio": 0.5631086047,
    "researchAndDevelopmentExpenses": 24317000,
    "generalAndAdministrativeExpenses": 44920000,
    "sellingAndMarketingExpenses": 75217000,
    "sellingGeneralAndAdministrativeExpenses": 120137000,
    "otherExpenses": 0,
    "operatingExpenses": 144454000,
    "costAndExpenses": 325040000,
    "interestIncome": 559000,
    "interestExpense": 7259000,
    "depreciationAndAmortization": 16790000,
    "ebitda": 105652000,
    "ebitdaratio": 0.2556036996,
    "operatingIncome": 88303000,
    "operatingIncomeRatio": 0.2136312941,
    "totalOtherIncomeExpensesNet": -6700000,
    "incomeBeforeTax": 81603000,
    "incomeBeforeTaxRatio": 0.1974219958,
    "incomeTaxExpense": 24665000,
    "netIncome": 56912000,
    "netIncomeRatio": 0.1376871025,
    "eps": 0.61,
    "epsdiluted": 0.6,
    "weightedAverageShsOut": 93384000,
    "weightedAverageShsOutDil": 94306000,
    "link": "https://www.sec.gov/Archives/edgar/data/874716/000087471615000012/0000874716-15-000012-index.htm",
    "finalLink": "https://www.sec.gov/Archives/edgar/data/874716/000087471615000012/c716-20150630x10q.htm"
  },
  {
    "date": "2015-03-31",
    "symbol": "IDXX",
    "reportedCurrency": "USD",
    "cik": "0000874716",
    "fillingDate": "2015-04-28",
    "acceptedDate": "2015-04-28 16:11:20",
    "calendarYear": "2015",
    "period": "Q1",
    "revenue": 382477000,
    "costOfRevenue": 166933000,
    "grossProfit": 215544000,
    "grossProfitRatio": 0.563547612,
    "researchAndDevelopmentExpenses": 25006000,
    "generalAndAdministrativeExpenses": 42599000,
    "sellingAndMarketingExpenses": 75136000,
    "sellingGeneralAndAdministrativeExpenses": 117735000,
    "otherExpenses": 0,
    "operatingExpenses": 142741000,
    "costAndExpenses": 309674000,
    "interestIncome": 425000,
    "interestExpense": 5879000,
    "depreciationAndAmortization": 16154000,
    "ebitda": 89382000,
    "ebitdaratio": 0.2336924835,
    "operatingIncome": 72803000,
    "operatingIncomeRatio": 0.1903460862,
    "totalOtherIncomeExpensesNet": -5879000,
    "incomeBeforeTax": 66924000,
    "incomeBeforeTaxRatio": 0.1749752273,
    "incomeTaxExpense": 20346000,
    "netIncome": 46594000,
    "netIncomeRatio": 0.1218217043,
    "eps": 0.49,
    "epsdiluted": 0.49,
    "weightedAverageShsOut": 94280000,
    "weightedAverageShsOutDil": 95521000,
    "link": "https://www.sec.gov/Archives/edgar/data/874716/000087471615000009/0000874716-15-000009-index.htm",
    "finalLink": "https://www.sec.gov/Archives/edgar/data/874716/000087471615000009/c716-20150331x10q.htm"
  },
  {
    "date": "2014-12-31",
    "symbol": "IDXX",
    "reportedCurrency": "USD",
    "cik": "0000874716",
    "fillingDate": "2015-02-17",
    "acceptedDate": "2015-02-17 15:17:44",
    "calendarYear": "2014",
    "period": "Q4",
    "revenue": 351959000,
    "costOfRevenue": 169794000,
    "grossProfit": 182165000,
    "grossProfitRatio": 0.5175744902,
    "researchAndDevelopmentExpenses": 24869000,
    "generalAndAdministrativeExpenses": 45257000,
    "sellingAndMarketingExpenses": 77238000,
    "sellingGeneralAndAdministrativeExpenses": 122495000,
    "otherExpenses": 0,
    "operatingExpenses": 147364000,
    "costAndExpenses": 317158000,
    "interestIncome": 457000,
    "interestExpense": 4939000,
    "depreciationAndAmortization": 15278000,
    "ebitda": 50536000,
    "ebitdaratio": 0.1435849062,
    "operatingIncome": 34801000,
    "operatingIncomeRatio": 0.0988779943,
    "totalOtherIncomeExpensesNet": -4939000,
    "incomeBeforeTax": 29862000,
    "incomeBeforeTaxRatio": 0.0848451098,
    "incomeTaxExpense": 3911000,
    "netIncome": 25961000,
    "netIncomeRatio": 0.0737614324,
    "eps": 0.27,
    "epsdiluted": 0.27,
    "weightedAverageShsOut": 95500000,
    "weightedAverageShsOutDil": 96860000,
    "link": "https://www.sec.gov/Archives/edgar/data/874716/000087471615000003/0000874716-15-000003-index.htm",
    "finalLink": "https://www.sec.gov/Archives/edgar/data/874716/000087471615000003/c716-20141231x10k.htm"
  },
  {
    "date": "2014-09-30",
    "symbol": "IDXX",
    "reportedCurrency": "USD",
    "cik": "0000874716",
    "fillingDate": "2014-10-24",
    "acceptedDate": "2014-10-24 16:30:33",
    "calendarYear": "2014",
    "period": "Q3",
    "revenue": 383523000,
    "costOfRevenue": 170187000,
    "grossProfit": 213336000,
    "grossProfitRatio": 0.5562534711,
    "researchAndDevelopmentExpenses": 24847000,
    "generalAndAdministrativeExpenses": 45698000,
    "sellingAndMarketingExpenses": 70602000,
    "sellingGeneralAndAdministrativeExpenses": 116300000,
    "otherExpenses": 0,
    "operatingExpenses": 141147000,
    "costAndExpenses": 311334000,
    "interestIncome": 313000,
    "interestExpense": 4294000,
    "depreciationAndAmortization": 15521000,
    "ebitda": 88023000,
    "ebitdaratio": 0.229511659,
    "operatingIncome": 72189000,
    "operatingIncomeRatio": 0.1882259995,
    "totalOtherIncomeExpensesNet": -3981000,
    "incomeBeforeTax": 68208000,
    "incomeBeforeTaxRatio": 0.177845918,
    "incomeTaxExpense": 16045000,
    "netIncome": 52142000,
    "netIncomeRatio": 0.1359553404,
    "eps": 0.52,
    "epsdiluted": 0.52,
    "weightedAverageShsOut": 99489000,
    "weightedAverageShsOutDil": 100800000,
    "link": "https://www.sec.gov/Archives/edgar/data/874716/000087471614000011/0000874716-14-000011-index.htm",
    "finalLink": "https://www.sec.gov/Archives/edgar/data/874716/000087471614000011/idxx-20140930x10q.htm"
  },
  {
    "date": "2014-06-30",
    "symbol": "IDXX",
    "reportedCurrency": "USD",
    "cik": "0000874716",
    "fillingDate": "2014-07-25",
    "acceptedDate": "2014-07-25 15:53:25",
    "calendarYear": "2014",
    "period": "Q2",
    "revenue": 390122000,
    "costOfRevenue": 171604000,
    "grossProfit": 218518000,
    "grossProfitRatio": 0.5601273448,
    "researchAndDevelopmentExpenses": 25433000,
    "generalAndAdministrativeExpenses": 41846000,
    "sellingAndMarketingExpenses": 68020000,
    "sellingGeneralAndAdministrativeExpenses": 109866000,
    "otherExpenses": 0,
    "operatingExpenses": 135299000,
    "costAndExpenses": 306903000,
    "interestIncome": 488000,
    "interestExpense": 2965000,
    "depreciationAndAmortization": 14695000,
    "ebitda": 98402000,
    "ebitdaratio": 0.2522339166,
    "operatingIncome": 83219000,
    "operatingIncomeRatio": 0.2133153219,
    "totalOtherIncomeExpensesNet": -2477000,
    "incomeBeforeTax": 80742000,
    "incomeBeforeTaxRatio": 0.206966026,
    "incomeTaxExpense": 23498000,
    "netIncome": 57218000,
    "netIncomeRatio": 0.1466669401,
    "eps": 0.56,
    "epsdiluted": 0.55,
    "weightedAverageShsOut": 102250000,
    "weightedAverageShsOutDil": 103590000,
    "link": "https://www.sec.gov/Archives/edgar/data/874716/000156276214000179/0001562762-14-000179-index.htm",
    "finalLink": "https://www.sec.gov/Archives/edgar/data/874716/000156276214000179/idxx-20140630x10q.htm"
  },
  {
    "date": "2014-03-31",
    "symbol": "IDXX",
    "reportedCurrency": "USD",
    "cik": "0000874716",
    "fillingDate": "2014-04-25",
    "acceptedDate": "2014-04-25 16:04:07",
    "calendarYear": "2014",
    "period": "Q1",
    "revenue": 360203000,
    "costOfRevenue": 158106000,
    "grossProfit": 202097000,
    "grossProfitRatio": 0.5610641777,
    "researchAndDevelopmentExpenses": 23114000,
    "generalAndAdministrativeExpenses": 41089000,
    "sellingAndMarketingExpenses": 67848000,
    "sellingGeneralAndAdministrativeExpenses": 108937000,
    "otherExpenses": 0,
    "operatingExpenses": 132051000,
    "costAndExpenses": 290157000,
    "interestIncome": 471000,
    "interestExpense": 2774000,
    "depreciationAndAmortization": 13394000,
    "ebitda": 83911000,
    "ebitdaratio": 0.2329547505,
    "operatingIncome": 70046000,
    "operatingIncomeRatio": 0.1944625669,
    "totalOtherIncomeExpensesNet": -2303000,
    "incomeBeforeTax": 67743000,
    "incomeBeforeTaxRatio": 0.18806895,
    "incomeTaxExpense": 21150000,
    "netIncome": 46585000,
    "netIncomeRatio": 0.1293298501,
    "eps": 0.45,
    "epsdiluted": 0.45,
    "weightedAverageShsOut": 103234000,
    "weightedAverageShsOutDil": 104676000,
    "link": "https://www.sec.gov/Archives/edgar/data/874716/000087471614000007/0000874716-14-000007-index.htm",
    "finalLink": "https://www.sec.gov/Archives/edgar/data/874716/000087471614000007/idxx-20140331x10q.htm"
  },
  {
    "date": "2013-12-31",
    "symbol": "IDXX",
    "reportedCurrency": "USD",
    "cik": "0000874716",
    "fillingDate": "2014-02-18",
    "acceptedDate": "2014-02-18 16:47:35",
    "calendarYear": "2013",
    "period": "Q4",
    "revenue": 354073000,
    "costOfRevenue": 165408000,
    "grossProfit": 188665000,
    "grossProfitRatio": 0.5328420975,
    "researchAndDevelopmentExpenses": 22496000,
    "generalAndAdministrativeExpenses": 38147000,
    "sellingAndMarketingExpenses": 66694000,
    "sellingGeneralAndAdministrativeExpenses": 104841000,
    "otherExpenses": 0,
    "operatingExpenses": 127337000,
    "costAndExpenses": 292745000,
    "interestIncome": 540000,
    "interestExpense": 1369000,
    "depreciationAndAmortization": 13466000,
    "ebitda": 75334000,
    "ebitdaratio": 0.2127640345,
    "operatingIncome": 61328000,
    "operatingIncomeRatio": 0.17320722,
    "totalOtherIncomeExpensesNet": -1369000,
    "incomeBeforeTax": 59959000,
    "incomeBeforeTaxRatio": 0.1693407857,
    "incomeTaxExpense": 16722000,
    "netIncome": 43258000,
    "netIncomeRatio": 0.1221725463,
    "eps": 0.42,
    "epsdiluted": 0.41,
    "weightedAverageShsOut": 103922000,
    "weightedAverageShsOutDil": 105474000,
    "link": "https://www.sec.gov/Archives/edgar/data/874716/000087471614000004/0000874716-14-000004-index.htm",
    "finalLink": "https://www.sec.gov/Archives/edgar/data/874716/000087471614000004/c716-20131231x10k.htm"
  },
  {
    "date": "2013-09-30",
    "symbol": "IDXX",
    "reportedCurrency": "USD",
    "cik": "0000874716",
    "fillingDate": "2013-10-22",
    "acceptedDate": "2013-10-22 17:14:08",
    "calendarYear": "2013",
    "period": "Q3",
    "revenue": 338297000,
    "costOfRevenue": 152514000,
    "grossProfit": 185783000,
    "grossProfitRatio": 0.5491712903,
    "researchAndDevelopmentExpenses": 21568000,
    "generalAndAdministrativeExpenses": 38651000,
    "sellingAndMarketingExpenses": 60079000,
    "sellingGeneralAndAdministrativeExpenses": 98730000,
    "otherExpenses": 0,
    "operatingExpenses": 120298000,
    "costAndExpenses": 272812000,
    "interestIncome": 456000,
    "interestExpense": 1463000,
    "depreciationAndAmortization": 13773000,
    "ebitda": 79714000,
    "ebitdaratio": 0.2356331862,
    "operatingIncome": 65485000,
    "operatingIncomeRatio": 0.1935725117,
    "totalOtherIncomeExpensesNet": -1007000,
    "incomeBeforeTax": 64478000,
    "incomeBeforeTaxRatio": 0.1905958374,
    "incomeTaxExpense": 18786000,
    "netIncome": 45688000,
    "netIncomeRatio": 0.1350529269,
    "eps": 0.44,
    "epsdiluted": 0.43,
    "weightedAverageShsOut": 104900000,
    "weightedAverageShsOutDil": 106484000,
    "link": "https://www.sec.gov/Archives/edgar/data/874716/000087471613000017/0000874716-13-000017-index.htm",
    "finalLink": "https://www.sec.gov/Archives/edgar/data/874716/000087471613000017/c716-20130930x10q.htm"
  },
  {
    "date": "2013-06-30",
    "symbol": "IDXX",
    "reportedCurrency": "USD",
    "cik": "0000874716",
    "fillingDate": "2013-07-23",
    "acceptedDate": "2013-07-23 16:05:46",
    "calendarYear": "2013",
    "period": "Q2",
    "revenue": 352583000,
    "costOfRevenue": 154885000,
    "grossProfit": 197698000,
    "grossProfitRatio": 0.5607133639,
    "researchAndDevelopmentExpenses": 22181000,
    "generalAndAdministrativeExpenses": 38858000,
    "sellingAndMarketingExpenses": 57896000,
    "sellingGeneralAndAdministrativeExpenses": 96754000,
    "otherExpenses": 0,
    "operatingExpenses": 118935000,
    "costAndExpenses": 273820000,
    "interestIncome": 444000,
    "interestExpense": 735000,
    "depreciationAndAmortization": 13844000,
    "ebitda": 93051000,
    "ebitdaratio": 0.263912327,
    "operatingIncome": 78763000,
    "operatingIncomeRatio": 0.2233885355,
    "totalOtherIncomeExpensesNet": -735000,
    "incomeBeforeTax": 78028000,
    "incomeBeforeTaxRatio": 0.2213039199,
    "incomeTaxExpense": 24029000,
    "netIncome": 53995000,
    "netIncomeRatio": 0.1531412462,
    "eps": 0.51,
    "epsdiluted": 0.5,
    "weightedAverageShsOut": 107340000,
    "weightedAverageShsOutDil": 108772000,
    "link": "https://www.sec.gov/Archives/edgar/data/874716/000087471613000014/0000874716-13-000014-index.htm",
    "finalLink": "https://www.sec.gov/Archives/edgar/data/874716/000087471613000014/c716-20130630x10q.htm"
  },
  {
    "date": "2013-03-31",
    "symbol": "IDXX",
    "reportedCurrency": "USD",
    "cik": "0000874716",
    "fillingDate": "2013-04-23",
    "acceptedDate": "2013-04-23 15:25:16",
    "calendarYear": "2013",
    "period": "Q1",
    "revenue": 332106000,
    "costOfRevenue": 148132000,
    "grossProfit": 183974000,
    "grossProfitRatio": 0.5539616869,
    "researchAndDevelopmentExpenses": 21758000,
    "generalAndAdministrativeExpenses": 41631000,
    "sellingAndMarketingExpenses": 59397000,
    "sellingGeneralAndAdministrativeExpenses": 101028000,
    "otherExpenses": 0,
    "operatingExpenses": 122786000,
    "costAndExpenses": 270918000,
    "interestIncome": 444000,
    "interestExpense": 835000,
    "depreciationAndAmortization": 13513000,
    "ebitda": 75145000,
    "ebitdaratio": 0.2262681192,
    "operatingIncome": 61188000,
    "operatingIncomeRatio": 0.1842423804,
    "totalOtherIncomeExpensesNet": -391000,
    "incomeBeforeTax": 60797000,
    "incomeBeforeTaxRatio": 0.1830650455,
    "incomeTaxExpense": 15930000,
    "netIncome": 44860000,
    "netIncomeRatio": 0.1350773548,
    "eps": 0.41,
    "epsdiluted": 0.41,
    "weightedAverageShsOut": 109176000,
    "weightedAverageShsOutDil": 110980000,
    "link": "https://www.sec.gov/Archives/edgar/data/874716/000087471613000010/0000874716-13-000010-index.htm",
    "finalLink": "https://www.sec.gov/Archives/edgar/data/874716/000087471613000010/c716-20130331x10q.htm"
  },
  {
    "date": "2012-12-31",
    "symbol": "IDXX",
    "reportedCurrency": "USD",
    "cik": "0000874716",
    "fillingDate": "2013-02-19",
    "acceptedDate": "2013-02-19 16:52:21",
    "calendarYear": "2012",
    "period": "Q4",
    "revenue": 319538000,
    "costOfRevenue": 150488000,
    "grossProfit": 169050000,
    "grossProfitRatio": 0.5290450588,
    "researchAndDevelopmentExpenses": 21050000,
    "generalAndAdministrativeExpenses": 31849000,
    "sellingAndMarketingExpenses": 52724000,
    "sellingGeneralAndAdministrativeExpenses": 84573000,
    "otherExpenses": 0,
    "operatingExpenses": 105623000,
    "costAndExpenses": 256111000,
    "interestIncome": 513000,
    "interestExpense": 343000,
    "depreciationAndAmortization": 13918000,
    "ebitda": 77858000,
    "ebitdaratio": 0.2436580313,
    "operatingIncome": 63427000,
    "operatingIncomeRatio": 0.1984959535,
    "totalOtherIncomeExpensesNet": -343000,
    "incomeBeforeTax": 63084000,
    "incomeBeforeTaxRatio": 0.1974225288,
    "incomeTaxExpense": 19724000,
    "netIncome": 43354000,
    "netIncomeRatio": 0.1356771339,
    "eps": 0.4,
    "epsdiluted": 0.39,
    "weightedAverageShsOut": 109434000,
    "weightedAverageShsOutDil": 111580000,
    "link": "https://www.sec.gov/Archives/edgar/data/874716/000087471613000005/0000874716-13-000005-index.htm",
    "finalLink": "https://www.sec.gov/Archives/edgar/data/874716/000087471613000005/c716-20121231x10k.htm"
  },
  {
    "date": "2012-09-30",
    "symbol": "IDXX",
    "reportedCurrency": "USD",
    "cik": "0000874716",
    "fillingDate": "2012-10-19",
    "acceptedDate": "2012-10-19 12:26:59",
    "calendarYear": "2012",
    "period": "Q3",
    "revenue": 315475000,
    "costOfRevenue": 144840000,
    "grossProfit": 170635000,
    "grossProfitRatio": 0.5408827958,
    "researchAndDevelopmentExpenses": 20349000,
    "generalAndAdministrativeExpenses": 35307000,
    "sellingAndMarketingExpenses": 52067000,
    "sellingGeneralAndAdministrativeExpenses": 87374000,
    "otherExpenses": 0,
    "operatingExpenses": 107723000,
    "costAndExpenses": 252563000,
    "interestIncome": 473000,
    "interestExpense": 873000,
    "depreciationAndAmortization": 12799000,
    "ebitda": 76184000,
    "ebitdaratio": 0.2414898169,
    "operatingIncome": 62912000,
    "operatingIncomeRatio": 0.1994199223,
    "totalOtherIncomeExpensesNet": -400000,
    "incomeBeforeTax": 62512000,
    "incomeBeforeTaxRatio": 0.198151993,
    "incomeTaxExpense": 19639000,
    "netIncome": 42853000,
    "netIncomeRatio": 0.1358364371,
    "eps": 0.39,
    "epsdiluted": 0.38,
    "weightedAverageShsOut": 109876000,
    "weightedAverageShsOutDil": 112176000,
    "link": "https://www.sec.gov/Archives/edgar/data/874716/000087471612000016/0000874716-12-000016-index.htm",
    "finalLink": "https://www.sec.gov/Archives/edgar/data/874716/000087471612000016/c716-20120930x10q.htm"
  },
  {
    "date": "2012-06-30",
    "symbol": "IDXX",
    "reportedCurrency": "USD",
    "cik": "0000874716",
    "fillingDate": "2012-07-20",
    "acceptedDate": "2012-07-20 11:48:54",
    "calendarYear": "2012",
    "period": "Q2",
    "revenue": 335649000,
    "costOfRevenue": 150960000,
    "grossProfit": 184689000,
    "grossProfitRatio": 0.5502444518,
    "researchAndDevelopmentExpenses": 20058000,
    "generalAndAdministrativeExpenses": 34275000,
    "sellingAndMarketingExpenses": 54539000,
    "sellingGeneralAndAdministrativeExpenses": 88814000,
    "otherExpenses": 0,
    "operatingExpenses": 108872000,
    "costAndExpenses": 259832000,
    "interestIncome": 480000,
    "interestExpense": 446000,
    "depreciationAndAmortization": 12986000,
    "ebitda": 89283000,
    "ebitdaratio": 0.2660010904,
    "operatingIncome": 75817000,
    "operatingIncomeRatio": 0.2258817991,
    "totalOtherIncomeExpensesNet": -446000,
    "incomeBeforeTax": 75371000,
    "incomeBeforeTaxRatio": 0.2245530301,
    "incomeTaxExpense": 24051000,
    "netIncome": 51317000,
    "netIncomeRatio": 0.1528888809,
    "eps": 0.47,
    "epsdiluted": 0.46,
    "weightedAverageShsOut": 110158000,
    "weightedAverageShsOutDil": 112422000,
    "link": "https://www.sec.gov/Archives/edgar/data/874716/000114420412040285/0001144204-12-040285-index.htm",
    "finalLink": "https://www.sec.gov/Archives/edgar/data/874716/000114420412040285/v317777_10q.htm"
  },
  {
    "date": "2012-03-31",
    "symbol": "IDXX",
    "reportedCurrency": "USD",
    "cik": "0000874716",
    "fillingDate": "2012-04-20",
    "acceptedDate": "2012-04-20 09:39:12",
    "calendarYear": "2012",
    "period": "Q1",
    "revenue": 322676000,
    "costOfRevenue": 147902000,
    "grossProfit": 174774000,
    "grossProfitRatio": 0.5416392914,
    "researchAndDevelopmentExpenses": 20557000,
    "generalAndAdministrativeExpenses": 36178000,
    "sellingAndMarketingExpenses": 57632000,
    "sellingGeneralAndAdministrativeExpenses": 93810000,
    "otherExpenses": 0,
    "operatingExpenses": 114367000,
    "costAndExpenses": 262269000,
    "interestIncome": 436000,
    "interestExpense": 757000,
    "depreciationAndAmortization": 12705000,
    "ebitda": 73548000,
    "ebitdaratio": 0.2279314235,
    "operatingIncome": 60407000,
    "operatingIncomeRatio": 0.1872063618,
    "totalOtherIncomeExpensesNet": -757000,
    "incomeBeforeTax": 59650000,
    "incomeBeforeTaxRatio": 0.1848603553,
    "incomeTaxExpense": 18916000,
    "netIncome": 40743000,
    "netIncomeRatio": 0.1262659758,
    "eps": 0.37,
    "epsdiluted": 0.36,
    "weightedAverageShsOut": 110416000,
    "weightedAverageShsOutDil": 112878000,
    "link": "https://www.sec.gov/Archives/edgar/data/874716/000114420412022835/0001144204-12-022835-index.htm",
    "finalLink": "https://www.sec.gov/Archives/edgar/data/874716/000114420412022835/v306053_10q.htm"
  },
  {
    "date": "2011-12-31",
    "symbol": "IDXX",
    "reportedCurrency": "USD",
    "cik": "0000874716",
    "fillingDate": "2012-02-17",
    "acceptedDate": "2012-02-17 16:45:32",
    "calendarYear": "2011",
    "period": "Q4",
    "revenue": 307201000,
    "costOfRevenue": 148320000,
    "grossProfit": 158881000,
    "grossProfitRatio": 0.5171890717,
    "researchAndDevelopmentExpenses": 20203000,
    "generalAndAdministrativeExpenses": 31170000,
    "sellingAndMarketingExpenses": 52209000,
    "sellingGeneralAndAdministrativeExpenses": 83379000,
    "otherExpenses": 0,
    "operatingExpenses": 103582000,
    "costAndExpenses": 251902000,
    "interestIncome": 506000,
    "interestExpense": 1109000,
    "depreciationAndAmortization": 12814000,
    "ebitda": 68619000,
    "ebitdaratio": 0.2233684135,
    "operatingIncome": 55299000,
    "operatingIncomeRatio": 0.1800091797,
    "totalOtherIncomeExpensesNet": -603000,
    "incomeBeforeTax": 54696000,
    "incomeBeforeTaxRatio": 0.1780462954,
    "incomeTaxExpense": 16698000,
    "netIncome": 38010000,
    "netIncomeRatio": 0.123730066,
    "eps": 0.34,
    "epsdiluted": 0.34,
    "weightedAverageShsOut": 110416000,
    "weightedAverageShsOutDil": 110416000,
    "link": "https://www.sec.gov/Archives/edgar/data/874716/000114420412009868/0001144204-12-009868-index.htm",
    "finalLink": "https://www.sec.gov/Archives/edgar/data/874716/000114420412009868/v302204_10k.htm"
  },
  {
    "date": "2011-09-30",
    "symbol": "IDXX",
    "reportedCurrency": "USD",
    "cik": "0000874716",
    "fillingDate": "2011-10-21",
    "acceptedDate": "2011-10-21 15:44:16",
    "calendarYear": "2011",
    "period": "Q3",
    "revenue": 300954000,
    "costOfRevenue": 142287000,
    "grossProfit": 158667000,
    "grossProfitRatio": 0.5272134612,
    "researchAndDevelopmentExpenses": 19406000,
    "generalAndAdministrativeExpenses": 32483000,
    "sellingAndMarketingExpenses": 50682000,
    "sellingGeneralAndAdministrativeExpenses": 83165000,
    "otherExpenses": 0,
    "operatingExpenses": 102571000,
    "costAndExpenses": 244858000,
    "interestIncome": 450000,
    "interestExpense": 928000,
    "depreciationAndAmortization": 12045000,
    "ebitda": 68591000,
    "ebitdaratio": 0.2279119068,
    "operatingIncome": 56096000,
    "operatingIncomeRatio": 0.186393934,
    "totalOtherIncomeExpensesNet": -478000,
    "incomeBeforeTax": 55618000,
    "incomeBeforeTaxRatio": 0.1848056514,
    "incomeTaxExpense": 17122000,
    "netIncome": 38507000,
    "netIncomeRatio": 0.1279497863,
    "eps": 0.34,
    "epsdiluted": 0.33,
    "weightedAverageShsOut": 113398000,
    "weightedAverageShsOutDil": 116014000,
    "link": "https://www.sec.gov/Archives/edgar/data/874716/000114420411058861/0001144204-11-058861-index.htm",
    "finalLink": "https://www.sec.gov/Archives/edgar/data/874716/000114420411058861/v237009_10q.htm"
  },
  {
    "date": "2011-06-30",
    "symbol": "IDXX",
    "reportedCurrency": "USD",
    "cik": "0000874716",
    "fillingDate": "2011-07-22",
    "acceptedDate": "2011-07-22 12:03:55",
    "calendarYear": "2011",
    "period": "Q2",
    "revenue": 317862000,
    "costOfRevenue": 143829000,
    "grossProfit": 174033000,
    "grossProfitRatio": 0.5475111841,
    "researchAndDevelopmentExpenses": 18621000,
    "generalAndAdministrativeExpenses": 33140000,
    "sellingAndMarketingExpenses": 50974000,
    "sellingGeneralAndAdministrativeExpenses": 84114000,
    "otherExpenses": 0,
    "operatingExpenses": 102735000,
    "costAndExpenses": 246564000,
    "interestIncome": 419000,
    "interestExpense": 782000,
    "depreciationAndAmortization": 11879000,
    "ebitda": 83596000,
    "ebitdaratio": 0.2629946329,
    "operatingIncome": 71298000,
    "operatingIncomeRatio": 0.224304887,
    "totalOtherIncomeExpensesNet": -363000,
    "incomeBeforeTax": 70935000,
    "incomeBeforeTaxRatio": 0.223162882,
    "incomeTaxExpense": 22281000,
    "netIncome": 48657000,
    "netIncomeRatio": 0.1530758631,
    "eps": 0.43,
    "epsdiluted": 0.42,
    "weightedAverageShsOut": 114552000,
    "weightedAverageShsOutDil": 117454000,
    "link": "https://www.sec.gov/Archives/edgar/data/874716/000114420411041695/0001144204-11-041695-index.htm",
    "finalLink": "https://www.sec.gov/Archives/edgar/data/874716/000114420411041695/v229143_10q.htm"
  },
  {
    "date": "2011-03-31",
    "symbol": "IDXX",
    "reportedCurrency": "USD",
    "cik": "0000874716",
    "fillingDate": "2011-04-21",
    "acceptedDate": "2011-04-21 11:21:38",
    "calendarYear": "2011",
    "period": "Q1",
    "revenue": 292672000,
    "costOfRevenue": 137747000,
    "grossProfit": 154925000,
    "grossProfitRatio": 0.5293468456,
    "researchAndDevelopmentExpenses": 17812000,
    "generalAndAdministrativeExpenses": 32596000,
    "sellingAndMarketingExpenses": 50985000,
    "sellingGeneralAndAdministrativeExpenses": 83581000,
    "otherExpenses": 0,
    "operatingExpenses": 101393000,
    "costAndExpenses": 239140000,
    "interestIncome": 369000,
    "interestExpense": 728000,
    "depreciationAndAmortization": 11464000,
    "ebitda": 65365000,
    "ebitdaratio": 0.2233387546,
    "operatingIncome": 53532000,
    "operatingIncomeRatio": 0.1829078286,
    "totalOtherIncomeExpensesNet": -359000,
    "incomeBeforeTax": 53173000,
    "incomeBeforeTaxRatio": 0.1816811994,
    "incomeTaxExpense": 16567000,
    "netIncome": 36612000,
    "netIncomeRatio": 0.1250956702,
    "eps": 0.32,
    "epsdiluted": 0.31,
    "weightedAverageShsOut": 114914000,
    "weightedAverageShsOutDil": 118180000,
    "link": "https://www.sec.gov/Archives/edgar/data/874716/000114420411023342/0001144204-11-023342-index.htm",
    "finalLink": "https://www.sec.gov/Archives/edgar/data/874716/000114420411023342/v218257_10q.htm"
  },
  {
    "date": "2010-12-31",
    "symbol": "IDXX",
    "reportedCurrency": "USD",
    "cik": "0000874716",
    "fillingDate": "2011-02-22",
    "acceptedDate": "2011-02-22 16:14:02",
    "calendarYear": "2010",
    "period": "Q4",
    "revenue": 283757000,
    "costOfRevenue": 138986000,
    "grossProfit": 144771000,
    "grossProfitRatio": 0.5101935811,
    "researchAndDevelopmentExpenses": 17479000,
    "generalAndAdministrativeExpenses": 29931000,
    "sellingAndMarketingExpenses": 46557000,
    "sellingGeneralAndAdministrativeExpenses": 76488000,
    "otherExpenses": 0,
    "operatingExpenses": 93967000,
    "costAndExpenses": 232953000,
    "interestIncome": 336000,
    "interestExpense": 674000,
    "depreciationAndAmortization": 11839000,
    "ebitda": 62979000,
    "ebitdaratio": 0.2219469476,
    "operatingIncome": 50804000,
    "operatingIncomeRatio": 0.1790405171,
    "totalOtherIncomeExpensesNet": -338000,
    "incomeBeforeTax": 50466000,
    "incomeBeforeTaxRatio": 0.177849357,
    "incomeTaxExpense": 14086000,
    "netIncome": 36371000,
    "netIncomeRatio": 0.1281765736,
    "eps": 0.32,
    "epsdiluted": 0.32,
    "weightedAverageShsOut": 114910000,
    "weightedAverageShsOutDil": 114914000,
    "link": "https://www.sec.gov/Archives/edgar/data/874716/000114420411010145/0001144204-11-010145-index.htm",
    "finalLink": "https://www.sec.gov/Archives/edgar/data/874716/000114420411010145/v211843_10k.htm"
  },
  {
    "date": "2010-09-30",
    "symbol": "IDXX",
    "reportedCurrency": "USD",
    "cik": "0000874716",
    "fillingDate": "2010-10-22",
    "acceptedDate": "2010-10-22 15:59:12",
    "calendarYear": "2010",
    "period": "Q3",
    "revenue": 269628000,
    "costOfRevenue": 127421000,
    "grossProfit": 142207000,
    "grossProfitRatio": 0.5274192591,
    "researchAndDevelopmentExpenses": 17203000,
    "generalAndAdministrativeExpenses": 30704000,
    "sellingAndMarketingExpenses": 44486000,
    "sellingGeneralAndAdministrativeExpenses": 75190000,
    "otherExpenses": 0,
    "operatingExpenses": 92393000,
    "costAndExpenses": 219814000,
    "interestIncome": 136000,
    "interestExpense": 687000,
    "depreciationAndAmortization": 11485000,
    "ebitda": 61435000,
    "ebitdaratio": 0.227850965,
    "operatingIncome": 49814000,
    "operatingIncomeRatio": 0.1847508419,
    "totalOtherIncomeExpensesNet": -551000,
    "incomeBeforeTax": 49263000,
    "incomeBeforeTaxRatio": 0.1827072856,
    "incomeTaxExpense": 14548000,
    "netIncome": 34694000,
    "netIncomeRatio": 0.1286735799,
    "eps": 0.3,
    "epsdiluted": 0.3,
    "weightedAverageShsOut": 115240000,
    "weightedAverageShsOutDil": 118552000,
    "link": "https://www.sec.gov/Archives/edgar/data/874716/000114420410055158/0001144204-10-055158-index.htm",
    "finalLink": "https://www.sec.gov/Archives/edgar/data/874716/000114420410055158/v199224_10q.htm"
  },
  {
    "date": "2010-06-30",
    "symbol": "IDXX",
    "reportedCurrency": "USD",
    "cik": "0000874716",
    "fillingDate": "2010-07-23",
    "acceptedDate": "2010-07-23 14:01:41",
    "calendarYear": "2010",
    "period": "Q2",
    "revenue": 281482000,
    "costOfRevenue": 132198000,
    "grossProfit": 149284000,
    "grossProfitRatio": 0.5303500757,
    "researchAndDevelopmentExpenses": 17206000,
    "generalAndAdministrativeExpenses": 33076000,
    "sellingAndMarketingExpenses": 44167000,
    "sellingGeneralAndAdministrativeExpenses": 77243000,
    "otherExpenses": 0,
    "operatingExpenses": 94449000,
    "costAndExpenses": 226647000,
    "interestIncome": 138000,
    "interestExpense": 689000,
    "depreciationAndAmortization": 11386000,
    "ebitda": 66359000,
    "ebitdaratio": 0.2357486447,
    "operatingIncome": 54835000,
    "operatingIncomeRatio": 0.1948081938,
    "totalOtherIncomeExpensesNet": -551000,
    "incomeBeforeTax": 54284000,
    "incomeBeforeTaxRatio": 0.1928506974,
    "incomeTaxExpense": 17087000,
    "netIncome": 37193000,
    "netIncomeRatio": 0.1321327829,
    "eps": 0.32,
    "epsdiluted": 0.31,
    "weightedAverageShsOut": 115494000,
    "weightedAverageShsOutDil": 119292000,
    "link": "https://www.sec.gov/Archives/edgar/data/874716/000114420410039150/0001144204-10-039150-index.htm",
    "finalLink": "https://www.sec.gov/Archives/edgar/data/874716/000114420410039150/v191080_10q.htm"
  },
  {
    "date": "2010-03-31",
    "symbol": "IDXX",
    "reportedCurrency": "USD",
    "cik": "0000874716",
    "fillingDate": "2010-04-23",
    "acceptedDate": "2010-04-23 15:55:17",
    "calendarYear": "2010",
    "period": "Q1",
    "revenue": 268525000,
    "costOfRevenue": 126164000,
    "grossProfit": 142361000,
    "grossProfitRatio": 0.5301592031,
    "researchAndDevelopmentExpenses": 16709000,
    "generalAndAdministrativeExpenses": 32808000,
    "sellingAndMarketingExpenses": 44416000,
    "sellingGeneralAndAdministrativeExpenses": 77224000,
    "otherExpenses": 0,
    "operatingExpenses": 93933000,
    "costAndExpenses": 220097000,
    "interestIncome": 53000,
    "interestExpense": 365000,
    "depreciationAndAmortization": 11246000,
    "ebitda": 59727000,
    "ebitdaratio": 0.2224262173,
    "operatingIncome": 48428000,
    "operatingIncomeRatio": 0.1803481985,
    "totalOtherIncomeExpensesNet": -312000,
    "incomeBeforeTax": 48116000,
    "incomeBeforeTaxRatio": 0.1791862955,
    "incomeTaxExpense": 15088000,
    "netIncome": 33026000,
    "netIncomeRatio": 0.1229904106,
    "eps": 0.28,
    "epsdiluted": 0.28,
    "weightedAverageShsOut": 116066000,
    "weightedAverageShsOutDil": 120058000,
    "link": "https://www.sec.gov/Archives/edgar/data/874716/000114420410021941/0001144204-10-021941-index.htm",
    "finalLink": "https://www.sec.gov/Archives/edgar/data/874716/000114420410021941/v181881_10q.htm"
  },
  {
    "date": "2009-12-31",
    "symbol": "IDXX",
    "reportedCurrency": "USD",
    "cik": "0000874716",
    "fillingDate": "2010-02-19",
    "acceptedDate": "2010-02-19 15:00:14",
    "calendarYear": "2009",
    "period": "Q4",
    "revenue": 270335000,
    "costOfRevenue": 137404000,
    "grossProfit": 132931000,
    "grossProfitRatio": 0.4917269314,
    "researchAndDevelopmentExpenses": 16008000,
    "generalAndAdministrativeExpenses": 29393000,
    "sellingAndMarketingExpenses": 43383000,
    "sellingGeneralAndAdministrativeExpenses": 72776000,
    "otherExpenses": 0,
    "operatingExpenses": 88784000,
    "costAndExpenses": 226188000,
    "interestIncome": 138000,
    "interestExpense": 381000,
    "depreciationAndAmortization": 12555000,
    "ebitda": 56840000,
    "ebitdaratio": 0.2102576433,
    "operatingIncome": 44147000,
    "operatingIncomeRatio": 0.1633047885,
    "totalOtherIncomeExpensesNet": -243000,
    "incomeBeforeTax": 43904000,
    "incomeBeforeTaxRatio": 0.1624059038,
    "incomeTaxExpense": 12943000,
    "netIncome": 30951000,
    "netIncomeRatio": 0.1144912793,
    "eps": 0.27,
    "epsdiluted": 0.27,
    "weightedAverageShsOut": 116066000,
    "weightedAverageShsOutDil": 116066000,
    "link": "https://www.sec.gov/Archives/edgar/data/874716/000095012310014507/0000950123-10-014507-index.htm",
    "finalLink": "https://www.sec.gov/Archives/edgar/data/874716/000095012310014507/c96448e10vk.htm"
  },
  {
    "date": "2009-09-30",
    "symbol": "IDXX",
    "reportedCurrency": "USD",
    "cik": "0000874716",
    "fillingDate": "2009-10-23",
    "acceptedDate": "2009-10-23 16:00:15",
    "calendarYear": "2009",
    "period": "Q3",
    "revenue": 259120000,
    "costOfRevenue": 128643000,
    "grossProfit": 130477000,
    "grossProfitRatio": 0.5035389009,
    "researchAndDevelopmentExpenses": 16583000,
    "generalAndAdministrativeExpenses": 28185000,
    "sellingAndMarketingExpenses": 41504000,
    "sellingGeneralAndAdministrativeExpenses": 69689000,
    "otherExpenses": 0,
    "operatingExpenses": 86272000,
    "costAndExpenses": 214915000,
    "interestIncome": 48000,
    "interestExpense": 436000,
    "depreciationAndAmortization": 12506000,
    "ebitda": 56759000,
    "ebitdaratio": 0.21904523,
    "operatingIncome": 44205000,
    "operatingIncomeRatio": 0.1705966348,
    "totalOtherIncomeExpensesNet": -388000,
    "incomeBeforeTax": 43817000,
    "incomeBeforeTaxRatio": 0.169099259,
    "incomeTaxExpense": 12281000,
    "netIncome": 31536000,
    "netIncomeRatio": 0.1217042297,
    "eps": 0.27,
    "epsdiluted": 0.26,
    "weightedAverageShsOut": 117312000,
    "weightedAverageShsOutDil": 121336000,
    "link": "https://www.sec.gov/Archives/edgar/data/874716/000095012309052730/0000950123-09-052730-index.htm",
    "finalLink": "https://www.sec.gov/Archives/edgar/data/874716/000095012309052730/c91344e10vq.htm"
  },
  {
    "date": "2009-06-30",
    "symbol": "IDXX",
    "reportedCurrency": "USD",
    "cik": "0000874716",
    "fillingDate": "2009-07-24",
    "acceptedDate": "2009-07-24 15:10:21",
    "calendarYear": "2009",
    "period": "Q2",
    "revenue": 265723000,
    "costOfRevenue": 127283000,
    "grossProfit": 138440000,
    "grossProfitRatio": 0.5209936663,
    "researchAndDevelopmentExpenses": 16594000,
    "generalAndAdministrativeExpenses": 30794000,
    "sellingAndMarketingExpenses": 41876000,
    "sellingGeneralAndAdministrativeExpenses": 72670000,
    "otherExpenses": 0,
    "operatingExpenses": 89264000,
    "costAndExpenses": 216547000,
    "interestIncome": 56000,
    "interestExpense": 403000,
    "depreciationAndAmortization": 11665000,
    "ebitda": 61388000,
    "ebitdaratio": 0.231022531,
    "operatingIncome": 49176000,
    "operatingIncomeRatio": 0.1850648984,
    "totalOtherIncomeExpensesNet": -403000,
    "incomeBeforeTax": 48773000,
    "incomeBeforeTaxRatio": 0.1835482815,
    "incomeTaxExpense": 15106000,
    "netIncome": 33667000,
    "netIncomeRatio": 0.1266996082,
    "eps": 0.28,
    "epsdiluted": 0.28,
    "weightedAverageShsOut": 117822000,
    "weightedAverageShsOutDil": 121394000,
    "link": "https://www.sec.gov/Archives/edgar/data/874716/000095012309025282/0000950123-09-025282-index.htm",
    "finalLink": "https://www.sec.gov/Archives/edgar/data/874716/000095012309025282/c88231e10vq.htm"
  },
  {
    "date": "2009-03-31",
    "symbol": "IDXX",
    "reportedCurrency": "USD",
    "cik": "0000874716",
    "fillingDate": "2009-04-24",
    "acceptedDate": "2009-04-24 14:55:50",
    "calendarYear": "2009",
    "period": "Q1",
    "revenue": 236455000,
    "costOfRevenue": 112022000,
    "grossProfit": 124433000,
    "grossProfitRatio": 0.5262438942,
    "researchAndDevelopmentExpenses": 15939000,
    "generalAndAdministrativeExpenses": 29068000,
    "sellingAndMarketingExpenses": 40985000,
    "sellingGeneralAndAdministrativeExpenses": 70053000,
    "otherExpenses": 0,
    "operatingExpenses": 85992000,
    "costAndExpenses": 198014000,
    "interestIncome": 244000,
    "interestExpense": 640000,
    "depreciationAndAmortization": 13047000,
    "ebitda": 51241000,
    "ebitdaratio": 0.2167050813,
    "operatingIncome": 38441000,
    "operatingIncomeRatio": 0.1625721596,
    "totalOtherIncomeExpensesNet": -396000,
    "incomeBeforeTax": 38045000,
    "incomeBeforeTaxRatio": 0.1608974223,
    "incomeTaxExpense": 11974000,
    "netIncome": 26071000,
    "netIncomeRatio": 0.1102577657,
    "eps": 0.22,
    "epsdiluted": 0.22,
    "weightedAverageShsOut": 118344000,
    "weightedAverageShsOutDil": 121212000,
    "link": "https://www.sec.gov/Archives/edgar/data/874716/000136231009005812/0001362310-09-005812-index.htm",
    "finalLink": "https://www.sec.gov/Archives/edgar/data/874716/000136231009005812/c84221e10vq.htm"
  },
  {
    "date": "2008-12-31",
    "symbol": "IDXX",
    "reportedCurrency": "USD",
    "cik": "0000874716",
    "fillingDate": "2009-02-20",
    "acceptedDate": "2009-02-20 11:21:12",
    "calendarYear": "2008",
    "period": "Q4",
    "revenue": 243293000,
    "costOfRevenue": 122772000,
    "grossProfit": 120521000,
    "grossProfitRatio": 0.4953738907,
    "researchAndDevelopmentExpenses": 17184000,
    "generalAndAdministrativeExpenses": 67488000,
    "sellingAndMarketingExpenses": 0,
    "sellingGeneralAndAdministrativeExpenses": 67488000,
    "otherExpenses": 0,
    "operatingExpenses": 84672000,
    "costAndExpenses": 207444000,
    "interestIncome": 0,
    "interestExpense": 0,
    "depreciationAndAmortization": 12649000,
    "ebitda": 50818000,
    "ebitdaratio": 0.2088757178,
    "operatingIncome": 35849000,
    "operatingIncomeRatio": 0.1473490811,
    "totalOtherIncomeExpensesNet": -581000,
    "incomeBeforeTax": 35268000,
    "incomeBeforeTaxRatio": 0.1449610141,
    "incomeTaxExpense": 11713000,
    "netIncome": 23555000,
    "netIncomeRatio": 0.0968174177,
    "eps": 0.2,
    "epsdiluted": 0.2,
    "weightedAverageShsOut": 118344000,
    "weightedAverageShsOutDil": 118344000,
    "link": "https://www.sec.gov/Archives/edgar/data/874716/000136231009002521/0001362310-09-002521-index.htm",
    "finalLink": "https://www.sec.gov/Archives/edgar/data/874716/000136231009002521/c81235e10vk.htm"
  },
  {
    "date": "2008-09-30",
    "symbol": "IDXX",
    "reportedCurrency": "USD",
    "cik": "0000874716",
    "fillingDate": "2008-10-24",
    "acceptedDate": "2008-10-24 17:00:08",
    "calendarYear": "2008",
    "period": "Q3",
    "revenue": 251093000,
    "costOfRevenue": 122944000,
    "grossProfit": 128149000,
    "grossProfitRatio": 0.5103646856,
    "researchAndDevelopmentExpenses": 17920000,
    "generalAndAdministrativeExpenses": 71232000,
    "sellingAndMarketingExpenses": 0,
    "sellingGeneralAndAdministrativeExpenses": 71232000,
    "otherExpenses": 0,
    "operatingExpenses": 89152000,
    "costAndExpenses": 212096000,
    "interestIncome": 0,
    "interestExpense": 0,
    "depreciationAndAmortization": 12190000,
    "ebitda": 38997000,
    "ebitdaratio": 0.1553089891,
    "operatingIncome": 38997000,
    "operatingIncomeRatio": 0.1553089891,
    "totalOtherIncomeExpensesNet": -560000,
    "incomeBeforeTax": 38437000,
    "incomeBeforeTaxRatio": 0.1530787397,
    "incomeTaxExpense": 12738000,
    "netIncome": 25699000,
    "netIncomeRatio": 0.1023485322,
    "eps": 0.22,
    "epsdiluted": 0.21,
    "weightedAverageShsOut": 118946000,
    "weightedAverageShsOutDil": 123730000,
    "link": "https://www.sec.gov/Archives/edgar/data/874716/000136231008006183/0001362310-08-006183-index.htm",
    "finalLink": "https://www.sec.gov/Archives/edgar/data/874716/000136231008006183/c76279e10vq.htm"
  },
  {
    "date": "2008-06-30",
    "symbol": "IDXX",
    "reportedCurrency": "USD",
    "cik": "0000874716",
    "fillingDate": "2008-07-25",
    "acceptedDate": "2008-07-25 15:20:15",
    "calendarYear": "2008",
    "period": "Q2",
    "revenue": 280570000,
    "costOfRevenue": 129310000,
    "grossProfit": 151260000,
    "grossProfitRatio": 0.5391167979,
    "researchAndDevelopmentExpenses": 18274000,
    "generalAndAdministrativeExpenses": 74095000,
    "sellingAndMarketingExpenses": 0,
    "sellingGeneralAndAdministrativeExpenses": 74095000,
    "otherExpenses": 0,
    "operatingExpenses": 92369000,
    "costAndExpenses": 221679000,
    "interestIncome": 570000,
    "interestExpense": 1213000,
    "depreciationAndAmortization": 12585000,
    "ebitda": 71562000,
    "ebitdaratio": 0.2550593435,
    "operatingIncome": 58891000,
    "operatingIncomeRatio": 0.2098977082,
    "totalOtherIncomeExpensesNet": -643000,
    "incomeBeforeTax": 58248000,
    "incomeBeforeTaxRatio": 0.207605945,
    "incomeTaxExpense": 18884000,
    "netIncome": 39364000,
    "netIncomeRatio": 0.1403001034,
    "eps": 0.33,
    "epsdiluted": 0.32,
    "weightedAverageShsOut": 120058000,
    "weightedAverageShsOutDil": 124880000,
    "link": "https://www.sec.gov/Archives/edgar/data/874716/000136231008003844/0001362310-08-003844-index.htm",
    "finalLink": "https://www.sec.gov/Archives/edgar/data/874716/000136231008003844/c74048e10vq.htm"
  },
  {
    "date": "2008-03-31",
    "symbol": "IDXX",
    "reportedCurrency": "USD",
    "cik": "0000874716",
    "fillingDate": "2008-04-25",
    "acceptedDate": "2008-04-25 13:34:25",
    "calendarYear": "2008",
    "period": "Q1",
    "revenue": 249074000,
    "costOfRevenue": 119238000,
    "grossProfit": 129836000,
    "grossProfitRatio": 0.5212748019,
    "researchAndDevelopmentExpenses": 17295000,
    "generalAndAdministrativeExpenses": 73822000,
    "sellingAndMarketingExpenses": 0,
    "sellingGeneralAndAdministrativeExpenses": 73822000,
    "otherExpenses": 0,
    "operatingExpenses": 91117000,
    "costAndExpenses": 210355000,
    "interestIncome": 0,
    "interestExpense": 0,
    "depreciationAndAmortization": 11395000,
    "ebitda": 38719000,
    "ebitdaratio": 0.1554517934,
    "operatingIncome": 38719000,
    "operatingIncomeRatio": 0.1554517934,
    "totalOtherIncomeExpensesNet": -485000,
    "incomeBeforeTax": 38234000,
    "incomeBeforeTaxRatio": 0.153504581,
    "incomeTaxExpense": 10683000,
    "netIncome": 27551000,
    "netIncomeRatio": 0.1106137132,
    "eps": 0.23,
    "epsdiluted": 0.22,
    "weightedAverageShsOut": 121730000,
    "weightedAverageShsOutDil": 127116000,
    "link": "https://www.sec.gov/Archives/edgar/data/874716/000136231008002156/0001362310-08-002156-index.htm",
    "finalLink": "https://www.sec.gov/Archives/edgar/data/874716/000136231008002156/c73062e10vq.htm"
  },
  {
    "date": "2007-12-31",
    "symbol": "IDXX",
    "reportedCurrency": "USD",
    "cik": "0000874716",
    "fillingDate": "2008-02-27",
    "acceptedDate": "2008-02-27 11:29:08",
    "calendarYear": "2007",
    "period": "Q4",
    "revenue": 244969000,
    "costOfRevenue": 122725000,
    "grossProfit": 122244000,
    "grossProfitRatio": 0.4990182431,
    "researchAndDevelopmentExpenses": 16769000,
    "generalAndAdministrativeExpenses": 68733000,
    "sellingAndMarketingExpenses": 0,
    "sellingGeneralAndAdministrativeExpenses": 68733000,
    "otherExpenses": 0,
    "operatingExpenses": 85502000,
    "costAndExpenses": 208227000,
    "interestIncome": 0,
    "interestExpense": 0,
    "depreciationAndAmortization": 11562000,
    "ebitda": 48304000,
    "ebitdaratio": 0.1971841335,
    "operatingIncome": 36742000,
    "operatingIncomeRatio": 0.1499863248,
    "totalOtherIncomeExpensesNet": -19000,
    "incomeBeforeTax": 36723000,
    "incomeBeforeTaxRatio": 0.149908764,
    "incomeTaxExpense": 11195000,
    "netIncome": 25528000,
    "netIncomeRatio": 0.104209104,
    "eps": 0.21,
    "epsdiluted": 0.21,
    "weightedAverageShsOut": 121730000,
    "weightedAverageShsOutDil": 121730000,
    "link": "https://www.sec.gov/Archives/edgar/data/874716/000136231008001141/0001362310-08-001141-index.htm",
    "finalLink": "https://www.sec.gov/Archives/edgar/data/874716/000136231008001141/c72515e10vk.htm"
  },
  {
    "date": "2007-09-30",
    "symbol": "IDXX",
    "reportedCurrency": "USD",
    "cik": "0000874716",
    "fillingDate": "2007-10-31",
    "acceptedDate": "2007-10-31 16:24:34",
    "calendarYear": "2007",
    "period": "Q3",
    "revenue": 229385000,
    "costOfRevenue": 110907000,
    "grossProfit": 118478000,
    "grossProfitRatio": 0.5165028228,
    "researchAndDevelopmentExpenses": 17281000,
    "generalAndAdministrativeExpenses": 65100000,
    "sellingAndMarketingExpenses": 0,
    "sellingGeneralAndAdministrativeExpenses": 65100000,
    "otherExpenses": 0,
    "operatingExpenses": 82381000,
    "costAndExpenses": 193288000,
    "interestIncome": 0,
    "interestExpense": 0,
    "depreciationAndAmortization": 10267000,
    "ebitda": 36097000,
    "ebitdaratio": 0.1573642566,
    "operatingIncome": 36097000,
    "operatingIncomeRatio": 0.1573642566,
    "totalOtherIncomeExpensesNet": -515000,
    "incomeBeforeTax": 35582000,
    "incomeBeforeTaxRatio": 0.1551191229,
    "incomeTaxExpense": 9787000,
    "netIncome": 25795000,
    "netIncomeRatio": 0.1124528631,
    "eps": 0.21,
    "epsdiluted": 0.2,
    "weightedAverageShsOut": 122188000,
    "weightedAverageShsOutDil": 127964000,
    "link": "https://www.sec.gov/Archives/edgar/data/874716/000136231007002611/0001362310-07-002611-index.htm",
    "finalLink": "https://www.sec.gov/Archives/edgar/data/874716/000136231007002611/c71383e10vq.htm"
  },
  {
    "date": "2007-06-30",
    "symbol": "IDXX",
    "reportedCurrency": "USD",
    "cik": "0000874716",
    "fillingDate": "2007-07-31",
    "acceptedDate": "2007-07-31 15:02:05",
    "calendarYear": "2007",
    "period": "Q2",
    "revenue": 237046000,
    "costOfRevenue": 122825000,
    "grossProfit": 114221000,
    "grossProfitRatio": 0.4818516237,
    "researchAndDevelopmentExpenses": 17317000,
    "generalAndAdministrativeExpenses": 64437000,
    "sellingAndMarketingExpenses": 0,
    "sellingGeneralAndAdministrativeExpenses": 64437000,
    "otherExpenses": 0,
    "operatingExpenses": 81754000,
    "costAndExpenses": 204579000,
    "interestIncome": 0,
    "interestExpense": 0,
    "depreciationAndAmortization": 10224000,
    "ebitda": 32467000,
    "ebitdaratio": 0.1369649773,
    "operatingIncome": 32467000,
    "operatingIncomeRatio": 0.1369649773,
    "totalOtherIncomeExpensesNet": -834000,
    "incomeBeforeTax": 31633000,
    "incomeBeforeTaxRatio": 0.1334466728,
    "incomeTaxExpense": 9969000,
    "netIncome": 21664000,
    "netIncomeRatio": 0.0913915443,
    "eps": 0.18,
    "epsdiluted": 0.17,
    "weightedAverageShsOut": 123396000,
    "weightedAverageShsOutDil": 128804000,
    "link": "https://www.sec.gov/Archives/edgar/data/874716/000136231007001476/0001362310-07-001476-index.htm",
    "finalLink": "https://www.sec.gov/Archives/edgar/data/874716/000136231007001476/c70845e10vq.htm"
  },
  {
    "date": "2007-03-31",
    "symbol": "IDXX",
    "reportedCurrency": "USD",
    "cik": "0000874716",
    "fillingDate": "2007-05-02",
    "acceptedDate": "2007-05-02 16:31:57",
    "calendarYear": "2007",
    "period": "Q1",
    "revenue": 211155000,
    "costOfRevenue": 102576000,
    "grossProfit": 108579000,
    "grossProfitRatio": 0.5142146764,
    "researchAndDevelopmentExpenses": 15971000,
    "generalAndAdministrativeExpenses": 61731000,
    "sellingAndMarketingExpenses": 0,
    "sellingGeneralAndAdministrativeExpenses": 61731000,
    "otherExpenses": 0,
    "operatingExpenses": 77702000,
    "costAndExpenses": 180278000,
    "interestIncome": 0,
    "interestExpense": 0,
    "depreciationAndAmortization": 9047000,
    "ebitda": 30877000,
    "ebitdaratio": 0.1462290734,
    "operatingIncome": 30877000,
    "operatingIncomeRatio": 0.1462290734,
    "totalOtherIncomeExpensesNet": 28000,
    "incomeBeforeTax": 30905000,
    "incomeBeforeTaxRatio": 0.1463616774,
    "incomeTaxExpense": 9878000,
    "netIncome": 21027000,
    "netIncomeRatio": 0.0995808766,
    "eps": 0.17,
    "epsdiluted": 0.16,
    "weightedAverageShsOut": 124548000,
    "weightedAverageShsOutDil": 130168000,
    "link": "https://www.sec.gov/Archives/edgar/data/874716/000136231007000635/0001362310-07-000635-index.htm",
    "finalLink": "https://www.sec.gov/Archives/edgar/data/874716/000136231007000635/c70436e10vq.htm"
  },
  {
    "date": "2006-12-31",
    "symbol": "IDXX",
    "reportedCurrency": "USD",
    "cik": "0000874716",
    "fillingDate": "2007-03-01",
    "acceptedDate": "2007-03-01 15:46:17",
    "calendarYear": "2006",
    "period": "Q4",
    "revenue": 192209000,
    "costOfRevenue": 95940000,
    "grossProfit": 96269000,
    "grossProfitRatio": 0.5008558392,
    "researchAndDevelopmentExpenses": 13951000,
    "generalAndAdministrativeExpenses": 52848000,
    "sellingAndMarketingExpenses": 0,
    "sellingGeneralAndAdministrativeExpenses": 52848000,
    "otherExpenses": 0,
    "operatingExpenses": 66799000,
    "costAndExpenses": 162739000,
    "interestIncome": 0,
    "interestExpense": 0,
    "depreciationAndAmortization": 8079000,
    "ebitda": 37549000,
    "ebitdaratio": 0.1953550562,
    "operatingIncome": 29470000,
    "operatingIncomeRatio": 0.1533226852,
    "totalOtherIncomeExpensesNet": 845000,
    "incomeBeforeTax": 30315000,
    "incomeBeforeTaxRatio": 0.1577189414,
    "incomeTaxExpense": 5643000,
    "netIncome": 24672000,
    "netIncomeRatio": 0.1283602745,
    "eps": 0.2,
    "epsdiluted": 0.2,
    "weightedAverageShsOut": 124548000,
    "weightedAverageShsOutDil": 124548000,
    "link": "https://www.sec.gov/Archives/edgar/data/874716/000087471607000048/0000874716-07-000048-index.htm",
    "finalLink": "https://www.sec.gov/Archives/edgar/data/874716/000087471607000048/form10k_dec312006.htm"
  },
  {
    "date": "2006-09-30",
    "symbol": "IDXX",
    "reportedCurrency": "USD",
    "cik": "0000874716",
    "fillingDate": "2006-11-01",
    "acceptedDate": "2006-11-01 10:31:09",
    "calendarYear": "2006",
    "period": "Q3",
    "revenue": 187380000,
    "costOfRevenue": 89181000,
    "grossProfit": 98199000,
    "grossProfitRatio": 0.5240634006,
    "researchAndDevelopmentExpenses": 13696000,
    "generalAndAdministrativeExpenses": 50041000,
    "sellingAndMarketingExpenses": 0,
    "sellingGeneralAndAdministrativeExpenses": 50041000,
    "otherExpenses": 0,
    "operatingExpenses": 63737000,
    "costAndExpenses": 152918000,
    "interestIncome": 0,
    "interestExpense": 0,
    "depreciationAndAmortization": 7528000,
    "ebitda": 34462000,
    "ebitdaratio": 0.183915039,
    "operatingIncome": 34462000,
    "operatingIncomeRatio": 0.183915039,
    "totalOtherIncomeExpensesNet": 609000,
    "incomeBeforeTax": 35071000,
    "incomeBeforeTaxRatio": 0.187165119,
    "incomeTaxExpense": 10118000,
    "netIncome": 24953000,
    "netIncomeRatio": 0.1331678941,
    "eps": 0.2,
    "epsdiluted": 0.19,
    "weightedAverageShsOut": 124840000,
    "weightedAverageShsOutDil": 130924000,
    "link": "https://www.sec.gov/Archives/edgar/data/874716/000087471606000081/0000874716-06-000081-index.htm",
    "finalLink": "https://www.sec.gov/Archives/edgar/data/874716/000087471606000081/form10q_sept302006.htm"
  },
  {
    "date": "2006-06-30",
    "symbol": "IDXX",
    "reportedCurrency": "USD",
    "cik": "0000874716",
    "fillingDate": "2006-08-03",
    "acceptedDate": "2006-08-03 16:09:45",
    "calendarYear": "2006",
    "period": "Q2",
    "revenue": 191364000,
    "costOfRevenue": 92328000,
    "grossProfit": 99036000,
    "grossProfitRatio": 0.5175268076,
    "researchAndDevelopmentExpenses": 13292000,
    "generalAndAdministrativeExpenses": 48718000,
    "sellingAndMarketingExpenses": 0,
    "sellingGeneralAndAdministrativeExpenses": 48718000,
    "otherExpenses": 0,
    "operatingExpenses": 62010000,
    "costAndExpenses": 154338000,
    "interestIncome": 0,
    "interestExpense": 0,
    "depreciationAndAmortization": 7551000,
    "ebitda": 37026000,
    "ebitdaratio": 0.193484668,
    "operatingIncome": 37026000,
    "operatingIncomeRatio": 0.193484668,
    "totalOtherIncomeExpensesNet": 633000,
    "incomeBeforeTax": 37620000,
    "incomeBeforeTaxRatio": 0.1965887001,
    "incomeTaxExpense": 11879000,
    "netIncome": 25780000,
    "netIncomeRatio": 0.1347170837,
    "eps": 0.21,
    "epsdiluted": 0.2,
    "weightedAverageShsOut": 125868000,
    "weightedAverageShsOutDil": 132056000,
    "link": "https://www.sec.gov/Archives/edgar/data/874716/000087471606000072/0000874716-06-000072-index.htm",
    "finalLink": "https://www.sec.gov/Archives/edgar/data/874716/000087471606000072/form10q_june302006.htm"
  },
  {
    "date": "2006-03-31",
    "symbol": "IDXX",
    "reportedCurrency": "USD",
    "cik": "0000874716",
    "fillingDate": "2006-05-08",
    "acceptedDate": "2006-05-08 16:42:39",
    "calendarYear": "2006",
    "period": "Q1",
    "revenue": 168164000,
    "costOfRevenue": 82139000,
    "grossProfit": 86025000,
    "grossProfitRatio": 0.5115541971,
    "researchAndDevelopmentExpenses": 12678000,
    "generalAndAdministrativeExpenses": 46372000,
    "sellingAndMarketingExpenses": 0,
    "sellingGeneralAndAdministrativeExpenses": 46372000,
    "otherExpenses": 0,
    "operatingExpenses": 59050000,
    "costAndExpenses": 141189000,
    "interestIncome": 769000,
    "interestExpense": 0,
    "depreciationAndAmortization": 6658000,
    "ebitda": 26975000,
    "ebitdaratio": 0.1604088866,
    "operatingIncome": 26975000,
    "operatingIncomeRatio": 0.1604088866,
    "totalOtherIncomeExpensesNet": 769000,
    "incomeBeforeTax": 27744000,
    "incomeBeforeTaxRatio": 0.1649818035,
    "incomeTaxExpense": 9584000,
    "netIncome": 18273000,
    "netIncomeRatio": 0.1086617825,
    "eps": 0.14,
    "epsdiluted": 0.14,
    "weightedAverageShsOut": 127200000,
    "weightedAverageShsOutDil": 133672000,
    "link": "https://www.sec.gov/Archives/edgar/data/874716/000087471606000060/0000874716-06-000060-index.htm",
    "finalLink": "https://www.sec.gov/Archives/edgar/data/874716/000087471606000060/form10q_mar312006.htm"
  },
  {
    "date": "2005-12-31",
    "symbol": "IDXX",
    "reportedCurrency": "USD",
    "cik": "0000874716",
    "fillingDate": "2006-03-10",
    "acceptedDate": "2006-03-10 16:37:01",
    "calendarYear": "2005",
    "period": "Q4",
    "revenue": 166970000,
    "costOfRevenue": 82054000,
    "grossProfit": 84916000,
    "grossProfitRatio": 0.5085704019,
    "researchAndDevelopmentExpenses": 10636000,
    "generalAndAdministrativeExpenses": 44096000,
    "sellingAndMarketingExpenses": 0,
    "sellingGeneralAndAdministrativeExpenses": 44096000,
    "otherExpenses": 0,
    "operatingExpenses": 54732000,
    "costAndExpenses": 136786000,
    "interestIncome": 3141000,
    "interestExpense": 0,
    "depreciationAndAmortization": 6278000,
    "ebitda": 36462000,
    "ebitdaratio": 0.2183745583,
    "operatingIncome": 30184000,
    "operatingIncomeRatio": 0.1807749895,
    "totalOtherIncomeExpensesNet": 849000,
    "incomeBeforeTax": 31033000,
    "incomeBeforeTaxRatio": 0.1858597353,
    "incomeTaxExpense": 11137000,
    "netIncome": 20027000,
    "netIncomeRatio": 0.1199437025,
    "eps": 0.16,
    "epsdiluted": 0.16,
    "weightedAverageShsOut": 127200000,
    "weightedAverageShsOutDil": 127200000,
    "link": "https://www.sec.gov/Archives/edgar/data/874716/000087471606000041/0000874716-06-000041-index.htm",
    "finalLink": "https://www.sec.gov/Archives/edgar/data/874716/000087471606000041/form10k_dec312005.htm"
  },
  {
    "date": "2005-09-30",
    "symbol": "IDXX",
    "reportedCurrency": "USD",
    "cik": "0000874716",
    "fillingDate": "2005-11-02",
    "acceptedDate": "2005-11-02 12:15:24",
    "calendarYear": "2005",
    "period": "Q3",
    "revenue": 158069000,
    "costOfRevenue": 76740000,
    "grossProfit": 81329000,
    "grossProfitRatio": 0.5145158127,
    "researchAndDevelopmentExpenses": 10543000,
    "generalAndAdministrativeExpenses": 40663000,
    "sellingAndMarketingExpenses": 0,
    "sellingGeneralAndAdministrativeExpenses": 40663000,
    "otherExpenses": 0,
    "operatingExpenses": 51206000,
    "costAndExpenses": 127946000,
    "interestIncome": 918000,
    "interestExpense": 0,
    "depreciationAndAmortization": 6138000,
    "ebitda": 30123000,
    "ebitdaratio": 0.1905686757,
    "operatingIncome": 30123000,
    "operatingIncomeRatio": 0.1905686757,
    "totalOtherIncomeExpensesNet": 1028000,
    "incomeBeforeTax": 31041000,
    "incomeBeforeTaxRatio": 0.1963762661,
    "incomeTaxExpense": 10547000,
    "netIncome": 20604000,
    "netIncomeRatio": 0.1303481391,
    "eps": 0.16,
    "epsdiluted": 0.15,
    "weightedAverageShsOut": 129928000,
    "weightedAverageShsOutDil": 136176000,
    "link": "https://www.sec.gov/Archives/edgar/data/874716/000087471605000088/0000874716-05-000088-index.htm",
    "finalLink": "https://www.sec.gov/Archives/edgar/data/874716/000087471605000088/form10q_sept302005.htm"
  },
  {
    "date": "2005-06-30",
    "symbol": "IDXX",
    "reportedCurrency": "USD",
    "cik": "0000874716",
    "fillingDate": "2005-08-03",
    "acceptedDate": "2005-08-03 16:34:56",
    "calendarYear": "2005",
    "period": "Q2",
    "revenue": 160630000,
    "costOfRevenue": 80055000,
    "grossProfit": 80575000,
    "grossProfitRatio": 0.5016186267,
    "researchAndDevelopmentExpenses": 9995000,
    "generalAndAdministrativeExpenses": 41694000,
    "sellingAndMarketingExpenses": 0,
    "sellingGeneralAndAdministrativeExpenses": 41694000,
    "otherExpenses": 0,
    "operatingExpenses": 51689000,
    "costAndExpenses": 131744000,
    "interestIncome": 871000,
    "interestExpense": 0,
    "depreciationAndAmortization": 6137000,
    "ebitda": 28886000,
    "ebitdaratio": 0.1798294217,
    "operatingIncome": 28886000,
    "operatingIncomeRatio": 0.1798294217,
    "totalOtherIncomeExpensesNet": 981000,
    "incomeBeforeTax": 29757000,
    "incomeBeforeTaxRatio": 0.185251821,
    "incomeTaxExpense": 9934000,
    "netIncome": 19933000,
    "netIncomeRatio": 0.1240926352,
    "eps": 0.15,
    "epsdiluted": 0.15,
    "weightedAverageShsOut": 130508000,
    "weightedAverageShsOutDil": 136240000,
    "link": "https://www.sec.gov/Archives/edgar/data/874716/000087471605000074/0000874716-05-000074-index.htm",
    "finalLink": "https://www.sec.gov/Archives/edgar/data/874716/000087471605000074/form10q_june302005.htm"
  },
  {
    "date": "2005-03-31",
    "symbol": "IDXX",
    "reportedCurrency": "USD",
    "cik": "0000874716",
    "fillingDate": "2005-05-05",
    "acceptedDate": "2005-05-05 17:15:01",
    "calendarYear": "2005",
    "period": "Q1",
    "revenue": 152426000,
    "costOfRevenue": 76346000,
    "grossProfit": 76080000,
    "grossProfitRatio": 0.4991274454,
    "researchAndDevelopmentExpenses": 9774000,
    "generalAndAdministrativeExpenses": 40168000,
    "sellingAndMarketingExpenses": 0,
    "sellingGeneralAndAdministrativeExpenses": 40168000,
    "otherExpenses": 0,
    "operatingExpenses": 49942000,
    "costAndExpenses": 126288000,
    "interestIncome": 503000,
    "interestExpense": 0,
    "depreciationAndAmortization": 5816000,
    "ebitda": 26138000,
    "ebitdaratio": 0.1714799312,
    "operatingIncome": 26138000,
    "operatingIncomeRatio": 0.1714799312,
    "totalOtherIncomeExpensesNet": 503000,
    "incomeBeforeTax": 26641000,
    "incomeBeforeTaxRatio": 0.1747798932,
    "incomeTaxExpense": 9052000,
    "netIncome": 17690000,
    "netIncomeRatio": 0.1160563159,
    "eps": 0.14,
    "epsdiluted": 0.13,
    "weightedAverageShsOut": 131820000,
    "weightedAverageShsOutDil": 137756000,
    "link": "https://www.sec.gov/Archives/edgar/data/874716/000087471605000055/0000874716-05-000055-index.htm",
    "finalLink": "https://www.sec.gov/Archives/edgar/data/874716/000087471605000055/form10q_march312005.htm"
  },
  {
    "date": "2004-12-31",
    "symbol": "IDXX",
    "reportedCurrency": "USD",
    "cik": "0000874716",
    "fillingDate": "2005-03-15",
    "acceptedDate": "2005-03-15 16:28:36",
    "calendarYear": "2004",
    "period": "Q4",
    "revenue": 144274000,
    "costOfRevenue": 75363000,
    "grossProfit": 68911000,
    "grossProfitRatio": 0.4776397688,
    "researchAndDevelopmentExpenses": 9373000,
    "generalAndAdministrativeExpenses": 36263000,
    "sellingAndMarketingExpenses": 0,
    "sellingGeneralAndAdministrativeExpenses": 36263000,
    "otherExpenses": 0,
    "operatingExpenses": 45636000,
    "costAndExpenses": 120999000,
    "interestIncome": 3068000,
    "interestExpense": 0,
    "depreciationAndAmortization": 5237000,
    "ebitda": 28512000,
    "ebitdaratio": 0.1976239655,
    "operatingIncome": 23275000,
    "operatingIncomeRatio": 0.1613249789,
    "totalOtherIncomeExpensesNet": 753000,
    "incomeBeforeTax": 24028000,
    "incomeBeforeTaxRatio": 0.1665442145,
    "incomeTaxExpense": 7172000,
    "netIncome": 16935000,
    "netIncomeRatio": 0.1173808171,
    "eps": 0.13,
    "epsdiluted": 0.13,
    "weightedAverageShsOut": 131820000,
    "weightedAverageShsOutDil": 131820000,
    "link": "https://www.sec.gov/Archives/edgar/data/874716/000087471605000035/0000874716-05-000035-index.htm",
    "finalLink": "https://www.sec.gov/Archives/edgar/data/874716/000087471605000035/form10k_dec312004.htm"
  },
  {
    "date": "2004-09-30",
    "symbol": "IDXX",
    "reportedCurrency": "USD",
    "cik": "0000874716",
    "fillingDate": "2004-11-08",
    "acceptedDate": "2004-11-08 16:10:48",
    "calendarYear": "2004",
    "period": "Q3",
    "revenue": 134111000,
    "costOfRevenue": 63053000,
    "grossProfit": 71058000,
    "grossProfitRatio": 0.5298446809,
    "researchAndDevelopmentExpenses": 8824000,
    "generalAndAdministrativeExpenses": 33830000,
    "sellingAndMarketingExpenses": 0,
    "sellingGeneralAndAdministrativeExpenses": 33830000,
    "otherExpenses": 0,
    "operatingExpenses": 42654000,
    "costAndExpenses": 105707000,
    "interestIncome": 830000,
    "interestExpense": 0,
    "depreciationAndAmortization": 5128000,
    "ebitda": 28404000,
    "ebitdaratio": 0.2117947074,
    "operatingIncome": 28404000,
    "operatingIncomeRatio": 0.2117947074,
    "totalOtherIncomeExpensesNet": 939000,
    "incomeBeforeTax": 29234000,
    "incomeBeforeTaxRatio": 0.2179836106,
    "incomeTaxExpense": 9647000,
    "netIncome": 19696000,
    "netIncomeRatio": 0.1468634191,
    "eps": 0.14,
    "epsdiluted": 0.14,
    "weightedAverageShsOut": 136200000,
    "weightedAverageShsOutDil": 141868000,
    "link": "https://www.sec.gov/Archives/edgar/data/874716/000087471604000080/0000874716-04-000080-index.htm",
    "finalLink": "https://www.sec.gov/Archives/edgar/data/874716/000087471604000080/form10q_sept302004.htm"
  },
  {
    "date": "2004-06-30",
    "symbol": "IDXX",
    "reportedCurrency": "USD",
    "cik": "0000874716",
    "fillingDate": "2004-08-09",
    "acceptedDate": "2004-08-09 16:06:36",
    "calendarYear": "2004",
    "period": "Q2",
    "revenue": 137379000,
    "costOfRevenue": 65377000,
    "grossProfit": 72002000,
    "grossProfitRatio": 0.5241121278,
    "researchAndDevelopmentExpenses": 8685000,
    "generalAndAdministrativeExpenses": 32262000,
    "sellingAndMarketingExpenses": 0,
    "sellingGeneralAndAdministrativeExpenses": 32262000,
    "otherExpenses": 0,
    "operatingExpenses": 40947000,
    "costAndExpenses": 106324000,
    "interestIncome": 756000,
    "interestExpense": 0,
    "depreciationAndAmortization": 3748000,
    "ebitda": 31055000,
    "ebitdaratio": 0.2260534725,
    "operatingIncome": 31055000,
    "operatingIncomeRatio": 0.2260534725,
    "totalOtherIncomeExpensesNet": 829000,
    "incomeBeforeTax": 31811000,
    "incomeBeforeTaxRatio": 0.231556497,
    "incomeTaxExpense": 7974000,
    "netIncome": 23910000,
    "netIncomeRatio": 0.1740440679,
    "eps": 0.17,
    "epsdiluted": 0.17,
    "weightedAverageShsOut": 138336000,
    "weightedAverageShsOutDil": 145692000,
    "link": "https://www.sec.gov/Archives/edgar/data/874716/000087471604000066/0000874716-04-000066-index.htm",
    "finalLink": "https://www.sec.gov/Archives/edgar/data/874716/000087471604000066/form10q_june302004.htm"
  },
  {
    "date": "2004-03-31",
    "symbol": "IDXX",
    "reportedCurrency": "USD",
    "cik": "0000874716",
    "fillingDate": "2004-05-10",
    "acceptedDate": "2004-05-10 15:14:57",
    "calendarYear": "2004",
    "period": "Q1",
    "revenue": 133417000,
    "costOfRevenue": 66371000,
    "grossProfit": 67046000,
    "grossProfitRatio": 0.5025296626,
    "researchAndDevelopmentExpenses": 8520000,
    "generalAndAdministrativeExpenses": 33225000,
    "sellingAndMarketingExpenses": 0,
    "sellingGeneralAndAdministrativeExpenses": 33225000,
    "otherExpenses": 0,
    "operatingExpenses": 41745000,
    "costAndExpenses": 108116000,
    "interestIncome": 729000,
    "interestExpense": 0,
    "depreciationAndAmortization": 4314000,
    "ebitda": 25301000,
    "ebitdaratio": 0.1896385018,
    "operatingIncome": 25301000,
    "operatingIncomeRatio": 0.1896385018,
    "totalOtherIncomeExpensesNet": 862000,
    "incomeBeforeTax": 26030000,
    "incomeBeforeTaxRatio": 0.1951025731,
    "incomeTaxExpense": 8372000,
    "netIncome": 17791000,
    "netIncomeRatio": 0.1333488236,
    "eps": 0.13,
    "epsdiluted": 0.12,
    "weightedAverageShsOut": 139100000,
    "weightedAverageShsOutDil": 145748000,
    "link": "https://www.sec.gov/Archives/edgar/data/874716/000087471604000045/0000874716-04-000045-index.htm",
    "finalLink": "https://www.sec.gov/Archives/edgar/data/874716/000087471604000045/form10q_mar312004.htm"
  },
  {
    "date": "2003-12-31",
    "symbol": "IDXX",
    "reportedCurrency": "USD",
    "cik": "0000874716",
    "fillingDate": "2004-03-03",
    "acceptedDate": "2004-03-03 16:47:13",
    "calendarYear": "2003",
    "period": "Q4",
    "revenue": 124838000,
    "costOfRevenue": 64757000,
    "grossProfit": 60081000,
    "grossProfitRatio": 0.4812717282,
    "researchAndDevelopmentExpenses": 8302000,
    "generalAndAdministrativeExpenses": 36459000,
    "sellingAndMarketingExpenses": 0,
    "sellingGeneralAndAdministrativeExpenses": 36459000,
    "otherExpenses": 0,
    "operatingExpenses": 44761000,
    "costAndExpenses": 109518000,
    "interestIncome": 0,
    "interestExpense": 0,
    "depreciationAndAmortization": 4640000,
    "ebitda": 19960000,
    "ebitdaratio": 0.1598872138,
    "operatingIncome": 15320000,
    "operatingIncomeRatio": 0.1227190439,
    "totalOtherIncomeExpensesNet": 679000,
    "incomeBeforeTax": 15999000,
    "incomeBeforeTaxRatio": 0.1281580929,
    "incomeTaxExpense": 3748000,
    "netIncome": 12365000,
    "netIncomeRatio": 0.0990483667,
    "eps": 0.0889,
    "epsdiluted": 0.0889,
    "weightedAverageShsOut": 139028000,
    "weightedAverageShsOutDil": 139100000,
    "link": "https://www.sec.gov/Archives/edgar/data/874716/000095013504001102/0000950135-04-001102-index.htm",
    "finalLink": "https://www.sec.gov/Archives/edgar/data/874716/000095013504001102/b48970ile10vk.htm"
  },
  {
    "date": "2003-09-30",
    "symbol": "IDXX",
    "reportedCurrency": "USD",
    "cik": "0000874716",
    "fillingDate": "2003-11-13",
    "acceptedDate": "2003-11-13 10:54:45",
    "calendarYear": "2003",
    "period": "Q3",
    "revenue": 120061000,
    "costOfRevenue": 60971000,
    "grossProfit": 59090000,
    "grossProfitRatio": 0.492166482,
    "researchAndDevelopmentExpenses": 8376000,
    "generalAndAdministrativeExpenses": 27428000,
    "sellingAndMarketingExpenses": 0,
    "sellingGeneralAndAdministrativeExpenses": 27428000,
    "otherExpenses": 0,
    "operatingExpenses": 35804000,
    "costAndExpenses": 96775000,
    "interestIncome": 734000,
    "interestExpense": 0,
    "depreciationAndAmortization": 4412000,
    "ebitda": 23286000,
    "ebitdaratio": 0.193951408,
    "operatingIncome": 23286000,
    "operatingIncomeRatio": 0.193951408,
    "totalOtherIncomeExpensesNet": 734000,
    "incomeBeforeTax": 24020000,
    "incomeBeforeTaxRatio": 0.200064967,
    "incomeTaxExpense": 8047000,
    "netIncome": 15973000,
    "netIncomeRatio": 0.1330407043,
    "eps": 0.12,
    "epsdiluted": 0.11,
    "weightedAverageShsOut": 137632000,
    "weightedAverageShsOutDil": 143908000,
    "link": "https://www.sec.gov/Archives/edgar/data/874716/000087471603000108/0000874716-03-000108-index.htm",
    "finalLink": "https://www.sec.gov/Archives/edgar/data/874716/000087471603000108/form10qsept302003.htm"
  },
  {
    "date": "2003-06-30",
    "symbol": "IDXX",
    "reportedCurrency": "USD",
    "cik": "0000874716",
    "fillingDate": "2003-08-14",
    "acceptedDate": "2003-08-14 11:45:40",
    "calendarYear": "2003",
    "period": "Q2",
    "revenue": 121846000,
    "costOfRevenue": 62175000,
    "grossProfit": 59671000,
    "grossProfitRatio": 0.4897247345,
    "researchAndDevelopmentExpenses": 8304000,
    "generalAndAdministrativeExpenses": 27033000,
    "sellingAndMarketingExpenses": 0,
    "sellingGeneralAndAdministrativeExpenses": 27033000,
    "otherExpenses": 0,
    "operatingExpenses": 35337000,
    "costAndExpenses": 97512000,
    "interestIncome": 0,
    "interestExpense": 0,
    "depreciationAndAmortization": 4933000,
    "ebitda": 24334000,
    "ebitdaratio": 0.1997111107,
    "operatingIncome": 24334000,
    "operatingIncomeRatio": 0.1997111107,
    "totalOtherIncomeExpensesNet": 764000,
    "incomeBeforeTax": 25098000,
    "incomeBeforeTaxRatio": 0.2059813207,
    "incomeTaxExpense": 8408000,
    "netIncome": 16690000,
    "netIncomeRatio": 0.1369761831,
    "eps": 0.12,
    "epsdiluted": 0.12,
    "weightedAverageShsOut": 136400000,
    "weightedAverageShsOutDil": 142124000,
    "link": "https://www.sec.gov/Archives/edgar/data/874716/000087471603000079/0000874716-03-000079-index.htm",
    "finalLink": "https://www.sec.gov/Archives/edgar/data/874716/000087471603000079/form10q_june302003.htm"
  },
  {
    "date": "2003-03-31",
    "symbol": "IDXX",
    "reportedCurrency": "USD",
    "cik": "0000874716",
    "fillingDate": "2003-05-14",
    "acceptedDate": "2003-05-14 10:08:59",
    "calendarYear": "2003",
    "period": "Q1",
    "revenue": 109247000,
    "costOfRevenue": 57785000,
    "grossProfit": 51462000,
    "grossProfitRatio": 0.4710609902,
    "researchAndDevelopmentExpenses": 7337000,
    "generalAndAdministrativeExpenses": 26678000,
    "sellingAndMarketingExpenses": 0,
    "sellingGeneralAndAdministrativeExpenses": 26678000,
    "otherExpenses": 0,
    "operatingExpenses": 34015000,
    "costAndExpenses": 91800000,
    "interestIncome": 0,
    "interestExpense": 0,
    "depreciationAndAmortization": 4912000,
    "ebitda": 17447000,
    "ebitdaratio": 0.1597023259,
    "operatingIncome": 17447000,
    "operatingIncomeRatio": 0.1597023259,
    "totalOtherIncomeExpensesNet": 690000,
    "incomeBeforeTax": 18137000,
    "incomeBeforeTaxRatio": 0.1660182888,
    "incomeTaxExpense": 6075000,
    "netIncome": 12062000,
    "netIncomeRatio": 0.1104103545,
    "eps": 0.09,
    "epsdiluted": 0.085,
    "weightedAverageShsOut": 135248000,
    "weightedAverageShsOutDil": 142080000,
    "link": "https://www.sec.gov/Archives/edgar/data/874716/000087471603000050/0000874716-03-000050-index.htm",
    "finalLink": "https://www.sec.gov/Archives/edgar/data/874716/000087471603000050/form10q_march312003.htm"
  },
  {
    "date": "2002-12-31",
    "symbol": "IDXX",
    "reportedCurrency": "USD",
    "cik": "0000874716",
    "fillingDate": "2003-03-20",
    "acceptedDate": "2003-03-20 16:55:51",
    "calendarYear": "2002",
    "period": "Q4",
    "revenue": 105895000,
    "costOfRevenue": 56886000,
    "grossProfit": 49009000,
    "grossProfitRatio": 0.462807498,
    "researchAndDevelopmentExpenses": 7082000,
    "generalAndAdministrativeExpenses": 23427000,
    "sellingAndMarketingExpenses": 0,
    "sellingGeneralAndAdministrativeExpenses": 23427000,
    "otherExpenses": 0,
    "operatingExpenses": 30509000,
    "costAndExpenses": 87395000,
    "interestIncome": 0,
    "interestExpense": 0,
    "depreciationAndAmortization": 4763000,
    "ebitda": 23263000,
    "ebitdaratio": 0.2196798716,
    "operatingIncome": 18500000,
    "operatingIncomeRatio": 0.1747013551,
    "totalOtherIncomeExpensesNet": 828000,
    "incomeBeforeTax": 19328000,
    "incomeBeforeTaxRatio": 0.1825204212,
    "incomeTaxExpense": 6571000,
    "netIncome": 12757000,
    "netIncomeRatio": 0.1204683885,
    "eps": 0.0943,
    "epsdiluted": 0.0943,
    "weightedAverageShsOut": 133960000,
    "weightedAverageShsOutDil": 135248000,
    "link": "https://www.sec.gov/Archives/edgar/data/874716/000087471603000033/0000874716-03-000033-index.htm",
    "finalLink": "https://www.sec.gov/Archives/edgar/data/874716/000087471603000033/form10kmar15edgar.htm"
  },
  {
    "date": "2002-09-30",
    "symbol": "IDXX",
    "reportedCurrency": "USD",
    "cik": "0000874716",
    "fillingDate": "2002-11-14",
    "acceptedDate": "2002-11-14 16:42:33",
    "calendarYear": "2002",
    "period": "Q3",
    "revenue": 104534000,
    "costOfRevenue": 53774000,
    "grossProfit": 50760000,
    "grossProfitRatio": 0.4855836379,
    "researchAndDevelopmentExpenses": 7339000,
    "generalAndAdministrativeExpenses": 25121000,
    "sellingAndMarketingExpenses": 0,
    "sellingGeneralAndAdministrativeExpenses": 25121000,
    "otherExpenses": 0,
    "operatingExpenses": 32460000,
    "costAndExpenses": 86234000,
    "interestIncome": 0,
    "interestExpense": 0,
    "depreciationAndAmortization": 5679000,
    "ebitda": 23979000,
    "ebitdaratio": 0.2293894809,
    "operatingIncome": 18300000,
    "operatingIncomeRatio": 0.175062659,
    "totalOtherIncomeExpensesNet": 614000,
    "incomeBeforeTax": 18914000,
    "incomeBeforeTaxRatio": 0.1809363461,
    "incomeTaxExpense": 6431000,
    "netIncome": 12483000,
    "netIncomeRatio": 0.1194156925,
    "eps": 0.0925,
    "epsdiluted": 0.09,
    "weightedAverageShsOut": 133204000,
    "weightedAverageShsOutDil": 138528000,
    "link": "https://www.sec.gov/Archives/edgar/data/874716/000087471602000008/0000874716-02-000008-index.htm",
    "finalLink": "https://www.sec.gov/Archives/edgar/data/874716/000087471602000008/final10qthirdq02.htm"
  },
  {
    "date": "2002-06-30",
    "symbol": "IDXX",
    "reportedCurrency": "USD",
    "cik": "0000874716",
    "fillingDate": "2002-08-14",
    "acceptedDate": "2002-08-14 14:24:05",
    "calendarYear": "2002",
    "period": "Q2",
    "revenue": 105690000,
    "costOfRevenue": 55795000,
    "grossProfit": 49895000,
    "grossProfitRatio": 0.4720881824,
    "researchAndDevelopmentExpenses": 7726000,
    "generalAndAdministrativeExpenses": 23470000,
    "sellingAndMarketingExpenses": 0,
    "sellingGeneralAndAdministrativeExpenses": 23470000,
    "otherExpenses": 0,
    "operatingExpenses": 31196000,
    "costAndExpenses": 86991000,
    "interestIncome": 0,
    "interestExpense": 0,
    "depreciationAndAmortization": 5008000,
    "ebitda": 23707000,
    "ebitdaratio": 0.2243069354,
    "operatingIncome": 18699000,
    "operatingIncomeRatio": 0.1769230769,
    "totalOtherIncomeExpensesNet": 943000,
    "incomeBeforeTax": 19642000,
    "incomeBeforeTaxRatio": 0.1858453969,
    "incomeTaxExpense": 6678000,
    "netIncome": 12964000,
    "netIncomeRatio": 0.1226606112,
    "eps": 0.095,
    "epsdiluted": 0.0925,
    "weightedAverageShsOut": 135284000,
    "weightedAverageShsOutDil": 140772000,
    "link": "https://www.sec.gov/Archives/edgar/data/874716/000087471602000007/0000874716-02-000007-index.htm",
    "finalLink": "https://www.sec.gov/Archives/edgar/data/874716/000087471602000007/q210q2002.htm"
  },
  {
    "date": "2002-03-31",
    "symbol": "IDXX",
    "reportedCurrency": "USD",
    "cik": "0000874716",
    "fillingDate": "2002-05-14",
    "acceptedDate": "2002-05-14 16:49:22",
    "calendarYear": "2002",
    "period": "Q1",
    "revenue": 96551000,
    "costOfRevenue": 53490000,
    "grossProfit": 43061000,
    "grossProfitRatio": 0.4459922735,
    "researchAndDevelopmentExpenses": 7182000,
    "generalAndAdministrativeExpenses": 25563000,
    "sellingAndMarketingExpenses": 0,
    "sellingGeneralAndAdministrativeExpenses": 25563000,
    "otherExpenses": -570000,
    "operatingExpenses": 32175000,
    "costAndExpenses": 85665000,
    "interestIncome": 0,
    "interestExpense": 0,
    "depreciationAndAmortization": 4674000,
    "ebitda": 15560000,
    "ebitdaratio": 0.1611583515,
    "operatingIncome": 10886000,
    "operatingIncomeRatio": 0.1127487028,
    "totalOtherIncomeExpensesNet": -302000,
    "incomeBeforeTax": 10886000,
    "incomeBeforeTaxRatio": 0.1127487028,
    "incomeTaxExpense": 3701000,
    "netIncome": 7185000,
    "netIncomeRatio": 0.0744166296,
    "eps": 0.0525,
    "epsdiluted": 0.0525,
    "weightedAverageShsOut": 135532000,
    "weightedAverageShsOutDil": 140068000,
    "link": "https://www.sec.gov/Archives/edgar/data/874716/000087471602000006/0000874716-02-000006-index.htm",
    "finalLink": "https://www.sec.gov/Archives/edgar/data/874716/000087471602000006/final10q1st02.htm"
  },
  {
    "date": "2001-12-31",
    "symbol": "IDXX",
    "reportedCurrency": "USD",
    "cik": "0000874716",
    "fillingDate": "2002-03-21",
    "acceptedDate": "2002-03-21 00:00:00",
    "calendarYear": "2001",
    "period": "Q4",
    "revenue": 95132000,
    "costOfRevenue": 51600000,
    "grossProfit": 43532000,
    "grossProfitRatio": 0.4575957617,
    "researchAndDevelopmentExpenses": 6437000,
    "generalAndAdministrativeExpenses": 22226000,
    "sellingAndMarketingExpenses": 0,
    "sellingGeneralAndAdministrativeExpenses": 22226000,
    "otherExpenses": 0,
    "operatingExpenses": 28663000,
    "costAndExpenses": 80263000,
    "interestIncome": 0,
    "interestExpense": 0,
    "depreciationAndAmortization": 6825000,
    "ebitda": 21694000,
    "ebitdaratio": 0.2280410377,
    "operatingIncome": 14869000,
    "operatingIncomeRatio": 0.1562986167,
    "totalOtherIncomeExpensesNet": 487000,
    "incomeBeforeTax": 15356000,
    "incomeBeforeTaxRatio": 0.1614178195,
    "incomeTaxExpense": 5528000,
    "netIncome": 9828000,
    "netIncomeRatio": 0.1033090863,
    "eps": 0.0725,
    "epsdiluted": 0.0725,
    "weightedAverageShsOut": 135532000,
    "weightedAverageShsOutDil": 135532000,
    "link": "https://www.sec.gov/Archives/edgar/data/874716/000087471602000001/0000874716-02-000001-index.htm",
    "finalLink": "https://www.sec.gov/Archives/edgar/data/874716/000087471602000001/final10k2001.htm"
  },
  {
    "date": "2001-09-30",
    "symbol": "IDXX",
    "reportedCurrency": "USD",
    "cik": "0000874716",
    "fillingDate": "2001-11-09",
    "acceptedDate": "2001-11-09 00:00:00",
    "calendarYear": "2001",
    "period": "Q3",
    "revenue": 97522000,
    "costOfRevenue": 51101000,
    "grossProfit": 46421000,
    "grossProfitRatio": 0.4760054142,
    "researchAndDevelopmentExpenses": 6956000,
    "generalAndAdministrativeExpenses": 24018000,
    "sellingAndMarketingExpenses": 0,
    "sellingGeneralAndAdministrativeExpenses": 24018000,
    "otherExpenses": 0,
    "operatingExpenses": 30974000,
    "costAndExpenses": 82075000,
    "interestIncome": 0,
    "interestExpense": 0,
    "depreciationAndAmortization": 5082000,
    "ebitda": 15447000,
    "ebitdaratio": 0.1583950288,
    "operatingIncome": 15447000,
    "operatingIncomeRatio": 0.1583950288,
    "totalOtherIncomeExpensesNet": 517000,
    "incomeBeforeTax": 15964000,
    "incomeBeforeTaxRatio": 0.1636963967,
    "incomeTaxExpense": 5747000,
    "netIncome": 10217000,
    "netIncomeRatio": 0.1047661041,
    "eps": 0.0775,
    "epsdiluted": 0.075,
    "weightedAverageShsOut": 131832258,
    "weightedAverageShsOutDil": 136226667,
    "link": "https://www.sec.gov/Archives/edgar/data/874716/000087471601500012/0000874716-01-500012-index.htm",
    "finalLink": "https://www.sec.gov/Archives/edgar/data/874716/000087471601500012/q30110q.htm"
  },
  {
    "date": "2001-06-30",
    "symbol": "IDXX",
    "reportedCurrency": "USD",
    "cik": "0000874716",
    "fillingDate": "2001-08-14",
    "acceptedDate": "2001-08-14 00:00:00",
    "calendarYear": "2001",
    "period": "Q2",
    "revenue": 102001000,
    "costOfRevenue": 52488000,
    "grossProfit": 49513000,
    "grossProfitRatio": 0.4854168096,
    "researchAndDevelopmentExpenses": 7608000,
    "generalAndAdministrativeExpenses": 26857000,
    "sellingAndMarketingExpenses": 0,
    "sellingGeneralAndAdministrativeExpenses": 26857000,
    "otherExpenses": 0,
    "operatingExpenses": 34465000,
    "costAndExpenses": 86953000,
    "interestIncome": 0,
    "interestExpense": 0,
    "depreciationAndAmortization": 5173000,
    "ebitda": 15048000,
    "ebitdaratio": 0.1475279654,
    "operatingIncome": 15048000,
    "operatingIncomeRatio": 0.1475279654,
    "totalOtherIncomeExpensesNet": 524000,
    "incomeBeforeTax": 15572000,
    "incomeBeforeTaxRatio": 0.1526651699,
    "incomeTaxExpense": 5606000,
    "netIncome": 9966000,
    "netIncomeRatio": 0.0977049245,
    "eps": 0.075,
    "epsdiluted": 0.0725,
    "weightedAverageShsOut": 132880000,
    "weightedAverageShsOutDil": 137462069,
    "link": "https://www.sec.gov/Archives/edgar/data/874716/000087471601500009/0000874716-01-500009-index.htm",
    "finalLink": "https://www.sec.gov/Archives/edgar/data/874716/000087471601500009/q20110qb.htm"
  },
  {
    "date": "2001-03-31",
    "symbol": "IDXX",
    "reportedCurrency": "USD",
    "cik": "0000874716",
    "fillingDate": "2001-05-15",
    "acceptedDate": "2001-05-15 00:00:00",
    "calendarYear": "2001",
    "period": "Q1",
    "revenue": 91426000,
    "costOfRevenue": 42412000,
    "grossProfit": 49014000,
    "grossProfitRatio": 0.536105703,
    "researchAndDevelopmentExpenses": 7425000,
    "generalAndAdministrativeExpenses": 25252000,
    "sellingAndMarketingExpenses": 0,
    "sellingGeneralAndAdministrativeExpenses": 25252000,
    "otherExpenses": 0,
    "operatingExpenses": 32677000,
    "costAndExpenses": 75089000,
    "interestIncome": 0,
    "interestExpense": 0,
    "depreciationAndAmortization": 5149000,
    "ebitda": 21486000,
    "ebitdaratio": 0.2350097346,
    "operatingIncome": 11188000,
    "operatingIncomeRatio": 0.1223721917,
    "totalOtherIncomeExpensesNet": 701000,
    "incomeBeforeTax": 11889000,
    "incomeBeforeTaxRatio": 0.1300395949,
    "incomeTaxExpense": 4280000,
    "netIncome": 7609000,
    "netIncomeRatio": 0.0832257782,
    "eps": 0.0575,
    "epsdiluted": 0.055,
    "weightedAverageShsOut": 132330435,
    "weightedAverageShsOutDil": 138345455,
    "link": "https://www.sec.gov/Archives/edgar/data/874716/000087471601500007/0000874716-01-500007-index.htm",
    "finalLink": "https://www.sec.gov/Archives/edgar/data/874716/000087471601500007/form10q101a.htm"
  },
  {
    "date": "2000-12-31",
    "symbol": "IDXX",
    "reportedCurrency": "USD",
    "cik": "0000874716",
    "fillingDate": "2001-03-29",
    "acceptedDate": "2001-03-29 00:00:00",
    "calendarYear": "2000",
    "period": "Q4",
    "revenue": 92619000,
    "costOfRevenue": 44320000,
    "grossProfit": 48299000,
    "grossProfitRatio": 0.5214804738,
    "researchAndDevelopmentExpenses": 7556000,
    "generalAndAdministrativeExpenses": 21014000,
    "sellingAndMarketingExpenses": 0,
    "sellingGeneralAndAdministrativeExpenses": 21014000,
    "otherExpenses": 5379000,
    "operatingExpenses": 33949000,
    "costAndExpenses": 78269000,
    "interestIncome": 0,
    "interestExpense": 0,
    "depreciationAndAmortization": 5379000,
    "ebitda": 19729000,
    "ebitdaratio": 0.2130124488,
    "operatingIncome": 14350000,
    "operatingIncomeRatio": 0.1549358123,
    "totalOtherIncomeExpensesNet": 1085000,
    "incomeBeforeTax": 15435000,
    "incomeBeforeTaxRatio": 0.1666504713,
    "incomeTaxExpense": 5634000,
    "netIncome": 9801000,
    "netIncomeRatio": 0.10582062,
    "eps": 0.0741,
    "epsdiluted": 0.0741,
    "weightedAverageShsOut": 132330435,
    "weightedAverageShsOutDil": 132330435,
    "link": "https://www.sec.gov/Archives/edgar/data/874716/000087471601500005/0000874716-01-500005-index.htm",
    "finalLink": "https://www.sec.gov/Archives/edgar/data/874716/000087471601500005/final10kb.htm"
  },
  {
    "date": "2000-09-30",
    "symbol": "IDXX",
    "reportedCurrency": "USD",
    "cik": "0000874716",
    "fillingDate": "2000-11-13",
    "acceptedDate": "2000-11-13 00:00:00",
    "calendarYear": "2000",
    "period": "Q3",
    "revenue": 90384000,
    "costOfRevenue": 42704000,
    "grossProfit": 47680000,
    "grossProfitRatio": 0.5275269959,
    "researchAndDevelopmentExpenses": 6750000,
    "generalAndAdministrativeExpenses": 22689000,
    "sellingAndMarketingExpenses": 0,
    "sellingGeneralAndAdministrativeExpenses": 22689000,
    "otherExpenses": 4727000,
    "operatingExpenses": 34166000,
    "costAndExpenses": 76870000,
    "interestIncome": 0,
    "interestExpense": 0,
    "depreciationAndAmortization": 4727000,
    "ebitda": 18241000,
    "ebitdaratio": 0.2018166932,
    "operatingIncome": 13514000,
    "operatingIncomeRatio": 0.1495176137,
    "totalOtherIncomeExpensesNet": 1199000,
    "incomeBeforeTax": 14713000,
    "incomeBeforeTaxRatio": 0.162783236,
    "incomeTaxExpense": 5444000,
    "netIncome": 9269000,
    "netIncomeRatio": 0.1025513365,
    "eps": 0.0675,
    "epsdiluted": 0.065,
    "weightedAverageShsOut": 137318519,
    "weightedAverageShsOutDil": 142600000,
    "link": "https://www.sec.gov/Archives/edgar/data/874716/000087471600000014/0000874716-00-000014-index.htm",
    "finalLink": "https://www.sec.gov/Archives/edgar/data/874716/000087471600000014/0000874716-00-000014-0001.txt"
  },
  {
    "date": "2000-06-30",
    "symbol": "IDXX",
    "reportedCurrency": "USD",
    "cik": "0000874716",
    "fillingDate": "2000-08-14",
    "acceptedDate": "2000-08-14 00:00:00",
    "calendarYear": "2000",
    "period": "Q2",
    "revenue": 93552000,
    "costOfRevenue": 42007000,
    "grossProfit": 51545000,
    "grossProfitRatio": 0.5509769968,
    "researchAndDevelopmentExpenses": 7193000,
    "generalAndAdministrativeExpenses": 25628000,
    "sellingAndMarketingExpenses": 0,
    "sellingGeneralAndAdministrativeExpenses": 25628000,
    "otherExpenses": 4845000,
    "operatingExpenses": 37666000,
    "costAndExpenses": 79673000,
    "interestIncome": 0,
    "interestExpense": 0,
    "depreciationAndAmortization": 4845000,
    "ebitda": 18724000,
    "ebitdaratio": 0.2001453737,
    "operatingIncome": 13879000,
    "operatingIncomeRatio": 0.1483559945,
    "totalOtherIncomeExpensesNet": 1366000,
    "incomeBeforeTax": 15245000,
    "incomeBeforeTaxRatio": 0.1629574996,
    "incomeTaxExpense": 5717000,
    "netIncome": 9528000,
    "netIncomeRatio": 0.1018471011,
    "eps": 0.0675,
    "epsdiluted": 0.065,
    "weightedAverageShsOut": 141155556,
    "weightedAverageShsOutDil": 146584615,
    "link": "https://www.sec.gov/Archives/edgar/data/874716/000087471600000011/0000874716-00-000011-index.htm",
    "finalLink": "https://www.sec.gov/Archives/edgar/data/874716/000087471600000011/0000874716-00-000011-0001.txt"
  },
  {
    "date": "2000-03-31",
    "symbol": "IDXX",
    "reportedCurrency": "USD",
    "cik": "0000874716",
    "fillingDate": "2000-05-12",
    "acceptedDate": "2000-05-12 00:00:00",
    "calendarYear": "2000",
    "period": "Q1",
    "revenue": 90878000,
    "costOfRevenue": 41744000,
    "grossProfit": 49134000,
    "grossProfitRatio": 0.5406589053,
    "researchAndDevelopmentExpenses": 6794000,
    "generalAndAdministrativeExpenses": 26302000,
    "sellingAndMarketingExpenses": 0,
    "sellingGeneralAndAdministrativeExpenses": 26302000,
    "otherExpenses": 4530000,
    "operatingExpenses": 37626000,
    "costAndExpenses": 79370000,
    "interestIncome": 0,
    "interestExpense": 0,
    "depreciationAndAmortization": 4530000,
    "ebitda": 16038000,
    "ebitdaratio": 0.1764783556,
    "operatingIncome": 11508000,
    "operatingIncomeRatio": 0.1266313079,
    "totalOtherIncomeExpensesNet": 1346000,
    "incomeBeforeTax": 12854000,
    "incomeBeforeTaxRatio": 0.1414423733,
    "incomeTaxExpense": 4820000,
    "netIncome": 8034000,
    "netIncomeRatio": 0.0884042342,
    "eps": 0.0575,
    "epsdiluted": 0.055,
    "weightedAverageShsOut": 139721739,
    "weightedAverageShsOutDil": 146072727,
    "link": "https://www.sec.gov/Archives/edgar/data/874716/000087471600000003/0000874716-00-000003-index.html",
    "finalLink": "https://www.sec.gov/Archives/edgar/data/874716/000087471600000003/"
  },
  {
    "date": "1999-12-31",
    "symbol": "IDXX",
    "reportedCurrency": "USD",
    "cik": "0000874716",
    "fillingDate": "2000-03-29",
    "acceptedDate": "2000-03-29 00:00:00",
    "calendarYear": "1999",
    "period": "Q4",
    "revenue": 88600000,
    "costOfRevenue": 41100000,
    "grossProfit": 47500000,
    "grossProfitRatio": 0.5361173815,
    "researchAndDevelopmentExpenses": 6300000,
    "generalAndAdministrativeExpenses": 24000000,
    "sellingAndMarketingExpenses": 0,
    "sellingGeneralAndAdministrativeExpenses": 24000000,
    "otherExpenses": 4400000,
    "operatingExpenses": 34700000,
    "costAndExpenses": 75800000,
    "interestIncome": 0,
    "interestExpense": 0,
    "depreciationAndAmortization": 4400000,
    "ebitda": 17200000,
    "ebitdaratio": 0.1941309255,
    "operatingIncome": 12800000,
    "operatingIncomeRatio": 0.144469526,
    "totalOtherIncomeExpensesNet": 1600000,
    "incomeBeforeTax": 14400000,
    "incomeBeforeTaxRatio": 0.1625282167,
    "incomeTaxExpense": 5500000,
    "netIncome": 8900000,
    "netIncomeRatio": 0.1004514673,
    "eps": 0.0637,
    "epsdiluted": 0.0637,
    "weightedAverageShsOut": 139721739,
    "weightedAverageShsOutDil": 139721739,
    "link": "https://www.sec.gov/Archives/edgar/data/874716/000095013500001781/0000950135-00-001781-index.html",
    "finalLink": "https://www.sec.gov/Archives/edgar/data/874716/000095013500001781/"
  },
  {
    "date": "1999-09-30",
    "symbol": "IDXX",
    "reportedCurrency": "USD",
    "cik": "0000874716",
    "fillingDate": "1999-11-12",
    "acceptedDate": "1999-11-12 00:00:00",
    "calendarYear": "1999",
    "period": "Q3",
    "revenue": 86400000,
    "costOfRevenue": 40700000,
    "grossProfit": 45700000,
    "grossProfitRatio": 0.5289351852,
    "researchAndDevelopmentExpenses": 6300000,
    "generalAndAdministrativeExpenses": 23200000,
    "sellingAndMarketingExpenses": 0,
    "sellingGeneralAndAdministrativeExpenses": 23200000,
    "otherExpenses": 4200000,
    "operatingExpenses": 33700000,
    "costAndExpenses": 74400000,
    "interestIncome": 0,
    "interestExpense": 0,
    "depreciationAndAmortization": 4300000,
    "ebitda": 16300000,
    "ebitdaratio": 0.1886574074,
    "operatingIncome": 12000000,
    "operatingIncomeRatio": 0.1388888889,
    "totalOtherIncomeExpensesNet": 1600000,
    "incomeBeforeTax": 13600000,
    "incomeBeforeTaxRatio": 0.1574074074,
    "incomeTaxExpense": 5200000,
    "netIncome": 8400000,
    "netIncomeRatio": 0.0972222222,
    "eps": 0.055,
    "epsdiluted": 0.0525,
    "weightedAverageShsOut": 152727273,
    "weightedAverageShsOutDil": 160000000,
    "link": "https://www.sec.gov/Archives/edgar/data/874716/000095013599005211/0000950135-99-005211-index.html",
    "finalLink": "https://www.sec.gov/Archives/edgar/data/874716/000095013599005211/"
  },
  {
    "date": "1999-06-30",
    "symbol": "IDXX",
    "reportedCurrency": "USD",
    "cik": "0000874716",
    "fillingDate": "1999-08-13",
    "acceptedDate": "1999-08-13 00:00:00",
    "calendarYear": "1999",
    "period": "Q2",
    "revenue": 91500000,
    "costOfRevenue": 42700000,
    "grossProfit": 48800000,
    "grossProfitRatio": 0.5333333333,
    "researchAndDevelopmentExpenses": 7500000,
    "generalAndAdministrativeExpenses": 25500000,
    "sellingAndMarketingExpenses": 0,
    "sellingGeneralAndAdministrativeExpenses": 25500000,
    "otherExpenses": 4200000,
    "operatingExpenses": 37200000,
    "costAndExpenses": 79900000,
    "interestIncome": 0,
    "interestExpense": 0,
    "depreciationAndAmortization": 4200000,
    "ebitda": 15800000,
    "ebitdaratio": 0.1726775956,
    "operatingIncome": 11600000,
    "operatingIncomeRatio": 0.1267759563,
    "totalOtherIncomeExpensesNet": 1300000,
    "incomeBeforeTax": 12900000,
    "incomeBeforeTaxRatio": 0.1409836066,
    "incomeTaxExpense": 4900000,
    "netIncome": 8000000,
    "netIncomeRatio": 0.087431694,
    "eps": 0.05,
    "epsdiluted": 0.05,
    "weightedAverageShsOut": 160000000,
    "weightedAverageShsOutDil": 160000000,
    "link": "https://www.sec.gov/Archives/edgar/data/874716/000095013599004027/0000950135-99-004027-index.html",
    "finalLink": "https://www.sec.gov/Archives/edgar/data/874716/000095013599004027/"
  },
  {
    "date": "1999-03-31",
    "symbol": "IDXX",
    "reportedCurrency": "USD",
    "cik": "0000874716",
    "fillingDate": "1999-05-17",
    "acceptedDate": "1999-05-17 00:00:00",
    "calendarYear": "1999",
    "period": "Q1",
    "revenue": 89600000,
    "costOfRevenue": 40500000,
    "grossProfit": 49100000,
    "grossProfitRatio": 0.5479910714,
    "researchAndDevelopmentExpenses": 7200000,
    "generalAndAdministrativeExpenses": 27300000,
    "sellingAndMarketingExpenses": 0,
    "sellingGeneralAndAdministrativeExpenses": 27300000,
    "otherExpenses": 4300000,
    "operatingExpenses": 38800000,
    "costAndExpenses": 79300000,
    "interestIncome": 0,
    "interestExpense": 0,
    "depreciationAndAmortization": 4300000,
    "ebitda": 14600000,
    "ebitdaratio": 0.1629464286,
    "operatingIncome": 10300000,
    "operatingIncomeRatio": 0.1149553571,
    "totalOtherIncomeExpensesNet": 1500000,
    "incomeBeforeTax": 11800000,
    "incomeBeforeTaxRatio": 0.1316964286,
    "incomeTaxExpense": 4500000,
    "netIncome": 7300000,
    "netIncomeRatio": 0.0814732143,
    "eps": 0.0475,
    "epsdiluted": 0.045,
    "weightedAverageShsOut": 153684211,
    "weightedAverageShsOutDil": 162222222,
    "link": "https://www.sec.gov/Archives/edgar/data/874716/000095013599002771/0000950135-99-002771-index.html",
    "finalLink": "https://www.sec.gov/Archives/edgar/data/874716/"
  },
  {
    "date": "1998-12-31",
    "symbol": "IDXX",
    "reportedCurrency": "USD",
    "cik": "0000874716",
    "fillingDate": "1999-03-31",
    "acceptedDate": "1999-03-31 00:00:00",
    "calendarYear": "1998",
    "period": "Q4",
    "revenue": 82700000,
    "costOfRevenue": 36600000,
    "grossProfit": 46100000,
    "grossProfitRatio": 0.5574365175,
    "researchAndDevelopmentExpenses": 6400000,
    "generalAndAdministrativeExpenses": 25500000,
    "sellingAndMarketingExpenses": 0,
    "sellingGeneralAndAdministrativeExpenses": 25500000,
    "otherExpenses": 4200000,
    "operatingExpenses": 36100000,
    "costAndExpenses": 72700000,
    "interestIncome": 0,
    "interestExpense": 0,
    "depreciationAndAmortization": 4200000,
    "ebitda": 14200000,
    "ebitdaratio": 0.1717049577,
    "operatingIncome": 10000000,
    "operatingIncomeRatio": 0.1209189843,
    "totalOtherIncomeExpensesNet": -35600000,
    "incomeBeforeTax": -25600000,
    "incomeBeforeTaxRatio": -0.3095525998,
    "incomeTaxExpense": 4500000,
    "netIncome": -30100000,
    "netIncomeRatio": -0.3639661427,
    "eps": -0.2,
    "epsdiluted": -0.2,
    "weightedAverageShsOut": 153684211,
    "weightedAverageShsOutDil": 153684211,
    "link": "https://www.sec.gov/Archives/edgar/data/874716/000095013599001697/0000950135-99-001697-index.html",
    "finalLink": "https://www.sec.gov/Archives/edgar/data/874716/"
  },
  {
    "date": "1998-09-30",
    "symbol": "IDXX",
    "reportedCurrency": "USD",
    "cik": "0000874716",
    "fillingDate": "1998-11-12",
    "acceptedDate": "1998-11-12 00:00:00",
    "calendarYear": "1998",
    "period": "Q3",
    "revenue": 78500000,
    "costOfRevenue": 34700000,
    "grossProfit": 43800000,
    "grossProfitRatio": 0.5579617834,
    "researchAndDevelopmentExpenses": 5200000,
    "generalAndAdministrativeExpenses": 26900000,
    "sellingAndMarketingExpenses": 0,
    "sellingGeneralAndAdministrativeExpenses": 26900000,
    "otherExpenses": 3800000,
    "operatingExpenses": 35900000,
    "costAndExpenses": 70600000,
    "interestIncome": 0,
    "interestExpense": 0,
    "depreciationAndAmortization": 3800000,
    "ebitda": 11700000,
    "ebitdaratio": 0.149044586,
    "operatingIncome": 7900000,
    "operatingIncomeRatio": 0.1006369427,
    "totalOtherIncomeExpensesNet": 1900000,
    "incomeBeforeTax": 9800000,
    "incomeBeforeTaxRatio": 0.1248407643,
    "incomeTaxExpense": 3800000,
    "netIncome": 6000000,
    "netIncomeRatio": 0.076433121,
    "eps": 0.04,
    "epsdiluted": 0.0375,
    "weightedAverageShsOut": 150000000,
    "weightedAverageShsOutDil": 160000000,
    "link": "https://www.sec.gov/Archives/edgar/data/874716/000095013598005837/0000950135-98-005837-index.html",
    "finalLink": "https://www.sec.gov/Archives/edgar/data/874716/"
  },
  {
    "date": "1998-06-30",
    "symbol": "IDXX",
    "reportedCurrency": "USD",
    "cik": "0000874716",
    "fillingDate": "1998-08-12",
    "acceptedDate": "1998-08-12 00:00:00",
    "calendarYear": "1998",
    "period": "Q2",
    "revenue": 80900000,
    "costOfRevenue": 36600000,
    "grossProfit": 44300000,
    "grossProfitRatio": 0.5475896168,
    "researchAndDevelopmentExpenses": 4900000,
    "generalAndAdministrativeExpenses": 29400000,
    "sellingAndMarketingExpenses": 0,
    "sellingGeneralAndAdministrativeExpenses": 29400000,
    "otherExpenses": 3300000,
    "operatingExpenses": 37600000,
    "costAndExpenses": 74200000,
    "interestIncome": 0,
    "interestExpense": 0,
    "depreciationAndAmortization": 3300000,
    "ebitda": 10000000,
    "ebitdaratio": 0.1236093943,
    "operatingIncome": 6700000,
    "operatingIncomeRatio": 0.0828182942,
    "totalOtherIncomeExpensesNet": 1700000,
    "incomeBeforeTax": 8400000,
    "incomeBeforeTaxRatio": 0.1038318912,
    "incomeTaxExpense": 3300000,
    "netIncome": 5100000,
    "netIncomeRatio": 0.0630407911,
    "eps": 0.0325,
    "epsdiluted": 0.0325,
    "weightedAverageShsOut": 156923077,
    "weightedAverageShsOutDil": 156923077,
    "link": "https://www.sec.gov/Archives/edgar/data/874716/000095013598004656/0000950135-98-004656-index.html",
    "finalLink": "https://www.sec.gov/Archives/edgar/data/874716/"
  },
  {
    "date": "1998-03-31",
    "symbol": "IDXX",
    "reportedCurrency": "USD",
    "cik": "0000874716",
    "fillingDate": "1998-05-14",
    "acceptedDate": "1998-05-14 00:00:00",
    "calendarYear": "1998",
    "period": "Q1",
    "revenue": 77800000,
    "costOfRevenue": 34300000,
    "grossProfit": 43500000,
    "grossProfitRatio": 0.559125964,
    "researchAndDevelopmentExpenses": 5000000,
    "generalAndAdministrativeExpenses": 29300000,
    "sellingAndMarketingExpenses": 0,
    "sellingGeneralAndAdministrativeExpenses": 29300000,
    "otherExpenses": 4600000,
    "operatingExpenses": 38900000,
    "costAndExpenses": 73200000,
    "interestIncome": 0,
    "interestExpense": 0,
    "depreciationAndAmortization": 4600000,
    "ebitda": 9200000,
    "ebitdaratio": 0.118251928,
    "operatingIncome": 4600000,
    "operatingIncomeRatio": 0.059125964,
    "totalOtherIncomeExpensesNet": 1600000,
    "incomeBeforeTax": 6200000,
    "incomeBeforeTaxRatio": 0.0796915167,
    "incomeTaxExpense": 2400000,
    "netIncome": 3800000,
    "netIncomeRatio": 0.0488431877,
    "eps": 0.025,
    "epsdiluted": 0.025,
    "weightedAverageShsOut": 152000000,
    "weightedAverageShsOutDil": 152000000,
    "link": "https://www.sec.gov/Archives/edgar/data/874716/000095013598003289/0000950135-98-003289-index.html",
    "finalLink": "https://www.sec.gov/Archives/edgar/data/874716/"
  },
  {
    "date": "1997-12-31",
    "symbol": "IDXX",
    "reportedCurrency": "USD",
    "cik": "0000874716",
    "fillingDate": "1998-03-27",
    "acceptedDate": "1998-03-27 00:00:00",
    "calendarYear": "1997",
    "period": "Q4",
    "revenue": 71800000,
    "costOfRevenue": 35700000,
    "grossProfit": 36100000,
    "grossProfitRatio": 0.5027855153,
    "researchAndDevelopmentExpenses": 5100000,
    "generalAndAdministrativeExpenses": 28000000,
    "sellingAndMarketingExpenses": 0,
    "sellingGeneralAndAdministrativeExpenses": 28000000,
    "otherExpenses": 3900000,
    "operatingExpenses": 37000000,
    "costAndExpenses": 72700000,
    "interestIncome": 0,
    "interestExpense": 0,
    "depreciationAndAmortization": 3900000,
    "ebitda": 3000000,
    "ebitdaratio": 0.0417827298,
    "operatingIncome": -900000,
    "operatingIncomeRatio": -0.0125348189,
    "totalOtherIncomeExpensesNet": -4900000,
    "incomeBeforeTax": -5800000,
    "incomeBeforeTaxRatio": -0.0807799443,
    "incomeTaxExpense": -2700000,
    "netIncome": -3100000,
    "netIncomeRatio": -0.0431754875,
    "eps": -0.0204,
    "epsdiluted": -0.0204,
    "weightedAverageShsOut": 152000000,
    "weightedAverageShsOutDil": 152000000,
    "link": "https://www.sec.gov/Archives/edgar/data/874716/000095013598001914/0000950135-98-001914-index.html",
    "finalLink": "https://www.sec.gov/Archives/edgar/data/874716/"
  },
  {
    "date": "1997-09-30",
    "symbol": "IDXX",
    "reportedCurrency": "USD",
    "cik": "0000874716",
    "fillingDate": "1997-11-14",
    "acceptedDate": "1997-11-14 00:00:00",
    "calendarYear": "1997",
    "period": "Q3",
    "revenue": 71700000,
    "costOfRevenue": 32100000,
    "grossProfit": 39600000,
    "grossProfitRatio": 0.5523012552,
    "researchAndDevelopmentExpenses": 4600000,
    "generalAndAdministrativeExpenses": 29300000,
    "sellingAndMarketingExpenses": 0,
    "sellingGeneralAndAdministrativeExpenses": 29300000,
    "otherExpenses": 3700000,
    "operatingExpenses": 37600000,
    "costAndExpenses": 69700000,
    "interestIncome": 0,
    "interestExpense": 0,
    "depreciationAndAmortization": 3700000,
    "ebitda": 5700000,
    "ebitdaratio": 0.0794979079,
    "operatingIncome": 2000000,
    "operatingIncomeRatio": 0.0278940028,
    "totalOtherIncomeExpensesNet": -26400000,
    "incomeBeforeTax": -24400000,
    "incomeBeforeTaxRatio": -0.340306834,
    "incomeTaxExpense": -7500000,
    "netIncome": -16900000,
    "netIncomeRatio": -0.2357043236,
    "eps": -0.11,
    "epsdiluted": -0.11,
    "weightedAverageShsOut": 153636364,
    "weightedAverageShsOutDil": 153636364,
    "link": "https://www.sec.gov/Archives/edgar/data/874716/000095013597004594/0000950135-97-004594-index.html",
    "finalLink": "https://www.sec.gov/Archives/edgar/data/874716/"
  },
  {
    "date": "1997-06-30",
    "symbol": "IDXX",
    "reportedCurrency": "USD",
    "cik": "0000874716",
    "fillingDate": "1997-08-14",
    "acceptedDate": "1997-08-14 00:00:00",
    "calendarYear": "1997",
    "period": "Q2",
    "revenue": 58900000,
    "costOfRevenue": 26200000,
    "grossProfit": 32700000,
    "grossProfitRatio": 0.5551782683,
    "researchAndDevelopmentExpenses": 3800000,
    "generalAndAdministrativeExpenses": 30300000,
    "sellingAndMarketingExpenses": 0,
    "sellingGeneralAndAdministrativeExpenses": 30300000,
    "otherExpenses": 3800000,
    "operatingExpenses": 37900000,
    "costAndExpenses": 64100000,
    "interestIncome": 0,
    "interestExpense": 0,
    "depreciationAndAmortization": 3800000,
    "ebitda": -1400000,
    "ebitdaratio": -0.0237691002,
    "operatingIncome": -5200000,
    "operatingIncomeRatio": -0.0882852292,
    "totalOtherIncomeExpensesNet": 1600000,
    "incomeBeforeTax": -3600000,
    "incomeBeforeTaxRatio": -0.0611205433,
    "incomeTaxExpense": -1500000,
    "netIncome": -2100000,
    "netIncomeRatio": -0.0356536503,
    "eps": -0.0125,
    "epsdiluted": -0.0125,
    "weightedAverageShsOut": 168000000,
    "weightedAverageShsOutDil": 168000000,
    "link": "https://www.sec.gov/Archives/edgar/data/874716/000095013597003527/0000950135-97-003527-index.html",
    "finalLink": "https://www.sec.gov/Archives/edgar/data/874716/"
  },
  {
    "date": "1997-03-31",
    "symbol": "IDXX",
    "reportedCurrency": "USD",
    "cik": "0000874716",
    "fillingDate": "1997-05-15",
    "acceptedDate": "1997-05-15 00:00:00",
    "calendarYear": "1997",
    "period": "Q1",
    "revenue": 60500000,
    "costOfRevenue": 25900000,
    "grossProfit": 34600000,
    "grossProfitRatio": 0.5719008264,
    "researchAndDevelopmentExpenses": 3500000,
    "generalAndAdministrativeExpenses": 28500000,
    "sellingAndMarketingExpenses": 0,
    "sellingGeneralAndAdministrativeExpenses": 28500000,
    "otherExpenses": 3000000,
    "operatingExpenses": 35000000,
    "costAndExpenses": 60900000,
    "interestIncome": 0,
    "interestExpense": 0,
    "depreciationAndAmortization": 3000000,
    "ebitda": 2600000,
    "ebitdaratio": 0.0429752066,
    "operatingIncome": -400000,
    "operatingIncomeRatio": -0.0066115702,
    "totalOtherIncomeExpensesNet": 1900000,
    "incomeBeforeTax": 1500000,
    "incomeBeforeTaxRatio": 0.0247933884,
    "incomeTaxExpense": 600000,
    "netIncome": 900000,
    "netIncomeRatio": 0.0148760331,
    "eps": 0.005,
    "epsdiluted": 0.005,
    "weightedAverageShsOut": 180000000,
    "weightedAverageShsOutDil": 180000000,
    "link": "https://www.sec.gov/Archives/edgar/data/874716/000095013597002478/0000950135-97-002478-index.html",
    "finalLink": "https://www.sec.gov/Archives/edgar/data/874716/"
  },
  {
    "date": "1996-12-31",
    "symbol": "IDXX",
    "reportedCurrency": "USD",
    "cik": "0000874716",
    "fillingDate": "1997-03-31",
    "acceptedDate": "1997-03-31 00:00:00",
    "calendarYear": "1996",
    "period": "Q4",
    "revenue": 74600000,
    "costOfRevenue": 27500000,
    "grossProfit": 47100000,
    "grossProfitRatio": 0.6313672922,
    "researchAndDevelopmentExpenses": 3200000,
    "generalAndAdministrativeExpenses": 26900000,
    "sellingAndMarketingExpenses": 0,
    "sellingGeneralAndAdministrativeExpenses": 26900000,
    "otherExpenses": 3400000,
    "operatingExpenses": 33500000,
    "costAndExpenses": 61000000,
    "interestIncome": 0,
    "interestExpense": 0,
    "depreciationAndAmortization": 3400000,
    "ebitda": 17000000,
    "ebitdaratio": 0.2278820375,
    "operatingIncome": 13600000,
    "operatingIncomeRatio": 0.18230563,
    "totalOtherIncomeExpensesNet": 2000000,
    "incomeBeforeTax": 15600000,
    "incomeBeforeTaxRatio": 0.2091152815,
    "incomeTaxExpense": 6400000,
    "netIncome": 9200000,
    "netIncomeRatio": 0.1233243968,
    "eps": 0.0511,
    "epsdiluted": 0.0511,
    "weightedAverageShsOut": 180000000,
    "weightedAverageShsOutDil": 180000000,
    "link": "https://www.sec.gov/Archives/edgar/data/874716/000095013597001550/0000950135-97-001550-index.html",
    "finalLink": "https://www.sec.gov/Archives/edgar/data/874716/"
  },
  {
    "date": "1996-09-30",
    "symbol": "IDXX",
    "reportedCurrency": "USD",
    "cik": "0000874716",
    "fillingDate": "1996-11-12",
    "acceptedDate": "1996-11-12 00:00:00",
    "calendarYear": "1996",
    "period": "Q3",
    "revenue": 69800000,
    "costOfRevenue": 25900000,
    "grossProfit": 43900000,
    "grossProfitRatio": 0.6289398281,
    "researchAndDevelopmentExpenses": 3100000,
    "generalAndAdministrativeExpenses": 24600000,
    "sellingAndMarketingExpenses": 0,
    "sellingGeneralAndAdministrativeExpenses": 24600000,
    "otherExpenses": 3500000,
    "operatingExpenses": 31200000,
    "costAndExpenses": 57100000,
    "interestIncome": 0,
    "interestExpense": 0,
    "depreciationAndAmortization": 3500000,
    "ebitda": 16200000,
    "ebitdaratio": 0.2320916905,
    "operatingIncome": 12700000,
    "operatingIncomeRatio": 0.1819484241,
    "totalOtherIncomeExpensesNet": 1800000,
    "incomeBeforeTax": 14500000,
    "incomeBeforeTaxRatio": 0.2077363897,
    "incomeTaxExpense": 5900000,
    "netIncome": 8600000,
    "netIncomeRatio": 0.1232091691,
    "eps": 0.055,
    "epsdiluted": 0.055,
    "weightedAverageShsOut": 156363636,
    "weightedAverageShsOutDil": 156363636,
    "link": "https://www.sec.gov/Archives/edgar/data/874716/000095013596004788/0000950135-96-004788-index.html",
    "finalLink": "https://www.sec.gov/Archives/edgar/data/874716/"
  },
  {
    "date": "1996-06-30",
    "symbol": "IDXX",
    "reportedCurrency": "USD",
    "cik": "0000874716",
    "fillingDate": "1996-07-26",
    "acceptedDate": "1996-07-26 00:00:00",
    "calendarYear": "1996",
    "period": "Q2",
    "revenue": 65900000,
    "costOfRevenue": 27200000,
    "grossProfit": 38700000,
    "grossProfitRatio": 0.5872534143,
    "researchAndDevelopmentExpenses": 3100000,
    "generalAndAdministrativeExpenses": 23100000,
    "sellingAndMarketingExpenses": 0,
    "sellingGeneralAndAdministrativeExpenses": 23100000,
    "otherExpenses": 1400000,
    "operatingExpenses": 27600000,
    "costAndExpenses": 54800000,
    "interestIncome": 0,
    "interestExpense": 0,
    "depreciationAndAmortization": 1400000,
    "ebitda": 12500000,
    "ebitdaratio": 0.1896813354,
    "operatingIncome": 11100000,
    "operatingIncomeRatio": 0.1684370258,
    "totalOtherIncomeExpensesNet": 2300000,
    "incomeBeforeTax": 13400000,
    "incomeBeforeTaxRatio": 0.2033383915,
    "incomeTaxExpense": 5500000,
    "netIncome": 7900000,
    "netIncomeRatio": 0.1198786039,
    "eps": 0.05,
    "epsdiluted": 0.05,
    "weightedAverageShsOut": 158000000,
    "weightedAverageShsOutDil": 158000000,
    "link": "https://www.sec.gov/Archives/edgar/data/874716/000095013596003210/0000950135-96-003210-index.html",
    "finalLink": "https://www.sec.gov/Archives/edgar/data/874716/"
  },
  {
    "date": "1996-03-31",
    "symbol": "IDXX",
    "reportedCurrency": "USD",
    "cik": "0000874716",
    "fillingDate": "1996-05-09",
    "acceptedDate": "1996-05-09 00:00:00",
    "calendarYear": "1996",
    "period": "Q1",
    "revenue": 57400000,
    "costOfRevenue": 22400000,
    "grossProfit": 35000000,
    "grossProfitRatio": 0.6097560976,
    "researchAndDevelopmentExpenses": 2800000,
    "generalAndAdministrativeExpenses": 0,
    "sellingAndMarketingExpenses": 0,
    "sellingGeneralAndAdministrativeExpenses": 20500000,
    "otherExpenses": 2100000,
    "operatingExpenses": 25400000,
    "costAndExpenses": 47800000,
    "interestIncome": 0,
    "interestExpense": 0,
    "depreciationAndAmortization": 2100000,
    "ebitda": 11700000,
    "ebitdaratio": 0.2038327526,
    "operatingIncome": 9600000,
    "operatingIncomeRatio": 0.1672473868,
    "totalOtherIncomeExpensesNet": 2200000,
    "incomeBeforeTax": 11800000,
    "incomeBeforeTaxRatio": 0.2055749129,
    "incomeTaxExpense": 4800000,
    "netIncome": 7000000,
    "netIncomeRatio": 0.1219512195,
    "eps": 0.045,
    "epsdiluted": 0.045,
    "weightedAverageShsOut": 155555556,
    "weightedAverageShsOutDil": 155555556,
    "link": "https://www.sec.gov/Archives/edgar/data/874716/000095013596001959/0000950135-96-001959-index.html",
    "finalLink": "https://www.sec.gov/Archives/edgar/data/874716/"
  },
  {
    "date": "1995-12-31",
    "symbol": "IDXX",
    "reportedCurrency": "USD",
    "cik": "0000874716",
    "fillingDate": "1995-12-31",
    "acceptedDate": "1995-12-31 00:00:00",
    "calendarYear": "1995",
    "period": "Q4",
    "revenue": 54200000,
    "costOfRevenue": 22700000,
    "grossProfit": 31500000,
    "grossProfitRatio": 0.5811808118,
    "researchAndDevelopmentExpenses": 2500000,
    "generalAndAdministrativeExpenses": 0,
    "sellingAndMarketingExpenses": 0,
    "sellingGeneralAndAdministrativeExpenses": 17900000,
    "otherExpenses": 1300000,
    "operatingExpenses": 21700000,
    "costAndExpenses": 44400000,
    "interestIncome": 0,
    "interestExpense": 0,
    "depreciationAndAmortization": 1300000,
    "ebitda": 11100000,
    "ebitdaratio": 0.204797048,
    "operatingIncome": 9800000,
    "operatingIncomeRatio": 0.1808118081,
    "totalOtherIncomeExpensesNet": 2400000,
    "incomeBeforeTax": 12200000,
    "incomeBeforeTaxRatio": 0.2250922509,
    "incomeTaxExpense": 5100000,
    "netIncome": 7100000,
    "netIncomeRatio": 0.13099631,
    "eps": 0.0526,
    "epsdiluted": 0.0526,
    "weightedAverageShsOut": 135000000,
    "weightedAverageShsOutDil": 135000000,
    "link": null,
    "finalLink": null
  },
  {
    "date": "1995-09-30",
    "symbol": "IDXX",
    "reportedCurrency": "USD",
    "cik": "0000874716",
    "fillingDate": "1995-09-30",
    "acceptedDate": "1995-09-30 00:00:00",
    "calendarYear": "1995",
    "period": "Q3",
    "revenue": 48700000,
    "costOfRevenue": 19600000,
    "grossProfit": 29100000,
    "grossProfitRatio": 0.5975359343,
    "researchAndDevelopmentExpenses": 2600000,
    "generalAndAdministrativeExpenses": 0,
    "sellingAndMarketingExpenses": 0,
    "sellingGeneralAndAdministrativeExpenses": 16100000,
    "otherExpenses": 1500000,
    "operatingExpenses": 20200000,
    "costAndExpenses": 39800000,
    "interestIncome": 0,
    "interestExpense": 0,
    "depreciationAndAmortization": 1700000,
    "ebitda": 10600000,
    "ebitdaratio": 0.2176591376,
    "operatingIncome": 8900000,
    "operatingIncomeRatio": 0.18275154,
    "totalOtherIncomeExpensesNet": 400000,
    "incomeBeforeTax": 9300000,
    "incomeBeforeTaxRatio": 0.1909650924,
    "incomeTaxExpense": 3900000,
    "netIncome": 5400000,
    "netIncomeRatio": 0.1108829569,
    "eps": 0.04,
    "epsdiluted": 0.04,
    "weightedAverageShsOut": 135000000,
    "weightedAverageShsOutDil": 135000000,
    "link": null,
    "finalLink": null
  }
]