[
  {
    "date": "2025-06-30",
    "symbol": "IEX",
    "reportedCurrency": "USD",
    "cik": "0000832101",
    "fillingDate": "2025-07-30",
    "acceptedDate": "2025-07-30 16:36:17",
    "calendarYear": "2025",
    "period": "Q2",
    "revenue": 865400000,
    "costOfRevenue": 473200000,
    "grossProfit": 392200000,
    "grossProfitRatio": 0.453200832,
    "researchAndDevelopmentExpenses": 0,
    "generalAndAdministrativeExpenses": 0,
    "sellingAndMarketingExpenses": 0,
    "sellingGeneralAndAdministrativeExpenses": 202000000,
    "otherExpenses": 0,
    "operatingExpenses": 202000000,
    "costAndExpenses": 675200000,
    "interestIncome": 0,
    "interestExpense": 15600000,
    "depreciationAndAmortization": 51000000,
    "ebitda": 236500000,
    "ebitdaratio": 0.2732840305,
    "operatingIncome": 190200000,
    "operatingIncomeRatio": 0.2197827594,
    "totalOtherIncomeExpensesNet": -20300000,
    "incomeBeforeTax": 169900000,
    "incomeBeforeTaxRatio": 0.1963253987,
    "incomeTaxExpense": 38800000,
    "netIncome": 131600000,
    "netIncomeRatio": 0.1520684077,
    "eps": 1.74,
    "epsdiluted": 1.74,
    "weightedAverageShsOut": 75600000,
    "weightedAverageShsOutDil": 75700000,
    "link": "https://www.sec.gov/Archives/edgar/data/832101/000083210125000032/0000832101-25-000032-index.htm",
    "finalLink": "https://www.sec.gov/Archives/edgar/data/832101/000083210125000032/iex-20250630.htm"
  },
  {
    "date": "2025-03-31",
    "symbol": "IEX",
    "reportedCurrency": "USD",
    "cik": "0000832101",
    "fillingDate": "2025-05-01",
    "acceptedDate": "2025-05-01 16:34:42",
    "calendarYear": "2025",
    "period": "Q1",
    "revenue": 814300000,
    "costOfRevenue": 445400000,
    "grossProfit": 368900000,
    "grossProfitRatio": 0.4530271399,
    "researchAndDevelopmentExpenses": 0,
    "generalAndAdministrativeExpenses": 0,
    "sellingAndMarketingExpenses": 0,
    "sellingGeneralAndAdministrativeExpenses": 208700000,
    "otherExpenses": 0,
    "operatingExpenses": 208700000,
    "costAndExpenses": 654100000,
    "interestIncome": 0,
    "interestExpense": 16100000,
    "depreciationAndAmortization": 1400000,
    "ebitda": 142000000,
    "ebitdaratio": 0.1743829056,
    "operatingIncome": 160200000,
    "operatingIncomeRatio": 0.1967333906,
    "totalOtherIncomeExpensesNet": -35700000,
    "incomeBeforeTax": 124500000,
    "incomeBeforeTaxRatio": 0.1528920545,
    "incomeTaxExpense": 29100000,
    "netIncome": 95500000,
    "netIncomeRatio": 0.1172786442,
    "eps": 1.26,
    "epsdiluted": 1.26,
    "weightedAverageShsOut": 75700000,
    "weightedAverageShsOutDil": 75800000,
    "link": "https://www.sec.gov/Archives/edgar/data/832101/000083210125000017/0000832101-25-000017-index.htm",
    "finalLink": "https://www.sec.gov/Archives/edgar/data/832101/000083210125000017/iex-20250331.htm"
  },
  {
    "date": "2024-12-31",
    "symbol": "IEX",
    "reportedCurrency": "USD",
    "cik": "0000832101",
    "fillingDate": "2025-02-20",
    "acceptedDate": "2025-02-20 16:31:33",
    "calendarYear": "2024",
    "period": "Q4",
    "revenue": 862900000,
    "costOfRevenue": 527900000,
    "grossProfit": 335000000,
    "grossProfitRatio": 0.3882257504,
    "researchAndDevelopmentExpenses": 0,
    "generalAndAdministrativeExpenses": 0,
    "sellingAndMarketingExpenses": 0,
    "sellingGeneralAndAdministrativeExpenses": 164700000,
    "otherExpenses": 0,
    "operatingExpenses": 164700000,
    "costAndExpenses": 692600000,
    "interestIncome": 0,
    "interestExpense": 16700000,
    "depreciationAndAmortization": 50700000,
    "ebitda": 218600000,
    "ebitdaratio": 0.2533317882,
    "operatingIncome": 170300000,
    "operatingIncomeRatio": 0.1973577471,
    "totalOtherIncomeExpensesNet": -19100000,
    "incomeBeforeTax": 151200000,
    "incomeBeforeTaxRatio": 0.1752230849,
    "incomeTaxExpense": 28000000,
    "netIncome": 123200000,
    "netIncomeRatio": 0.1427743655,
    "eps": 1.62,
    "epsdiluted": 1.62,
    "weightedAverageShsOut": 75800000,
    "weightedAverageShsOutDil": 75900000,
    "link": "https://www.sec.gov/Archives/edgar/data/832101/000083210125000010/0000832101-25-000010-index.htm",
    "finalLink": "https://www.sec.gov/Archives/edgar/data/832101/000083210125000010/iex-20241231.htm"
  },
  {
    "date": "2024-09-30",
    "symbol": "IEX",
    "reportedCurrency": "USD",
    "cik": "0000832101",
    "fillingDate": "2024-10-30",
    "acceptedDate": "2024-10-30 12:37:23",
    "calendarYear": "2024",
    "period": "Q3",
    "revenue": 798200000,
    "costOfRevenue": 444300000,
    "grossProfit": 353900000,
    "grossProfitRatio": 0.4433725883,
    "researchAndDevelopmentExpenses": 0,
    "generalAndAdministrativeExpenses": 0,
    "sellingAndMarketingExpenses": 0,
    "sellingGeneralAndAdministrativeExpenses": 177400000,
    "otherExpenses": 0,
    "operatingExpenses": 177400000,
    "costAndExpenses": 621700000,
    "interestIncome": 0,
    "interestExpense": 10300000,
    "depreciationAndAmortization": 43900000,
    "ebitda": 208600000,
    "ebitdaratio": 0.2613380105,
    "operatingIncome": 176500000,
    "operatingIncomeRatio": 0.2211225257,
    "totalOtherIncomeExpensesNet": -22100000,
    "incomeBeforeTax": 154400000,
    "incomeBeforeTaxRatio": 0.1934352293,
    "incomeTaxExpense": 35500000,
    "netIncome": 119100000,
    "netIncomeRatio": 0.1492107241,
    "eps": 1.57,
    "epsdiluted": 1.57,
    "weightedAverageShsOut": 75700000,
    "weightedAverageShsOutDil": 75900000,
    "link": "https://www.sec.gov/Archives/edgar/data/832101/000083210124000055/0000832101-24-000055-index.htm",
    "finalLink": "https://www.sec.gov/Archives/edgar/data/832101/000083210124000055/iex-20240930.htm"
  },
  {
    "date": "2024-06-30",
    "symbol": "IEX",
    "reportedCurrency": "USD",
    "cik": "0000832101",
    "fillingDate": "2024-08-01",
    "acceptedDate": "2024-08-01 11:59:43",
    "calendarYear": "2024",
    "period": "Q2",
    "revenue": 807200000,
    "costOfRevenue": 440400000,
    "grossProfit": 366800000,
    "grossProfitRatio": 0.4544103072,
    "researchAndDevelopmentExpenses": 0,
    "generalAndAdministrativeExpenses": 0,
    "sellingAndMarketingExpenses": 0,
    "sellingGeneralAndAdministrativeExpenses": 180300000,
    "otherExpenses": 0,
    "operatingExpenses": 180300000,
    "costAndExpenses": 620700000,
    "interestIncome": 0,
    "interestExpense": 8100000,
    "depreciationAndAmortization": 40200000,
    "ebitda": 227500000,
    "ebitdaratio": 0.2818384539,
    "operatingIncome": 186500000,
    "operatingIncomeRatio": 0.2310455897,
    "totalOtherIncomeExpensesNet": -7300000,
    "incomeBeforeTax": 179200000,
    "incomeBeforeTaxRatio": 0.2220019822,
    "incomeTaxExpense": 38000000,
    "netIncome": 141300000,
    "netIncomeRatio": 0.175049554,
    "eps": 1.86,
    "epsdiluted": 1.86,
    "weightedAverageShsOut": 75700000,
    "weightedAverageShsOutDil": 75900000,
    "link": "https://www.sec.gov/Archives/edgar/data/832101/000083210124000044/0000832101-24-000044-index.htm",
    "finalLink": "https://www.sec.gov/Archives/edgar/data/832101/000083210124000044/iex-20240630.htm"
  },
  {
    "date": "2024-03-31",
    "symbol": "IEX",
    "reportedCurrency": "USD",
    "cik": "0000832101",
    "fillingDate": "2024-04-24",
    "acceptedDate": "2024-04-24 11:45:04",
    "calendarYear": "2024",
    "period": "Q1",
    "revenue": 800500000,
    "costOfRevenue": 443100000,
    "grossProfit": 357400000,
    "grossProfitRatio": 0.4464709557,
    "researchAndDevelopmentExpenses": 0,
    "generalAndAdministrativeExpenses": 0,
    "sellingAndMarketingExpenses": 0,
    "sellingGeneralAndAdministrativeExpenses": 193800000,
    "otherExpenses": 0,
    "operatingExpenses": 193800000,
    "costAndExpenses": 636900000,
    "interestIncome": 0,
    "interestExpense": 9400000,
    "depreciationAndAmortization": 40800000,
    "ebitda": 204700000,
    "ebitdaratio": 0.255715178,
    "operatingIncome": 163600000,
    "operatingIncomeRatio": 0.2043722673,
    "totalOtherIncomeExpensesNet": -9100000,
    "incomeBeforeTax": 154500000,
    "incomeBeforeTaxRatio": 0.1930043723,
    "incomeTaxExpense": 33200000,
    "netIncome": 121400000,
    "netIncomeRatio": 0.1516552155,
    "eps": 1.6,
    "epsdiluted": 1.6,
    "weightedAverageShsOut": 75700000,
    "weightedAverageShsOutDil": 75900000,
    "link": "https://www.sec.gov/Archives/edgar/data/832101/000083210124000016/0000832101-24-000016-index.htm",
    "finalLink": "https://www.sec.gov/Archives/edgar/data/832101/000083210124000016/iex-20240331.htm"
  },
  {
    "date": "2023-12-31",
    "symbol": "IEX",
    "reportedCurrency": "USD",
    "cik": "0000832101",
    "fillingDate": "2024-02-22",
    "acceptedDate": "2024-02-22 11:56:07",
    "calendarYear": "2023",
    "period": "Q4",
    "revenue": 788900000,
    "costOfRevenue": 452100000,
    "grossProfit": 336800000,
    "grossProfitRatio": 0.4269235645,
    "researchAndDevelopmentExpenses": 0,
    "generalAndAdministrativeExpenses": 0,
    "sellingAndMarketingExpenses": 0,
    "sellingGeneralAndAdministrativeExpenses": 171700000,
    "otherExpenses": 0,
    "operatingExpenses": 171700000,
    "costAndExpenses": 623800000,
    "interestIncome": 0,
    "interestExpense": 11600000,
    "depreciationAndAmortization": 39600000,
    "ebitda": 191400000,
    "ebitdaratio": 0.2426163012,
    "operatingIncome": 165100000,
    "operatingIncomeRatio": 0.2092787426,
    "totalOtherIncomeExpensesNet": -24900000,
    "incomeBeforeTax": 140200000,
    "incomeBeforeTaxRatio": 0.1777158068,
    "incomeTaxExpense": 31900000,
    "netIncome": 108600000,
    "netIncomeRatio": 0.137660033,
    "eps": 1.43,
    "epsdiluted": 1.43,
    "weightedAverageShsOut": 75600000,
    "weightedAverageShsOutDil": 75800000,
    "link": "https://www.sec.gov/Archives/edgar/data/832101/000083210124000009/0000832101-24-000009-index.htm",
    "finalLink": "https://www.sec.gov/Archives/edgar/data/832101/000083210124000009/iex-20231231.htm"
  },
  {
    "date": "2023-09-30",
    "symbol": "IEX",
    "reportedCurrency": "USD",
    "cik": "0000832101",
    "fillingDate": "2023-10-26",
    "acceptedDate": "2023-10-26 11:41:30",
    "calendarYear": "2023",
    "period": "Q3",
    "revenue": 793400000,
    "costOfRevenue": 443800000,
    "grossProfit": 349600000,
    "grossProfitRatio": 0.4406352407,
    "researchAndDevelopmentExpenses": 0,
    "generalAndAdministrativeExpenses": 0,
    "sellingAndMarketingExpenses": 0,
    "sellingGeneralAndAdministrativeExpenses": 164100000,
    "otherExpenses": 0,
    "operatingExpenses": 164100000,
    "costAndExpenses": 607900000,
    "interestIncome": 0,
    "interestExpense": 13700000,
    "depreciationAndAmortization": 38500000,
    "ebitda": 314000000,
    "ebitdaratio": 0.3957650618,
    "operatingIncome": 185500000,
    "operatingIncomeRatio": 0.233803882,
    "totalOtherIncomeExpensesNet": 76300000,
    "incomeBeforeTax": 261800000,
    "incomeBeforeTaxRatio": 0.3299722712,
    "incomeTaxExpense": 52800000,
    "netIncome": 209100000,
    "netIncomeRatio": 0.2635492816,
    "eps": 2.77,
    "epsdiluted": 2.75,
    "weightedAverageShsOut": 75600000,
    "weightedAverageShsOutDil": 75900000,
    "link": "https://www.sec.gov/Archives/edgar/data/832101/000083210123000048/0000832101-23-000048-index.htm",
    "finalLink": "https://www.sec.gov/Archives/edgar/data/832101/000083210123000048/iex-20230930.htm"
  },
  {
    "date": "2023-06-30",
    "symbol": "IEX",
    "reportedCurrency": "USD",
    "cik": "0000832101",
    "fillingDate": "2023-07-27",
    "acceptedDate": "2023-07-27 11:47:01",
    "calendarYear": "2023",
    "period": "Q2",
    "revenue": 846200000,
    "costOfRevenue": 468200000,
    "grossProfit": 378000000,
    "grossProfitRatio": 0.4467029071,
    "researchAndDevelopmentExpenses": 0,
    "generalAndAdministrativeExpenses": 0,
    "sellingAndMarketingExpenses": 0,
    "sellingGeneralAndAdministrativeExpenses": 171800000,
    "otherExpenses": 0,
    "operatingExpenses": 171800000,
    "costAndExpenses": 640000000,
    "interestIncome": 0,
    "interestExpense": 13300000,
    "depreciationAndAmortization": 37600000,
    "ebitda": 229400000,
    "ebitdaratio": 0.2710943039,
    "operatingIncome": 206200000,
    "operatingIncomeRatio": 0.2436776176,
    "totalOtherIncomeExpensesNet": -27700000,
    "incomeBeforeTax": 178500000,
    "incomeBeforeTaxRatio": 0.2109430395,
    "incomeTaxExpense": 40000000,
    "netIncome": 138600000,
    "netIncomeRatio": 0.1637910659,
    "eps": 1.83,
    "epsdiluted": 1.83,
    "weightedAverageShsOut": 75600000,
    "weightedAverageShsOutDil": 75900000,
    "link": "https://www.sec.gov/Archives/edgar/data/832101/000083210123000034/0000832101-23-000034-index.htm",
    "finalLink": "https://www.sec.gov/Archives/edgar/data/832101/000083210123000034/iex-20230630.htm"
  },
  {
    "date": "2023-03-31",
    "symbol": "IEX",
    "reportedCurrency": "USD",
    "cik": "0000832101",
    "fillingDate": "2023-04-27",
    "acceptedDate": "2023-04-27 13:27:56",
    "calendarYear": "2023",
    "period": "Q1",
    "revenue": 845400000,
    "costOfRevenue": 462900000,
    "grossProfit": 382500000,
    "grossProfitRatio": 0.4524485451,
    "researchAndDevelopmentExpenses": 0,
    "generalAndAdministrativeExpenses": 0,
    "sellingAndMarketingExpenses": 0,
    "sellingGeneralAndAdministrativeExpenses": 189700000,
    "otherExpenses": 0,
    "operatingExpenses": 189700000,
    "costAndExpenses": 652600000,
    "interestIncome": 600000,
    "interestExpense": 13100000,
    "depreciationAndAmortization": 36400000,
    "ebitda": 229300000,
    "ebitdaratio": 0.2712325526,
    "operatingIncome": 192800000,
    "operatingIncomeRatio": 0.2280577242,
    "totalOtherIncomeExpensesNet": -13000000,
    "incomeBeforeTax": 179800000,
    "incomeBeforeTaxRatio": 0.212680388,
    "incomeTaxExpense": 40000000,
    "netIncome": 139800000,
    "netIncomeRatio": 0.1653655075,
    "eps": 1.85,
    "epsdiluted": 1.84,
    "weightedAverageShsOut": 75600000,
    "weightedAverageShsOutDil": 75900000,
    "link": "https://www.sec.gov/Archives/edgar/data/832101/000083210123000019/0000832101-23-000019-index.htm",
    "finalLink": "https://www.sec.gov/Archives/edgar/data/832101/000083210123000019/iex-20230331.htm"
  },
  {
    "date": "2022-12-31",
    "symbol": "IEX",
    "reportedCurrency": "USD",
    "cik": "0000832101",
    "fillingDate": "2023-02-23",
    "acceptedDate": "2023-02-23 12:07:06",
    "calendarYear": "2022",
    "period": "Q4",
    "revenue": 810700000,
    "costOfRevenue": 456900000,
    "grossProfit": 353800000,
    "grossProfitRatio": 0.4364129764,
    "researchAndDevelopmentExpenses": 0,
    "generalAndAdministrativeExpenses": 0,
    "sellingAndMarketingExpenses": 0,
    "sellingGeneralAndAdministrativeExpenses": 167500000,
    "otherExpenses": 0,
    "operatingExpenses": 167500000,
    "costAndExpenses": 624400000,
    "interestIncome": 0,
    "interestExpense": 12100000,
    "depreciationAndAmortization": 33500000,
    "ebitda": 209100000,
    "ebitdaratio": 0.2579252498,
    "operatingIncome": 186300000,
    "operatingIncomeRatio": 0.2298014062,
    "totalOtherIncomeExpensesNet": -22800000,
    "incomeBeforeTax": 163500000,
    "incomeBeforeTaxRatio": 0.2016775626,
    "incomeTaxExpense": 33500000,
    "netIncome": 130000000,
    "netIncomeRatio": 0.1603552486,
    "eps": 1.72,
    "epsdiluted": 1.71,
    "weightedAverageShsOut": 75500000,
    "weightedAverageShsOutDil": 75900000,
    "link": "https://www.sec.gov/Archives/edgar/data/832101/000083210123000013/0000832101-23-000013-index.htm",
    "finalLink": "https://www.sec.gov/Archives/edgar/data/832101/000083210123000013/iex-20221231.htm"
  },
  {
    "date": "2022-09-30",
    "symbol": "IEX",
    "reportedCurrency": "USD",
    "cik": "0000832101",
    "fillingDate": "2022-10-26",
    "acceptedDate": "2022-10-26 11:38:27",
    "calendarYear": "2022",
    "period": "Q3",
    "revenue": 824000000,
    "costOfRevenue": 442200000,
    "grossProfit": 381800000,
    "grossProfitRatio": 0.4633495146,
    "researchAndDevelopmentExpenses": 0,
    "generalAndAdministrativeExpenses": 0,
    "sellingAndMarketingExpenses": 0,
    "sellingGeneralAndAdministrativeExpenses": 159200000,
    "otherExpenses": 0,
    "operatingExpenses": 159200000,
    "costAndExpenses": 601400000,
    "interestIncome": 0,
    "interestExpense": 9600000,
    "depreciationAndAmortization": 29300000,
    "ebitda": 267300000,
    "ebitdaratio": 0.3243932039,
    "operatingIncome": 222600000,
    "operatingIncomeRatio": 0.2701456311,
    "totalOtherIncomeExpensesNet": 5800000,
    "incomeBeforeTax": 228400000,
    "incomeBeforeTaxRatio": 0.277184466,
    "incomeTaxExpense": 49700000,
    "netIncome": 178700000,
    "netIncomeRatio": 0.216868932,
    "eps": 2.37,
    "epsdiluted": 2.36,
    "weightedAverageShsOut": 75400000,
    "weightedAverageShsOutDil": 75800000,
    "link": "https://www.sec.gov/Archives/edgar/data/832101/000083210122000056/0000832101-22-000056-index.htm",
    "finalLink": "https://www.sec.gov/Archives/edgar/data/832101/000083210122000056/iex-20220930.htm"
  },
  {
    "date": "2022-06-30",
    "symbol": "IEX",
    "reportedCurrency": "USD",
    "cik": "0000832101",
    "fillingDate": "2022-07-27",
    "acceptedDate": "2022-07-27 13:51:00",
    "calendarYear": "2022",
    "period": "Q2",
    "revenue": 796100000,
    "costOfRevenue": 439200000,
    "grossProfit": 356900000,
    "grossProfitRatio": 0.4483105138,
    "researchAndDevelopmentExpenses": 0,
    "generalAndAdministrativeExpenses": 0,
    "sellingAndMarketingExpenses": 0,
    "sellingGeneralAndAdministrativeExpenses": 165800000,
    "otherExpenses": 0,
    "operatingExpenses": 165800000,
    "costAndExpenses": 605000000,
    "interestIncome": 0,
    "interestExpense": 9500000,
    "depreciationAndAmortization": 29400000,
    "ebitda": 216000000,
    "ebitdaratio": 0.2713226982,
    "operatingIncome": 191100000,
    "operatingIncomeRatio": 0.2400452204,
    "totalOtherIncomeExpensesNet": -14000000,
    "incomeBeforeTax": 177100000,
    "incomeBeforeTaxRatio": 0.22245949,
    "incomeTaxExpense": 39000000,
    "netIncome": 138200000,
    "netIncomeRatio": 0.1735962819,
    "eps": 1.82,
    "epsdiluted": 1.81,
    "weightedAverageShsOut": 75800000,
    "weightedAverageShsOutDil": 76100000,
    "link": "https://www.sec.gov/Archives/edgar/data/832101/000083210122000043/0000832101-22-000043-index.htm",
    "finalLink": "https://www.sec.gov/Archives/edgar/data/832101/000083210122000043/iex-20220630.htm"
  },
  {
    "date": "2022-03-31",
    "symbol": "IEX",
    "reportedCurrency": "USD",
    "cik": "0000832101",
    "fillingDate": "2022-04-27",
    "acceptedDate": "2022-04-27 12:58:31",
    "calendarYear": "2022",
    "period": "Q1",
    "revenue": 751100000,
    "costOfRevenue": 408600000,
    "grossProfit": 342500000,
    "grossProfitRatio": 0.4559978698,
    "researchAndDevelopmentExpenses": 0,
    "generalAndAdministrativeExpenses": 0,
    "sellingAndMarketingExpenses": 0,
    "sellingGeneralAndAdministrativeExpenses": 153400000,
    "otherExpenses": 0,
    "operatingExpenses": 153400000,
    "costAndExpenses": 562000000,
    "interestIncome": 0,
    "interestExpense": 9500000,
    "depreciationAndAmortization": 27500000,
    "ebitda": 217400000,
    "ebitdaratio": 0.2894421515,
    "operatingIncome": 189100000,
    "operatingIncomeRatio": 0.2517640794,
    "totalOtherIncomeExpensesNet": -8700000,
    "incomeBeforeTax": 180400000,
    "incomeBeforeTaxRatio": 0.2401810678,
    "incomeTaxExpense": 40500000,
    "netIncome": 140000000,
    "netIncomeRatio": 0.1863932898,
    "eps": 1.84,
    "epsdiluted": 1.83,
    "weightedAverageShsOut": 76100000,
    "weightedAverageShsOutDil": 76400000,
    "link": "https://www.sec.gov/Archives/edgar/data/832101/000083210122000016/0000832101-22-000016-index.htm",
    "finalLink": "https://www.sec.gov/Archives/edgar/data/832101/000083210122000016/iex-20220331.htm"
  },
  {
    "date": "2021-12-31",
    "symbol": "IEX",
    "reportedCurrency": "USD",
    "cik": "0000832101",
    "fillingDate": "2022-02-24",
    "acceptedDate": "2022-02-24 13:47:55",
    "calendarYear": "2021",
    "period": "Q4",
    "revenue": 714800000,
    "costOfRevenue": 400600000,
    "grossProfit": 314200000,
    "grossProfitRatio": 0.4395635143,
    "researchAndDevelopmentExpenses": 0,
    "generalAndAdministrativeExpenses": 0,
    "sellingAndMarketingExpenses": 0,
    "sellingGeneralAndAdministrativeExpenses": 149400000,
    "otherExpenses": 0,
    "operatingExpenses": 149400000,
    "costAndExpenses": 550000000,
    "interestIncome": 0,
    "interestExpense": 3025000,
    "depreciationAndAmortization": 30038000,
    "ebitda": 186263000,
    "ebitdaratio": 0.260580582,
    "operatingIncome": 164800000,
    "operatingIncomeRatio": 0.2305540011,
    "totalOtherIncomeExpensesNet": -11600000,
    "incomeBeforeTax": 153200000,
    "incomeBeforeTaxRatio": 0.2143256855,
    "incomeTaxExpense": 34500000,
    "netIncome": 118800000,
    "netIncomeRatio": 0.1662003358,
    "eps": 1.56,
    "epsdiluted": 1.55,
    "weightedAverageShsOut": 76100000,
    "weightedAverageShsOutDil": 76500000,
    "link": "https://www.sec.gov/Archives/edgar/data/832101/000083210122000008/0000832101-22-000008-index.htm",
    "finalLink": "https://www.sec.gov/Archives/edgar/data/832101/000083210122000008/iex-20211231.htm"
  },
  {
    "date": "2021-09-30",
    "symbol": "IEX",
    "reportedCurrency": "USD",
    "cik": "0000832101",
    "fillingDate": "2021-10-27",
    "acceptedDate": "2021-10-27 11:53:59",
    "calendarYear": "2021",
    "period": "Q3",
    "revenue": 712019000,
    "costOfRevenue": 391350000,
    "grossProfit": 320669000,
    "grossProfitRatio": 0.4503657908,
    "researchAndDevelopmentExpenses": 0,
    "generalAndAdministrativeExpenses": 0,
    "sellingAndMarketingExpenses": 0,
    "sellingGeneralAndAdministrativeExpenses": 146480000,
    "otherExpenses": 0,
    "operatingExpenses": 146480000,
    "costAndExpenses": 537830000,
    "interestIncome": 0,
    "interestExpense": 9498000,
    "depreciationAndAmortization": 26969000,
    "ebitda": 187524000,
    "ebitdaratio": 0.2633693764,
    "operatingIncome": 174189000,
    "operatingIncomeRatio": 0.2446409436,
    "totalOtherIncomeExpensesNet": -23132000,
    "incomeBeforeTax": 151057000,
    "incomeBeforeTaxRatio": 0.2121530465,
    "incomeTaxExpense": 35343000,
    "netIncome": 115742000,
    "netIncomeRatio": 0.1625546509,
    "eps": 1.52,
    "epsdiluted": 1.51,
    "weightedAverageShsOut": 76000000,
    "weightedAverageShsOutDil": 76500000,
    "link": "https://www.sec.gov/Archives/edgar/data/832101/000083210121000060/0000832101-21-000060-index.htm",
    "finalLink": "https://www.sec.gov/Archives/edgar/data/832101/000083210121000060/iex-20210930.htm"
  },
  {
    "date": "2021-06-30",
    "symbol": "IEX",
    "reportedCurrency": "USD",
    "cik": "0000832101",
    "fillingDate": "2021-07-28",
    "acceptedDate": "2021-07-28 14:04:14",
    "calendarYear": "2021",
    "period": "Q2",
    "revenue": 685947000,
    "costOfRevenue": 379875000,
    "grossProfit": 306072000,
    "grossProfitRatio": 0.4462035697,
    "researchAndDevelopmentExpenses": 0,
    "generalAndAdministrativeExpenses": 0,
    "sellingAndMarketingExpenses": 0,
    "sellingGeneralAndAdministrativeExpenses": 142380000,
    "otherExpenses": 0,
    "operatingExpenses": 142380000,
    "costAndExpenses": 522255000,
    "interestIncome": 0,
    "interestExpense": 13621000,
    "depreciationAndAmortization": 24426000,
    "ebitda": 167923000,
    "ebitdaratio": 0.2448046278,
    "operatingIncome": 163692000,
    "operatingIncomeRatio": 0.2386365127,
    "totalOtherIncomeExpensesNet": -33816000,
    "incomeBeforeTax": 129876000,
    "incomeBeforeTaxRatio": 0.1893382433,
    "incomeTaxExpense": 27697000,
    "netIncome": 102195000,
    "netIncomeRatio": 0.1489838136,
    "eps": 1.34,
    "epsdiluted": 1.34,
    "weightedAverageShsOut": 76000000,
    "weightedAverageShsOutDil": 76400000,
    "link": "https://www.sec.gov/Archives/edgar/data/832101/000083210121000053/0000832101-21-000053-index.htm",
    "finalLink": "https://www.sec.gov/Archives/edgar/data/832101/000083210121000053/iex-20210630.htm"
  },
  {
    "date": "2021-03-31",
    "symbol": "IEX",
    "reportedCurrency": "USD",
    "cik": "0000832101",
    "fillingDate": "2021-04-28",
    "acceptedDate": "2021-04-28 12:08:41",
    "calendarYear": "2021",
    "period": "Q1",
    "revenue": 652036000,
    "costOfRevenue": 359413000,
    "grossProfit": 292623000,
    "grossProfitRatio": 0.4487835028,
    "researchAndDevelopmentExpenses": 0,
    "generalAndAdministrativeExpenses": 0,
    "sellingAndMarketingExpenses": 0,
    "sellingGeneralAndAdministrativeExpenses": 133448000,
    "otherExpenses": 0,
    "operatingExpenses": 133448000,
    "costAndExpenses": 492861000,
    "interestIncome": 0,
    "interestExpense": 11635000,
    "depreciationAndAmortization": 21544000,
    "ebitda": 178798000,
    "ebitdaratio": 0.2742149206,
    "operatingIncome": 159175000,
    "operatingIncomeRatio": 0.2441199566,
    "totalOtherIncomeExpensesNet": -13556000,
    "incomeBeforeTax": 145619000,
    "incomeBeforeTaxRatio": 0.2233296935,
    "incomeTaxExpense": 32947000,
    "netIncome": 112708000,
    "netIncomeRatio": 0.1728554865,
    "eps": 1.48,
    "epsdiluted": 1.48,
    "weightedAverageShsOut": 75900000,
    "weightedAverageShsOutDil": 76300000,
    "link": "https://www.sec.gov/Archives/edgar/data/832101/000083210121000029/0000832101-21-000029-index.htm",
    "finalLink": "https://www.sec.gov/Archives/edgar/data/832101/000083210121000029/iex-20210331.htm"
  },
  {
    "date": "2020-12-31",
    "symbol": "IEX",
    "reportedCurrency": "USD",
    "cik": "0000832101",
    "fillingDate": "2021-02-25",
    "acceptedDate": "2021-02-25 13:09:33",
    "calendarYear": "2020",
    "period": "Q4",
    "revenue": 614822000,
    "costOfRevenue": 345654000,
    "grossProfit": 269168000,
    "grossProfitRatio": 0.4377982571,
    "researchAndDevelopmentExpenses": 0,
    "generalAndAdministrativeExpenses": 0,
    "sellingAndMarketingExpenses": 0,
    "sellingGeneralAndAdministrativeExpenses": 123985000,
    "otherExpenses": 0,
    "operatingExpenses": 123985000,
    "costAndExpenses": 469639000,
    "interestIncome": 0,
    "interestExpense": 11656000,
    "depreciationAndAmortization": 21521000,
    "ebitda": 163048000,
    "ebitdaratio": 0.2651954549,
    "operatingIncome": 145183000,
    "operatingIncomeRatio": 0.2361382644,
    "totalOtherIncomeExpensesNet": -15311999,
    "incomeBeforeTax": 129871000,
    "incomeBeforeTaxRatio": 0.2112334952,
    "incomeTaxExpense": 28803000,
    "netIncome": 101068000,
    "netIncomeRatio": 0.1643857897,
    "eps": 1.33,
    "epsdiluted": 1.32,
    "weightedAverageShsOut": 75817000,
    "weightedAverageShsOutDil": 76367000,
    "link": "https://www.sec.gov/Archives/edgar/data/832101/000083210121000017/0000832101-21-000017-index.htm",
    "finalLink": "https://www.sec.gov/Archives/edgar/data/832101/000083210121000017/iex-20201231.htm"
  },
  {
    "date": "2020-09-30",
    "symbol": "IEX",
    "reportedCurrency": "USD",
    "cik": "0000832101",
    "fillingDate": "2020-10-28",
    "acceptedDate": "2020-10-28 12:37:24",
    "calendarYear": "2020",
    "period": "Q3",
    "revenue": 581113000,
    "costOfRevenue": 329613000,
    "grossProfit": 251500000,
    "grossProfitRatio": 0.4327901802,
    "researchAndDevelopmentExpenses": 0,
    "generalAndAdministrativeExpenses": 0,
    "sellingAndMarketingExpenses": 0,
    "sellingGeneralAndAdministrativeExpenses": 116070000,
    "otherExpenses": 0,
    "operatingExpenses": 116070000,
    "costAndExpenses": 445683000,
    "interestIncome": 0,
    "interestExpense": 11511000,
    "depreciationAndAmortization": 21351000,
    "ebitda": 154137000,
    "ebitdaratio": 0.2652444533,
    "operatingIncome": 135430000,
    "operatingIncomeRatio": 0.2330527798,
    "totalOtherIncomeExpensesNet": -14155000,
    "incomeBeforeTax": 121275000,
    "incomeBeforeTaxRatio": 0.2086943503,
    "incomeTaxExpense": 17427000,
    "netIncome": 103848000,
    "netIncomeRatio": 0.1787053465,
    "eps": 1.38,
    "epsdiluted": 1.37,
    "weightedAverageShsOut": 75352000,
    "weightedAverageShsOutDil": 75960000,
    "link": "https://www.sec.gov/Archives/edgar/data/832101/000083210120000039/0000832101-20-000039-index.htm",
    "finalLink": "https://www.sec.gov/Archives/edgar/data/832101/000083210120000039/iex-20200930.htm"
  },
  {
    "date": "2020-06-30",
    "symbol": "IEX",
    "reportedCurrency": "USD",
    "cik": "0000832101",
    "fillingDate": "2020-07-24",
    "acceptedDate": "2020-07-24 11:40:15",
    "calendarYear": "2020",
    "period": "Q2",
    "revenue": 561249000,
    "costOfRevenue": 326449000,
    "grossProfit": 234800000,
    "grossProfitRatio": 0.4183526385,
    "researchAndDevelopmentExpenses": 0,
    "generalAndAdministrativeExpenses": 0,
    "sellingAndMarketingExpenses": 0,
    "sellingGeneralAndAdministrativeExpenses": 119665000,
    "otherExpenses": 0,
    "operatingExpenses": 119665000,
    "costAndExpenses": 446114000,
    "interestIncome": 0,
    "interestExpense": 15178000,
    "depreciationAndAmortization": 20626000,
    "ebitda": 127499000,
    "ebitdaratio": 0.2271701152,
    "operatingIncome": 115135000,
    "operatingIncomeRatio": 0.2051406773,
    "totalOtherIncomeExpensesNet": -23440000,
    "incomeBeforeTax": 91695000,
    "incomeBeforeTaxRatio": 0.1633766831,
    "incomeTaxExpense": 20831000,
    "netIncome": 70864000,
    "netIncomeRatio": 0.1262612495,
    "eps": 0.94,
    "epsdiluted": 0.93,
    "weightedAverageShsOut": 75171000,
    "weightedAverageShsOutDil": 75937000,
    "link": "https://www.sec.gov/Archives/edgar/data/832101/000083210120000027/0000832101-20-000027-index.htm",
    "finalLink": "https://www.sec.gov/Archives/edgar/data/832101/000083210120000027/iex-20200630.htm"
  },
  {
    "date": "2020-03-31",
    "symbol": "IEX",
    "reportedCurrency": "USD",
    "cik": "0000832101",
    "fillingDate": "2020-04-24",
    "acceptedDate": "2020-04-24 11:16:18",
    "calendarYear": "2020",
    "period": "Q1",
    "revenue": 594462000,
    "costOfRevenue": 322506000,
    "grossProfit": 271956000,
    "grossProfitRatio": 0.4574825641,
    "researchAndDevelopmentExpenses": 0,
    "generalAndAdministrativeExpenses": 0,
    "sellingAndMarketingExpenses": 0,
    "sellingGeneralAndAdministrativeExpenses": 130914999,
    "otherExpenses": 0,
    "operatingExpenses": 130914999,
    "costAndExpenses": 453421000,
    "interestIncome": 0,
    "interestExpense": 0,
    "depreciationAndAmortization": 19997000,
    "ebitda": 147496000,
    "ebitdaratio": 0.2481167846,
    "operatingIncome": 141041000,
    "operatingIncomeRatio": 0.2372582268,
    "totalOtherIncomeExpensesNet": -13542000,
    "incomeBeforeTax": 127499000,
    "incomeBeforeTaxRatio": 0.2144779649,
    "incomeTaxExpense": 25501000,
    "netIncome": 101998000,
    "netIncomeRatio": 0.1715803533,
    "eps": 1.35,
    "epsdiluted": 1.33,
    "weightedAverageShsOut": 75740000,
    "weightedAverageShsOutDil": 76452000,
    "link": "https://www.sec.gov/Archives/edgar/data/832101/000083210120000014/0000832101-20-000014-index.htm",
    "finalLink": "https://www.sec.gov/Archives/edgar/data/832101/000083210120000014/iex-20200331x10q.htm"
  },
  {
    "date": "2019-12-31",
    "symbol": "IEX",
    "reportedCurrency": "USD",
    "cik": "0000832101",
    "fillingDate": "2020-02-21",
    "acceptedDate": "2020-02-21 14:33:15",
    "calendarYear": "2019",
    "period": "Q4",
    "revenue": 605997000,
    "costOfRevenue": 339112000,
    "grossProfit": 266885000,
    "grossProfitRatio": 0.4404064707,
    "researchAndDevelopmentExpenses": 0,
    "generalAndAdministrativeExpenses": 0,
    "sellingAndMarketingExpenses": 0,
    "sellingGeneralAndAdministrativeExpenses": 125350000,
    "otherExpenses": 0,
    "operatingExpenses": 125350000,
    "costAndExpenses": 464462000,
    "interestIncome": 0,
    "interestExpense": 9489000,
    "depreciationAndAmortization": 19530000,
    "ebitda": 151055000,
    "ebitdaratio": 0.2492669106,
    "operatingIncome": 141535000,
    "operatingIncomeRatio": 0.2335572618,
    "totalOtherIncomeExpensesNet": -19499000,
    "incomeBeforeTax": 122036000,
    "incomeBeforeTaxRatio": 0.2013805349,
    "incomeTaxExpense": 25186000,
    "netIncome": 96850000,
    "netIncomeRatio": 0.159819273,
    "eps": 1.28,
    "epsdiluted": 1.26,
    "weightedAverageShsOut": 75779000,
    "weightedAverageShsOutDil": 76570000,
    "link": "https://www.sec.gov/Archives/edgar/data/832101/000083210120000007/0000832101-20-000007-index.htm",
    "finalLink": "https://www.sec.gov/Archives/edgar/data/832101/000083210120000007/iex-20191231x10k.htm"
  },
  {
    "date": "2019-09-30",
    "symbol": "IEX",
    "reportedCurrency": "USD",
    "cik": "0000832101",
    "fillingDate": "2019-10-30",
    "acceptedDate": "2019-10-30 11:49:38",
    "calendarYear": "2019",
    "period": "Q3",
    "revenue": 624246000,
    "costOfRevenue": 342268000,
    "grossProfit": 281978000,
    "grossProfitRatio": 0.4517097426,
    "researchAndDevelopmentExpenses": 0,
    "generalAndAdministrativeExpenses": 0,
    "sellingAndMarketingExpenses": 0,
    "sellingGeneralAndAdministrativeExpenses": 127657000,
    "otherExpenses": 0,
    "operatingExpenses": 127657000,
    "costAndExpenses": 469925000,
    "interestIncome": 0,
    "interestExpense": 9764000,
    "depreciationAndAmortization": 19523000,
    "ebitda": 158503000,
    "ebitdaratio": 0.2539111184,
    "operatingIncome": 154321000,
    "operatingIncomeRatio": 0.2472118364,
    "totalOtherIncomeExpensesNet": -25104999,
    "incomeBeforeTax": 129216000,
    "incomeBeforeTaxRatio": 0.2069953192,
    "incomeTaxExpense": 24022000,
    "netIncome": 105194000,
    "netIncomeRatio": 0.1685136949,
    "eps": 1.39,
    "epsdiluted": 1.37,
    "weightedAverageShsOut": 75698000,
    "weightedAverageShsOutDil": 76577000,
    "link": "https://www.sec.gov/Archives/edgar/data/832101/000083210119000031/0000832101-19-000031-index.htm",
    "finalLink": "https://www.sec.gov/Archives/edgar/data/832101/000083210119000031/iex-20190930x10q.htm"
  },
  {
    "date": "2019-06-30",
    "symbol": "IEX",
    "reportedCurrency": "USD",
    "cik": "0000832101",
    "fillingDate": "2019-07-26",
    "acceptedDate": "2019-07-26 12:01:17",
    "calendarYear": "2019",
    "period": "Q2",
    "revenue": 642099000,
    "costOfRevenue": 349762000,
    "grossProfit": 292337000,
    "grossProfitRatio": 0.4552833753,
    "researchAndDevelopmentExpenses": 0,
    "generalAndAdministrativeExpenses": 0,
    "sellingAndMarketingExpenses": 0,
    "sellingGeneralAndAdministrativeExpenses": 134528000,
    "otherExpenses": 0,
    "operatingExpenses": 134528000,
    "costAndExpenses": 484290000,
    "interestIncome": 0,
    "interestExpense": 12594000,
    "depreciationAndAmortization": 19164000,
    "ebitda": 176408000,
    "ebitdaratio": 0.2747364503,
    "operatingIncome": 157809000,
    "operatingIncomeRatio": 0.245770512,
    "totalOtherIncomeExpensesNet": -13159000,
    "incomeBeforeTax": 144650000,
    "incomeBeforeTaxRatio": 0.2252767875,
    "incomeTaxExpense": 31441000,
    "netIncome": 113209000,
    "netIncomeRatio": 0.1763108181,
    "eps": 1.5,
    "epsdiluted": 1.48,
    "weightedAverageShsOut": 75460000,
    "weightedAverageShsOutDil": 76387000,
    "link": "https://www.sec.gov/Archives/edgar/data/832101/000083210119000024/0000832101-19-000024-index.htm",
    "finalLink": "https://www.sec.gov/Archives/edgar/data/832101/000083210119000024/iex-20190630x10q.htm"
  },
  {
    "date": "2019-03-31",
    "symbol": "IEX",
    "reportedCurrency": "USD",
    "cik": "0000832101",
    "fillingDate": "2019-04-26",
    "acceptedDate": "2019-04-26 12:29:03",
    "calendarYear": "2019",
    "period": "Q1",
    "revenue": 622231000,
    "costOfRevenue": 338397000,
    "grossProfit": 283834000,
    "grossProfitRatio": 0.4561553507,
    "researchAndDevelopmentExpenses": 0,
    "generalAndAdministrativeExpenses": 0,
    "sellingAndMarketingExpenses": 0,
    "sellingGeneralAndAdministrativeExpenses": 135752000,
    "otherExpenses": 0,
    "operatingExpenses": 135752000,
    "costAndExpenses": 474149000,
    "interestIncome": 0,
    "interestExpense": 12509000,
    "depreciationAndAmortization": 18659000,
    "ebitda": 168169000,
    "ebitdaratio": 0.2702677944,
    "operatingIncome": 148082000,
    "operatingIncomeRatio": 0.2379855713,
    "totalOtherIncomeExpensesNet": -11081000,
    "incomeBeforeTax": 137001000,
    "incomeBeforeTaxRatio": 0.2201770725,
    "incomeTaxExpense": 26733000,
    "netIncome": 110268000,
    "netIncomeRatio": 0.1772139286,
    "eps": 1.46,
    "epsdiluted": 1.44,
    "weightedAverageShsOut": 75442000,
    "weightedAverageShsOutDil": 76284000,
    "link": "https://www.sec.gov/Archives/edgar/data/832101/000083210119000010/0000832101-19-000010-index.htm",
    "finalLink": "https://www.sec.gov/Archives/edgar/data/832101/000083210119000010/iex-20190331x10q.htm"
  },
  {
    "date": "2018-12-31",
    "symbol": "IEX",
    "reportedCurrency": "USD",
    "cik": "0000832101",
    "fillingDate": "2019-02-28",
    "acceptedDate": "2019-02-28 17:22:58",
    "calendarYear": "2018",
    "period": "Q4",
    "revenue": 614094000,
    "costOfRevenue": 340451000,
    "grossProfit": 273643000,
    "grossProfitRatio": 0.4456044189,
    "researchAndDevelopmentExpenses": 0,
    "generalAndAdministrativeExpenses": 0,
    "sellingAndMarketingExpenses": 0,
    "sellingGeneralAndAdministrativeExpenses": 128870000,
    "otherExpenses": 0,
    "operatingExpenses": 128870000,
    "costAndExpenses": 469321000,
    "interestIncome": 0,
    "interestExpense": 12642000,
    "depreciationAndAmortization": 18314000,
    "ebitda": 159781000,
    "ebitdaratio": 0.2601898081,
    "operatingIncome": 144773000,
    "operatingIncomeRatio": 0.2357505528,
    "totalOtherIncomeExpensesNet": -15948000,
    "incomeBeforeTax": 128825000,
    "incomeBeforeTaxRatio": 0.2097805873,
    "incomeTaxExpense": 30688000,
    "netIncome": 98137000,
    "netIncomeRatio": 0.1598077819,
    "eps": 1.29,
    "epsdiluted": 1.27,
    "weightedAverageShsOut": 76128000,
    "weightedAverageShsOutDil": 77100000,
    "link": "https://www.sec.gov/Archives/edgar/data/832101/000083210119000005/0000832101-19-000005-index.htm",
    "finalLink": "https://www.sec.gov/Archives/edgar/data/832101/000083210119000005/iex-20181231x10k.htm"
  },
  {
    "date": "2018-09-30",
    "symbol": "IEX",
    "reportedCurrency": "USD",
    "cik": "0000832101",
    "fillingDate": "2018-10-24",
    "acceptedDate": "2018-10-24 14:10:02",
    "calendarYear": "2018",
    "period": "Q3",
    "revenue": 622888000,
    "costOfRevenue": 342655000,
    "grossProfit": 280233000,
    "grossProfitRatio": 0.4498930787,
    "researchAndDevelopmentExpenses": 0,
    "generalAndAdministrativeExpenses": 0,
    "sellingAndMarketingExpenses": 0,
    "sellingGeneralAndAdministrativeExpenses": 130479000,
    "otherExpenses": 0,
    "operatingExpenses": 130479000,
    "costAndExpenses": 473134000,
    "interestIncome": 0,
    "interestExpense": 12568000,
    "depreciationAndAmortization": 18606000,
    "ebitda": 164415000,
    "ebitdaratio": 0.26395596,
    "operatingIncome": 149754000,
    "operatingIncomeRatio": 0.2404188233,
    "totalOtherIncomeExpensesNet": -16512999,
    "incomeBeforeTax": 133241000,
    "incomeBeforeTaxRatio": 0.2139084394,
    "incomeTaxExpense": 26889000,
    "netIncome": 106352000,
    "netIncomeRatio": 0.1707401652,
    "eps": 1.39,
    "epsdiluted": 1.37,
    "weightedAverageShsOut": 76562000,
    "weightedAverageShsOutDil": 77709000,
    "link": "https://www.sec.gov/Archives/edgar/data/832101/000083210118000045/0000832101-18-000045-index.htm",
    "finalLink": "https://www.sec.gov/Archives/edgar/data/832101/000083210118000045/iex-20180930x10q.htm"
  },
  {
    "date": "2018-06-30",
    "symbol": "IEX",
    "reportedCurrency": "USD",
    "cik": "0000832101",
    "fillingDate": "2018-07-25",
    "acceptedDate": "2018-07-25 12:19:44",
    "calendarYear": "2018",
    "period": "Q2",
    "revenue": 634360000,
    "costOfRevenue": 346993000,
    "grossProfit": 287367000,
    "grossProfitRatio": 0.4530030267,
    "researchAndDevelopmentExpenses": 0,
    "generalAndAdministrativeExpenses": 0,
    "sellingAndMarketingExpenses": 0,
    "sellingGeneralAndAdministrativeExpenses": 136748000,
    "otherExpenses": 0,
    "operatingExpenses": 136748000,
    "costAndExpenses": 483741000,
    "interestIncome": 0,
    "interestExpense": 12767000,
    "depreciationAndAmortization": 19570000,
    "ebitda": 169078000,
    "ebitdaratio": 0.2665331988,
    "operatingIncome": 150619000,
    "operatingIncomeRatio": 0.2374345797,
    "totalOtherIncomeExpensesNet": -13878000,
    "incomeBeforeTax": 136741000,
    "incomeBeforeTaxRatio": 0.2155574122,
    "incomeTaxExpense": 29615000,
    "netIncome": 107126000,
    "netIncomeRatio": 0.1688725645,
    "eps": 1.4,
    "epsdiluted": 1.38,
    "weightedAverageShsOut": 76539000,
    "weightedAverageShsOutDil": 77704000,
    "link": "https://www.sec.gov/Archives/edgar/data/832101/000083210118000037/0000832101-18-000037-index.htm",
    "finalLink": "https://www.sec.gov/Archives/edgar/data/832101/000083210118000037/iex-20180630x10q.htm"
  },
  {
    "date": "2018-03-31",
    "symbol": "IEX",
    "reportedCurrency": "USD",
    "cik": "0000832101",
    "fillingDate": "2018-04-30",
    "acceptedDate": "2018-04-30 13:34:18",
    "calendarYear": "2018",
    "period": "Q1",
    "revenue": 612324000,
    "costOfRevenue": 335672000,
    "grossProfit": 276652000,
    "grossProfitRatio": 0.4518065599,
    "researchAndDevelopmentExpenses": 0,
    "generalAndAdministrativeExpenses": 0,
    "sellingAndMarketingExpenses": 0,
    "sellingGeneralAndAdministrativeExpenses": 137627000,
    "otherExpenses": 0,
    "operatingExpenses": 137627000,
    "costAndExpenses": 473299000,
    "interestIncome": 0,
    "interestExpense": 12632000,
    "depreciationAndAmortization": 21054000,
    "ebitda": 163818000,
    "ebitdaratio": 0.2675348345,
    "operatingIncome": 139025000,
    "operatingIncomeRatio": 0.2270448325,
    "totalOtherIncomeExpensesNet": -8893000,
    "incomeBeforeTax": 130132000,
    "incomeBeforeTaxRatio": 0.2125214756,
    "incomeTaxExpense": 31174000,
    "netIncome": 98958000,
    "netIncomeRatio": 0.1616105199,
    "eps": 1.29,
    "epsdiluted": 1.27,
    "weightedAverageShsOut": 76419000,
    "weightedAverageShsOutDil": 77739000,
    "link": "https://www.sec.gov/Archives/edgar/data/832101/000083210118000027/0000832101-18-000027-index.htm",
    "finalLink": "https://www.sec.gov/Archives/edgar/data/832101/000083210118000027/iex-20180331x10q.htm"
  },
  {
    "date": "2017-12-31",
    "symbol": "IEX",
    "reportedCurrency": "USD",
    "cik": "0000832101",
    "fillingDate": "2018-02-22",
    "acceptedDate": "2018-02-22 16:15:56",
    "calendarYear": "2017",
    "period": "Q4",
    "revenue": 585904000,
    "costOfRevenue": 325022000,
    "grossProfit": 260882000,
    "grossProfitRatio": 0.4452640706,
    "researchAndDevelopmentExpenses": 0,
    "generalAndAdministrativeExpenses": 0,
    "sellingAndMarketingExpenses": 0,
    "sellingGeneralAndAdministrativeExpenses": 130649000,
    "otherExpenses": 0,
    "operatingExpenses": 130649000,
    "costAndExpenses": 455671000,
    "interestIncome": 0,
    "interestExpense": 12620000,
    "depreciationAndAmortization": 20410000,
    "ebitda": 156632000,
    "ebitdaratio": 0.2673338977,
    "operatingIncome": 130233000,
    "operatingIncomeRatio": 0.2222770283,
    "totalOtherIncomeExpensesNet": -6631000,
    "incomeBeforeTax": 123602000,
    "incomeBeforeTaxRatio": 0.2109594746,
    "incomeTaxExpense": 29856000,
    "netIncome": 93746000,
    "netIncomeRatio": 0.1600023212,
    "eps": 1.23,
    "epsdiluted": 1.21,
    "weightedAverageShsOut": 76283000,
    "weightedAverageShsOutDil": 77597000,
    "link": "https://www.sec.gov/Archives/edgar/data/832101/000083210118000019/0000832101-18-000019-index.htm",
    "finalLink": "https://www.sec.gov/Archives/edgar/data/832101/000083210118000019/iex-20171231x10k.htm"
  },
  {
    "date": "2017-09-30",
    "symbol": "IEX",
    "reportedCurrency": "USD",
    "cik": "0000832101",
    "fillingDate": "2017-10-23",
    "acceptedDate": "2017-10-23 15:58:35",
    "calendarYear": "2017",
    "period": "Q3",
    "revenue": 574490000,
    "costOfRevenue": 316560000,
    "grossProfit": 257930000,
    "grossProfitRatio": 0.4489721318,
    "researchAndDevelopmentExpenses": 0,
    "generalAndAdministrativeExpenses": 0,
    "sellingAndMarketingExpenses": 0,
    "sellingGeneralAndAdministrativeExpenses": 130925999,
    "otherExpenses": 0,
    "operatingExpenses": 130925999,
    "costAndExpenses": 447486000,
    "interestIncome": 0,
    "interestExpense": 12745000,
    "depreciationAndAmortization": 21280000,
    "ebitda": 147812000,
    "ebitdaratio": 0.2572925551,
    "operatingIncome": 127004000,
    "operatingIncomeRatio": 0.2210726035,
    "totalOtherIncomeExpensesNet": -13217000,
    "incomeBeforeTax": 113787000,
    "incomeBeforeTaxRatio": 0.1980661108,
    "incomeTaxExpense": 30019000,
    "netIncome": 83768000,
    "netIncomeRatio": 0.1458128079,
    "eps": 1.09,
    "epsdiluted": 1.08,
    "weightedAverageShsOut": 76309000,
    "weightedAverageShsOutDil": 77523000,
    "link": "https://www.sec.gov/Archives/edgar/data/832101/000083210117000051/0000832101-17-000051-index.htm",
    "finalLink": "https://www.sec.gov/Archives/edgar/data/832101/000083210117000051/iex-20170930x10q.htm"
  },
  {
    "date": "2017-06-30",
    "symbol": "IEX",
    "reportedCurrency": "USD",
    "cik": "0000832101",
    "fillingDate": "2017-07-26",
    "acceptedDate": "2017-07-26 12:09:28",
    "calendarYear": "2017",
    "period": "Q2",
    "revenue": 573366000,
    "costOfRevenue": 316441000,
    "grossProfit": 256925000,
    "grossProfitRatio": 0.4480994688,
    "researchAndDevelopmentExpenses": 0,
    "generalAndAdministrativeExpenses": 0,
    "sellingAndMarketingExpenses": 0,
    "sellingGeneralAndAdministrativeExpenses": 131692000,
    "otherExpenses": 0,
    "operatingExpenses": 131692000,
    "costAndExpenses": 448133000,
    "interestIncome": 0,
    "interestExpense": 12950000,
    "depreciationAndAmortization": 21834000,
    "ebitda": 148241000,
    "ebitdaratio": 0.2585451527,
    "operatingIncome": 125233000,
    "operatingIncomeRatio": 0.2184172065,
    "totalOtherIncomeExpensesNet": -11776000,
    "incomeBeforeTax": 113457000,
    "incomeBeforeTaxRatio": 0.1978788418,
    "incomeTaxExpense": 29613000,
    "netIncome": 83844000,
    "netIncomeRatio": 0.1462312031,
    "eps": 1.1,
    "epsdiluted": 1.08,
    "weightedAverageShsOut": 76220000,
    "weightedAverageShsOutDil": 77320000,
    "link": "https://www.sec.gov/Archives/edgar/data/832101/000083210117000037/0000832101-17-000037-index.htm",
    "finalLink": "https://www.sec.gov/Archives/edgar/data/832101/000083210117000037/iex-20170630x10q.htm"
  },
  {
    "date": "2017-03-31",
    "symbol": "IEX",
    "reportedCurrency": "USD",
    "cik": "0000832101",
    "fillingDate": "2017-04-26",
    "acceptedDate": "2017-04-26 12:49:41",
    "calendarYear": "2017",
    "period": "Q1",
    "revenue": 553552000,
    "costOfRevenue": 302611000,
    "grossProfit": 250941000,
    "grossProfitRatio": 0.4533286846,
    "researchAndDevelopmentExpenses": 0,
    "generalAndAdministrativeExpenses": 0,
    "sellingAndMarketingExpenses": 0,
    "sellingGeneralAndAdministrativeExpenses": 130372999,
    "otherExpenses": 0,
    "operatingExpenses": 130372999,
    "costAndExpenses": -432984000,
    "interestIncome": 0,
    "interestExpense": 13229000,
    "depreciationAndAmortization": 20692000,
    "ebitda": 138348000,
    "ebitdaratio": 0.2499277394,
    "operatingIncome": 120568000,
    "operatingIncomeRatio": 0.2178079024,
    "totalOtherIncomeExpensesNet": -16141000,
    "incomeBeforeTax": 104427000,
    "incomeBeforeTaxRatio": 0.1886489436,
    "incomeTaxExpense": 28528000,
    "netIncome": 75899000,
    "netIncomeRatio": 0.1371126832,
    "eps": 0.99,
    "epsdiluted": 0.99,
    "weightedAverageShsOut": 76115000,
    "weightedAverageShsOutDil": 76894000,
    "link": "https://www.sec.gov/Archives/edgar/data/832101/000083210117000027/0000832101-17-000027-index.htm",
    "finalLink": "https://www.sec.gov/Archives/edgar/data/832101/000083210117000027/iex-20170331x10q.htm"
  },
  {
    "date": "2016-12-31",
    "symbol": "IEX",
    "reportedCurrency": "USD",
    "cik": "0000832101",
    "fillingDate": "2017-02-23",
    "acceptedDate": "2017-02-23 12:49:53",
    "calendarYear": "2016",
    "period": "Q4",
    "revenue": 530419000,
    "costOfRevenue": 293534000,
    "grossProfit": 236885000,
    "grossProfitRatio": 0.4465997636,
    "researchAndDevelopmentExpenses": 0,
    "generalAndAdministrativeExpenses": 0,
    "sellingAndMarketingExpenses": 0,
    "sellingGeneralAndAdministrativeExpenses": 126469000,
    "otherExpenses": 0,
    "operatingExpenses": 126469000,
    "costAndExpenses": 420003000,
    "interestIncome": 0,
    "interestExpense": 13716000,
    "depreciationAndAmortization": 22568000,
    "ebitda": 109031000,
    "ebitdaratio": 0.205556362,
    "operatingIncome": 110416000,
    "operatingIncomeRatio": 0.2081675053,
    "totalOtherIncomeExpensesNet": -37669000,
    "incomeBeforeTax": 72747000,
    "incomeBeforeTaxRatio": 0.1371500644,
    "incomeTaxExpense": 15400000,
    "netIncome": 57347000,
    "netIncomeRatio": 0.1081164136,
    "eps": 0.75,
    "epsdiluted": 0.75,
    "weightedAverageShsOut": 75953000,
    "weightedAverageShsOutDil": 76115000,
    "link": "https://www.sec.gov/Archives/edgar/data/832101/000083210117000016/0000832101-17-000016-index.htm",
    "finalLink": "https://www.sec.gov/Archives/edgar/data/832101/000083210117000016/iex-20161231x10k.htm"
  },
  {
    "date": "2016-09-30",
    "symbol": "IEX",
    "reportedCurrency": "USD",
    "cik": "0000832101",
    "fillingDate": "2016-10-25",
    "acceptedDate": "2016-10-25 17:10:29",
    "calendarYear": "2016",
    "period": "Q3",
    "revenue": 530356000,
    "costOfRevenue": 294867000,
    "grossProfit": 235489000,
    "grossProfitRatio": 0.4440206201,
    "researchAndDevelopmentExpenses": 0,
    "generalAndAdministrativeExpenses": 0,
    "sellingAndMarketingExpenses": 0,
    "sellingGeneralAndAdministrativeExpenses": 118244000,
    "otherExpenses": 0,
    "operatingExpenses": 118244000,
    "costAndExpenses": 413111000,
    "interestIncome": 0,
    "interestExpense": 13614000,
    "depreciationAndAmortization": 22192000,
    "ebitda": 135114000,
    "ebitdaratio": 0.254760953,
    "operatingIncome": 117245000,
    "operatingIncomeRatio": 0.2210684898,
    "totalOtherIncomeExpensesNet": -17937000,
    "incomeBeforeTax": 99308000,
    "incomeBeforeTaxRatio": 0.1872478109,
    "incomeTaxExpense": 29435000,
    "netIncome": 69873000,
    "netIncomeRatio": 0.1317473546,
    "eps": 0.92,
    "epsdiluted": 0.91,
    "weightedAverageShsOut": 75819000,
    "weightedAverageShsOutDil": 76880000,
    "link": "https://www.sec.gov/Archives/edgar/data/832101/000083210116000093/0000832101-16-000093-index.htm",
    "finalLink": "https://www.sec.gov/Archives/edgar/data/832101/000083210116000093/iex-20160930x10q.htm"
  },
  {
    "date": "2016-06-30",
    "symbol": "IEX",
    "reportedCurrency": "USD",
    "cik": "0000832101",
    "fillingDate": "2016-08-01",
    "acceptedDate": "2016-08-01 13:21:52",
    "calendarYear": "2016",
    "period": "Q2",
    "revenue": 549696000,
    "costOfRevenue": 305638000,
    "grossProfit": 244058000,
    "grossProfitRatio": 0.443987222,
    "researchAndDevelopmentExpenses": 0,
    "generalAndAdministrativeExpenses": 131082000,
    "sellingAndMarketingExpenses": 0,
    "sellingGeneralAndAdministrativeExpenses": 131082000,
    "otherExpenses": 0,
    "operatingExpenses": 131082000,
    "costAndExpenses": 436720000,
    "interestIncome": 0,
    "interestExpense": 11205000,
    "depreciationAndAmortization": 22175000,
    "ebitda": 137025000,
    "ebitdaratio": 0.2492741443,
    "operatingIncome": 112976000,
    "operatingIncomeRatio": 0.2055245081,
    "totalOtherIncomeExpensesNet": -10178000,
    "incomeBeforeTax": 103645000,
    "incomeBeforeTaxRatio": 0.1885496711,
    "incomeTaxExpense": 27886000,
    "netIncome": 75759000,
    "netIncomeRatio": 0.1378198131,
    "eps": 1,
    "epsdiluted": 0.99,
    "weightedAverageShsOut": 75690000,
    "weightedAverageShsOutDil": 76674000,
    "link": "https://www.sec.gov/Archives/edgar/data/832101/000083210116000085/0000832101-16-000085-index.htm",
    "finalLink": "https://www.sec.gov/Archives/edgar/data/832101/000083210116000085/iex-20160630x10q.htm"
  },
  {
    "date": "2016-03-31",
    "symbol": "IEX",
    "reportedCurrency": "USD",
    "cik": "0000832101",
    "fillingDate": "2016-04-25",
    "acceptedDate": "2016-04-25 15:41:21",
    "calendarYear": "2016",
    "period": "Q1",
    "revenue": 502572000,
    "costOfRevenue": 279237000,
    "grossProfit": 223335000,
    "grossProfitRatio": 0.4443840883,
    "researchAndDevelopmentExpenses": 0,
    "generalAndAdministrativeExpenses": 120778000,
    "sellingAndMarketingExpenses": 0,
    "sellingGeneralAndAdministrativeExpenses": 120778000,
    "otherExpenses": 744000,
    "operatingExpenses": 120778000,
    "costAndExpenses": 400015000,
    "interestIncome": 0,
    "interestExpense": 10489000,
    "depreciationAndAmortization": 19957000,
    "ebitda": 123258000,
    "ebitdaratio": 0.2452544113,
    "operatingIncome": 102557000,
    "operatingIncomeRatio": 0.2040642933,
    "totalOtherIncomeExpensesNet": -10533000,
    "incomeBeforeTax": 92812000,
    "incomeBeforeTaxRatio": 0.1846740368,
    "incomeTaxExpense": 24682000,
    "netIncome": 68130000,
    "netIncomeRatio": 0.1355626656,
    "eps": 0.9,
    "epsdiluted": 0.89,
    "weightedAverageShsOut": 75749000,
    "weightedAverageShsOutDil": 76699000,
    "link": "https://www.sec.gov/Archives/edgar/data/832101/000083210116000067/0000832101-16-000067-index.htm",
    "finalLink": "https://www.sec.gov/Archives/edgar/data/832101/000083210116000067/iex-20160331x10q.htm"
  },
  {
    "date": "2015-12-31",
    "symbol": "IEX",
    "reportedCurrency": "USD",
    "cik": "0000832101",
    "fillingDate": "2016-02-19",
    "acceptedDate": "2016-02-19 15:42:11",
    "calendarYear": "2015",
    "period": "Q4",
    "revenue": 499798000,
    "costOfRevenue": 276399000,
    "grossProfit": 223399000,
    "grossProfitRatio": 0.4469785793,
    "researchAndDevelopmentExpenses": 33600000,
    "generalAndAdministrativeExpenses": 118624000,
    "sellingAndMarketingExpenses": 0,
    "sellingGeneralAndAdministrativeExpenses": 118624000,
    "otherExpenses": 654000,
    "operatingExpenses": 118624000,
    "costAndExpenses": 395023000,
    "interestIncome": 0,
    "interestExpense": 10226000,
    "depreciationAndAmortization": 20146000,
    "ebitda": 119059000,
    "ebitdaratio": 0.2382142386,
    "operatingIncome": 98259000,
    "operatingIncomeRatio": 0.1965974254,
    "totalOtherIncomeExpensesNet": -9572000,
    "incomeBeforeTax": 88687000,
    "incomeBeforeTaxRatio": 0.1774456881,
    "incomeTaxExpense": 20924000,
    "netIncome": 67763000,
    "netIncomeRatio": 0.1355807746,
    "eps": 0.89,
    "epsdiluted": 0.89,
    "weightedAverageShsOut": 75749000,
    "weightedAverageShsOutDil": 75749000,
    "link": "https://www.sec.gov/Archives/edgar/data/832101/000083210116000057/0000832101-16-000057-index.htm",
    "finalLink": "https://www.sec.gov/Archives/edgar/data/832101/000083210116000057/iex-20151231x10k.htm"
  },
  {
    "date": "2015-09-30",
    "symbol": "IEX",
    "reportedCurrency": "USD",
    "cik": "0000832101",
    "fillingDate": "2015-10-27",
    "acceptedDate": "2015-10-26 18:12:17",
    "calendarYear": "2015",
    "period": "Q3",
    "revenue": 503791000,
    "costOfRevenue": 280531000,
    "grossProfit": 223260000,
    "grossProfitRatio": 0.4431599612,
    "researchAndDevelopmentExpenses": 0,
    "generalAndAdministrativeExpenses": 114794000,
    "sellingAndMarketingExpenses": 0,
    "sellingGeneralAndAdministrativeExpenses": 114794000,
    "otherExpenses": 693000,
    "operatingExpenses": 114794000,
    "costAndExpenses": 395325000,
    "interestIncome": 0,
    "interestExpense": 10229000,
    "depreciationAndAmortization": 20377000,
    "ebitda": 142883000,
    "ebitdaratio": 0.2836156263,
    "operatingIncome": 121813000,
    "operatingIncomeRatio": 0.2417927275,
    "totalOtherIncomeExpensesNet": -9536000,
    "incomeBeforeTax": 112277000,
    "incomeBeforeTaxRatio": 0.2228642433,
    "incomeTaxExpense": 32772000,
    "netIncome": 79505000,
    "netIncomeRatio": 0.1578134584,
    "eps": 1.03,
    "epsdiluted": 1.02,
    "weightedAverageShsOut": 76831000,
    "weightedAverageShsOutDil": 77646000,
    "link": "https://www.sec.gov/Archives/edgar/data/832101/000083210115000039/0000832101-15-000039-index.htm",
    "finalLink": "https://www.sec.gov/Archives/edgar/data/832101/000083210115000039/iex-20150930x10q.htm"
  },
  {
    "date": "2015-06-30",
    "symbol": "IEX",
    "reportedCurrency": "USD",
    "cik": "0000832101",
    "fillingDate": "2015-07-27",
    "acceptedDate": "2015-07-27 16:47:43",
    "calendarYear": "2015",
    "period": "Q2",
    "revenue": 514881000,
    "costOfRevenue": 283266000,
    "grossProfit": 231615000,
    "grossProfitRatio": 0.4498418081,
    "researchAndDevelopmentExpenses": 0,
    "generalAndAdministrativeExpenses": 121706000,
    "sellingAndMarketingExpenses": 0,
    "sellingGeneralAndAdministrativeExpenses": 121706000,
    "otherExpenses": -827000,
    "operatingExpenses": 121706000,
    "costAndExpenses": 404972000,
    "interestIncome": 0,
    "interestExpense": 10584000,
    "depreciationAndAmortization": 19087000,
    "ebitda": 128169000,
    "ebitdaratio": 0.2489293643,
    "operatingIncome": 109909000,
    "operatingIncomeRatio": 0.2134648589,
    "totalOtherIncomeExpensesNet": -11411000,
    "incomeBeforeTax": 98498000,
    "incomeBeforeTaxRatio": 0.1913024563,
    "incomeTaxExpense": 28913000,
    "netIncome": 69585000,
    "netIncomeRatio": 0.1351477332,
    "eps": 0.89,
    "epsdiluted": 0.89,
    "weightedAverageShsOut": 77466000,
    "weightedAverageShsOutDil": 78297000,
    "link": "https://www.sec.gov/Archives/edgar/data/832101/000083210115000031/0000832101-15-000031-index.htm",
    "finalLink": "https://www.sec.gov/Archives/edgar/data/832101/000083210115000031/iex-20150630x10q.htm"
  },
  {
    "date": "2015-03-31",
    "symbol": "IEX",
    "reportedCurrency": "USD",
    "cik": "0000832101",
    "fillingDate": "2015-04-28",
    "acceptedDate": "2015-04-28 12:55:44",
    "calendarYear": "2015",
    "period": "Q1",
    "revenue": 502198000,
    "costOfRevenue": 276157000,
    "grossProfit": 226041000,
    "grossProfitRatio": 0.4501033457,
    "researchAndDevelopmentExpenses": 0,
    "generalAndAdministrativeExpenses": 124284000,
    "sellingAndMarketingExpenses": 0,
    "sellingGeneralAndAdministrativeExpenses": 124284000,
    "otherExpenses": 0,
    "operatingExpenses": 124284000,
    "costAndExpenses": 400441000,
    "interestIncome": 0,
    "interestExpense": 10597000,
    "depreciationAndAmortization": 18510000,
    "ebitda": 121990000,
    "ebitdaratio": 0.2429121582,
    "operatingIncome": 101757000,
    "operatingIncomeRatio": 0.2026232681,
    "totalOtherIncomeExpensesNet": -8874000,
    "incomeBeforeTax": 92883000,
    "incomeBeforeTaxRatio": 0.1849529468,
    "incomeTaxExpense": 26929000,
    "netIncome": 65954000,
    "netIncomeRatio": 0.1313306704,
    "eps": 0.84,
    "epsdiluted": 0.84,
    "weightedAverageShsOut": 77996000,
    "weightedAverageShsOutDil": 78856000,
    "link": "https://www.sec.gov/Archives/edgar/data/832101/000083210115000021/0000832101-15-000021-index.htm",
    "finalLink": "https://www.sec.gov/Archives/edgar/data/832101/000083210115000021/iex-20150331x10q.htm"
  },
  {
    "date": "2014-12-31",
    "symbol": "IEX",
    "reportedCurrency": "USD",
    "cik": "0000832101",
    "fillingDate": "2015-02-23",
    "acceptedDate": "2015-02-23 14:32:59",
    "calendarYear": "2014",
    "period": "Q4",
    "revenue": 523899000,
    "costOfRevenue": 294782000,
    "grossProfit": 229117000,
    "grossProfitRatio": 0.4373304778,
    "researchAndDevelopmentExpenses": 36800000,
    "generalAndAdministrativeExpenses": 120991000,
    "sellingAndMarketingExpenses": 0,
    "sellingGeneralAndAdministrativeExpenses": 120991000,
    "otherExpenses": 1460000,
    "operatingExpenses": 120991000,
    "costAndExpenses": 415773000,
    "interestIncome": 0,
    "interestExpense": 10572000,
    "depreciationAndAmortization": 18625000,
    "ebitda": 114539000,
    "ebitdaratio": 0.218628018,
    "operatingIncome": 94454000,
    "operatingIncomeRatio": 0.1802904758,
    "totalOtherIncomeExpensesNet": -9112000,
    "incomeBeforeTax": 85342000,
    "incomeBeforeTaxRatio": 0.1628978105,
    "incomeTaxExpense": 23722000,
    "netIncome": 61620000,
    "netIncomeRatio": 0.1176180905,
    "eps": 0.79,
    "epsdiluted": 0.79,
    "weightedAverageShsOut": 77996000,
    "weightedAverageShsOutDil": 77996000,
    "link": "https://www.sec.gov/Archives/edgar/data/832101/000083210115000009/0000832101-15-000009-index.htm",
    "finalLink": "https://www.sec.gov/Archives/edgar/data/832101/000083210115000009/iex-20141231x10k.htm"
  },
  {
    "date": "2014-09-30",
    "symbol": "IEX",
    "reportedCurrency": "USD",
    "cik": "0000832101",
    "fillingDate": "2014-10-27",
    "acceptedDate": "2014-10-27 15:15:45",
    "calendarYear": "2014",
    "period": "Q3",
    "revenue": 533179000,
    "costOfRevenue": 298533000,
    "grossProfit": 234646000,
    "grossProfitRatio": 0.4400886006,
    "researchAndDevelopmentExpenses": 0,
    "generalAndAdministrativeExpenses": 123799000,
    "sellingAndMarketingExpenses": 0,
    "sellingGeneralAndAdministrativeExpenses": 123799000,
    "otherExpenses": 944000,
    "operatingExpenses": 123799000,
    "costAndExpenses": 422332000,
    "interestIncome": 0,
    "interestExpense": 10461000,
    "depreciationAndAmortization": 19609000,
    "ebitda": 131400000,
    "ebitdaratio": 0.2464463154,
    "operatingIncome": 110847000,
    "operatingIncomeRatio": 0.2078982856,
    "totalOtherIncomeExpensesNet": -9517000,
    "incomeBeforeTax": 101330000,
    "incomeBeforeTaxRatio": 0.1900487454,
    "incomeTaxExpense": 29889000,
    "netIncome": 71441000,
    "netIncomeRatio": 0.1339906485,
    "eps": 0.89,
    "epsdiluted": 0.88,
    "weightedAverageShsOut": 79558000,
    "weightedAverageShsOutDil": 80561000,
    "link": "https://www.sec.gov/Archives/edgar/data/832101/000083210114000009/0000832101-14-000009-index.htm",
    "finalLink": "https://www.sec.gov/Archives/edgar/data/832101/000083210114000009/iex-20140930x10q.htm"
  },
  {
    "date": "2014-06-30",
    "symbol": "IEX",
    "reportedCurrency": "USD",
    "cik": "0000832101",
    "fillingDate": "2014-07-29",
    "acceptedDate": "2014-07-29 16:31:09",
    "calendarYear": "2014",
    "period": "Q2",
    "revenue": 546693000,
    "costOfRevenue": 305561000,
    "grossProfit": 241132000,
    "grossProfitRatio": 0.4410738751,
    "researchAndDevelopmentExpenses": 0,
    "generalAndAdministrativeExpenses": 129044000,
    "sellingAndMarketingExpenses": 0,
    "sellingGeneralAndAdministrativeExpenses": 129044000,
    "otherExpenses": -137000,
    "operatingExpenses": 129044000,
    "costAndExpenses": 434605000,
    "interestIncome": 0,
    "interestExpense": 10405000,
    "depreciationAndAmortization": 19416000,
    "ebitda": 131367000,
    "ebitdaratio": 0.2402939127,
    "operatingIncome": 112088000,
    "operatingIncomeRatio": 0.205029148,
    "totalOtherIncomeExpensesNet": -10542000,
    "incomeBeforeTax": 101546000,
    "incomeBeforeTaxRatio": 0.1857459305,
    "incomeTaxExpense": 29769000,
    "netIncome": 71777000,
    "netIncomeRatio": 0.1312930658,
    "eps": 0.89,
    "epsdiluted": 0.88,
    "weightedAverageShsOut": 80106000,
    "weightedAverageShsOutDil": 81149000,
    "link": "https://www.sec.gov/Archives/edgar/data/832101/000144530514002979/0001445305-14-002979-index.htm",
    "finalLink": "https://www.sec.gov/Archives/edgar/data/832101/000144530514002979/iex-20140630x10q.htm"
  },
  {
    "date": "2014-03-31",
    "symbol": "IEX",
    "reportedCurrency": "USD",
    "cik": "0000832101",
    "fillingDate": "2014-04-29",
    "acceptedDate": "2014-04-29 12:30:46",
    "calendarYear": "2014",
    "period": "Q1",
    "revenue": 543996000,
    "costOfRevenue": 299576000,
    "grossProfit": 244420000,
    "grossProfitRatio": 0.4493047743,
    "researchAndDevelopmentExpenses": 0,
    "generalAndAdministrativeExpenses": 130585000,
    "sellingAndMarketingExpenses": 0,
    "sellingGeneralAndAdministrativeExpenses": 130585000,
    "otherExpenses": 844000,
    "operatingExpenses": 130585000,
    "costAndExpenses": 430161000,
    "interestIncome": 0,
    "interestExpense": 10457000,
    "depreciationAndAmortization": 19257000,
    "ebitda": 133936000,
    "ebitdaratio": 0.2462076927,
    "operatingIncome": 113835000,
    "operatingIncomeRatio": 0.2092570534,
    "totalOtherIncomeExpensesNet": -9613000,
    "incomeBeforeTax": 104222000,
    "incomeBeforeTaxRatio": 0.1915859675,
    "incomeTaxExpense": 29674000,
    "netIncome": 74548000,
    "netIncomeRatio": 0.1370377723,
    "eps": 0.92,
    "epsdiluted": 0.91,
    "weightedAverageShsOut": 80527000,
    "weightedAverageShsOutDil": 81575000,
    "link": "https://www.sec.gov/Archives/edgar/data/832101/000144530514001514/0001445305-14-001514-index.htm",
    "finalLink": "https://www.sec.gov/Archives/edgar/data/832101/000144530514001514/iex-20140331x10q.htm"
  },
  {
    "date": "2013-12-31",
    "symbol": "IEX",
    "reportedCurrency": "USD",
    "cik": "0000832101",
    "fillingDate": "2014-02-13",
    "acceptedDate": "2014-02-13 14:56:29",
    "calendarYear": "2013",
    "period": "Q4",
    "revenue": 520620000,
    "costOfRevenue": 293611000,
    "grossProfit": 227009000,
    "grossProfitRatio": 0.4360358803,
    "researchAndDevelopmentExpenses": 33000000,
    "generalAndAdministrativeExpenses": 123136000,
    "sellingAndMarketingExpenses": 0,
    "sellingGeneralAndAdministrativeExpenses": 123136000,
    "otherExpenses": -696000,
    "operatingExpenses": 123136000,
    "costAndExpenses": 416747000,
    "interestIncome": 0,
    "interestExpense": 10482000,
    "depreciationAndAmortization": 19639000,
    "ebitda": 122816000,
    "ebitdaratio": 0.235903346,
    "operatingIncome": 103873000,
    "operatingIncomeRatio": 0.1995178825,
    "totalOtherIncomeExpensesNet": -11178000,
    "incomeBeforeTax": 92695000,
    "incomeBeforeTaxRatio": 0.1780473282,
    "incomeTaxExpense": 25140000,
    "netIncome": 67555000,
    "netIncomeRatio": 0.1297587492,
    "eps": 0.83,
    "epsdiluted": 0.82,
    "weightedAverageShsOut": 80782000,
    "weightedAverageShsOutDil": 81854000,
    "link": "https://www.sec.gov/Archives/edgar/data/832101/000144530514000435/0001445305-14-000435-index.htm",
    "finalLink": "https://www.sec.gov/Archives/edgar/data/832101/000144530514000435/iex-20131231x10k.htm"
  },
  {
    "date": "2013-09-30",
    "symbol": "IEX",
    "reportedCurrency": "USD",
    "cik": "0000832101",
    "fillingDate": "2013-10-31",
    "acceptedDate": "2013-10-31 15:29:14",
    "calendarYear": "2013",
    "period": "Q3",
    "revenue": 490617000,
    "costOfRevenue": 279108000,
    "grossProfit": 211509000,
    "grossProfitRatio": 0.431108176,
    "researchAndDevelopmentExpenses": 0,
    "generalAndAdministrativeExpenses": 114140000,
    "sellingAndMarketingExpenses": 0,
    "sellingGeneralAndAdministrativeExpenses": 114140000,
    "otherExpenses": -188000,
    "operatingExpenses": 114140000,
    "costAndExpenses": 393248000,
    "interestIncome": 0,
    "interestExpense": 10570000,
    "depreciationAndAmortization": 19779000,
    "ebitda": 116960000,
    "ebitdaratio": 0.2383936961,
    "operatingIncome": 97369000,
    "operatingIncomeRatio": 0.1984623444,
    "totalOtherIncomeExpensesNet": -10758000,
    "incomeBeforeTax": 86611000,
    "incomeBeforeTaxRatio": 0.1765348531,
    "incomeTaxExpense": 22812000,
    "netIncome": 63799000,
    "netIncomeRatio": 0.1300382987,
    "eps": 0.78,
    "epsdiluted": 0.78,
    "weightedAverageShsOut": 81259000,
    "weightedAverageShsOutDil": 82218000,
    "link": "https://www.sec.gov/Archives/edgar/data/832101/000144530513002609/0001445305-13-002609-index.htm",
    "finalLink": "https://www.sec.gov/Archives/edgar/data/832101/000144530513002609/iex-20130930x10q.htm"
  },
  {
    "date": "2013-06-30",
    "symbol": "IEX",
    "reportedCurrency": "USD",
    "cik": "0000832101",
    "fillingDate": "2013-08-05",
    "acceptedDate": "2013-08-05 15:50:01",
    "calendarYear": "2013",
    "period": "Q2",
    "revenue": 518445000,
    "costOfRevenue": 295596000,
    "grossProfit": 222849000,
    "grossProfitRatio": 0.4298411596,
    "researchAndDevelopmentExpenses": 0,
    "generalAndAdministrativeExpenses": 123290000,
    "sellingAndMarketingExpenses": 0,
    "sellingGeneralAndAdministrativeExpenses": 123290000,
    "otherExpenses": -573000,
    "operatingExpenses": 123290000,
    "costAndExpenses": 418886000,
    "interestIncome": 0,
    "interestExpense": 10597000,
    "depreciationAndAmortization": 20077000,
    "ebitda": 119063000,
    "ebitdaratio": 0.2296540617,
    "operatingIncome": 99559000,
    "operatingIncomeRatio": 0.1920338705,
    "totalOtherIncomeExpensesNet": -11170000,
    "incomeBeforeTax": 88389000,
    "incomeBeforeTaxRatio": 0.1704886729,
    "incomeTaxExpense": 25828000,
    "netIncome": 62561000,
    "netIncomeRatio": 0.1206704665,
    "eps": 0.76,
    "epsdiluted": 0.76,
    "weightedAverageShsOut": 81829000,
    "weightedAverageShsOutDil": 82734000,
    "link": "https://www.sec.gov/Archives/edgar/data/832101/000119312513318966/0001193125-13-318966-index.htm",
    "finalLink": "https://www.sec.gov/Archives/edgar/data/832101/000119312513318966/d562109d10q.htm"
  },
  {
    "date": "2013-03-31",
    "symbol": "IEX",
    "reportedCurrency": "USD",
    "cik": "0000832101",
    "fillingDate": "2013-05-06",
    "acceptedDate": "2013-05-03 17:42:55",
    "calendarYear": "2013",
    "period": "Q1",
    "revenue": 494448000,
    "costOfRevenue": 282451000,
    "grossProfit": 211997000,
    "grossProfitRatio": 0.4287548943,
    "researchAndDevelopmentExpenses": 0,
    "generalAndAdministrativeExpenses": 117285000,
    "sellingAndMarketingExpenses": 0,
    "sellingGeneralAndAdministrativeExpenses": 117285000,
    "otherExpenses": 0,
    "operatingExpenses": 117285000,
    "costAndExpenses": 399736000,
    "interestIncome": 0,
    "interestExpense": 10557000,
    "depreciationAndAmortization": 19839000,
    "ebitda": 115830000,
    "ebitdaratio": 0.2342612368,
    "operatingIncome": 94712000,
    "operatingIncomeRatio": 0.1915509821,
    "totalOtherIncomeExpensesNet": -9278000,
    "incomeBeforeTax": 85434000,
    "incomeBeforeTaxRatio": 0.1727866227,
    "incomeTaxExpense": 24134000,
    "netIncome": 61300000,
    "netIncomeRatio": 0.1239766366,
    "eps": 0.74,
    "epsdiluted": 0.74,
    "weightedAverageShsOut": 82197000,
    "weightedAverageShsOutDil": 83152000,
    "link": "https://www.sec.gov/Archives/edgar/data/832101/000119312513199528/0001193125-13-199528-index.htm",
    "finalLink": "https://www.sec.gov/Archives/edgar/data/832101/000119312513199528/d516014d10q.htm"
  },
  {
    "date": "2012-12-31",
    "symbol": "IEX",
    "reportedCurrency": "USD",
    "cik": "0000832101",
    "fillingDate": "2013-02-21",
    "acceptedDate": "2013-02-21 16:47:17",
    "calendarYear": "2012",
    "period": "Q4",
    "revenue": 490838000,
    "costOfRevenue": 287980000,
    "grossProfit": 202858000,
    "grossProfitRatio": 0.4132891096,
    "researchAndDevelopmentExpenses": 36400000,
    "generalAndAdministrativeExpenses": 112059000,
    "sellingAndMarketingExpenses": 0,
    "sellingGeneralAndAdministrativeExpenses": 112059000,
    "otherExpenses": 217000,
    "operatingExpenses": 112059000,
    "costAndExpenses": 400039000,
    "interestIncome": 0,
    "interestExpense": 10516000,
    "depreciationAndAmortization": 20374000,
    "ebitda": -104998000,
    "ebitdaratio": -0.213915793,
    "operatingIncome": -125589000,
    "operatingIncomeRatio": -0.2558664977,
    "totalOtherIncomeExpensesNet": -10299000,
    "incomeBeforeTax": -135888000,
    "incomeBeforeTaxRatio": -0.2768489807,
    "incomeTaxExpense": -16869000,
    "netIncome": -119019000,
    "netIncomeRatio": -0.242481226,
    "eps": -1.45,
    "epsdiluted": -1.45,
    "weightedAverageShsOut": 81936205,
    "weightedAverageShsOutDil": 82296000,
    "link": "https://www.sec.gov/Archives/edgar/data/832101/000119312513069436/0001193125-13-069436-index.htm",
    "finalLink": "https://www.sec.gov/Archives/edgar/data/832101/000119312513069436/d442705d10k.htm"
  },
  {
    "date": "2012-09-30",
    "symbol": "IEX",
    "reportedCurrency": "USD",
    "cik": "0000832101",
    "fillingDate": "2012-11-02",
    "acceptedDate": "2012-11-02 16:27:46",
    "calendarYear": "2012",
    "period": "Q3",
    "revenue": 479859000,
    "costOfRevenue": 285019000,
    "grossProfit": 194840000,
    "grossProfitRatio": 0.4060359397,
    "researchAndDevelopmentExpenses": 0,
    "generalAndAdministrativeExpenses": 107167000,
    "sellingAndMarketingExpenses": 0,
    "sellingGeneralAndAdministrativeExpenses": 107167000,
    "otherExpenses": 0,
    "operatingExpenses": 107167000,
    "costAndExpenses": 392186000,
    "interestIncome": 0,
    "interestExpense": 10536000,
    "depreciationAndAmortization": 19545000,
    "ebitda": 100265000,
    "ebitdaratio": 0.2089467948,
    "operatingIncome": 80588000,
    "operatingIncomeRatio": 0.1679409993,
    "totalOtherIncomeExpensesNet": -10404000,
    "incomeBeforeTax": 70184000,
    "incomeBeforeTaxRatio": 0.1462596304,
    "incomeTaxExpense": 20057000,
    "netIncome": 50127000,
    "netIncomeRatio": 0.1044619357,
    "eps": 0.6,
    "epsdiluted": 0.6,
    "weightedAverageShsOut": 82482000,
    "weightedAverageShsOutDil": 83370000,
    "link": "https://www.sec.gov/Archives/edgar/data/832101/000119312512449176/0001193125-12-449176-index.htm",
    "finalLink": "https://www.sec.gov/Archives/edgar/data/832101/000119312512449176/d413273d10q.htm"
  },
  {
    "date": "2012-06-30",
    "symbol": "IEX",
    "reportedCurrency": "USD",
    "cik": "0000832101",
    "fillingDate": "2012-08-01",
    "acceptedDate": "2012-08-01 16:44:48",
    "calendarYear": "2012",
    "period": "Q2",
    "revenue": 494144000,
    "costOfRevenue": 291031000,
    "grossProfit": 203113000,
    "grossProfitRatio": 0.4110401017,
    "researchAndDevelopmentExpenses": 0,
    "generalAndAdministrativeExpenses": 111882000,
    "sellingAndMarketingExpenses": 0,
    "sellingGeneralAndAdministrativeExpenses": 111882000,
    "otherExpenses": 0,
    "operatingExpenses": 111882000,
    "costAndExpenses": 402913000,
    "interestIncome": 0,
    "interestExpense": 10536000,
    "depreciationAndAmortization": 19203000,
    "ebitda": 107623000,
    "ebitdaratio": 0.2177968365,
    "operatingIncome": 88650000,
    "operatingIncomeRatio": 0.1794011462,
    "totalOtherIncomeExpensesNet": -10766000,
    "incomeBeforeTax": 77884000,
    "incomeBeforeTaxRatio": 0.1576139749,
    "incomeTaxExpense": 23533000,
    "netIncome": 54351000,
    "netIncomeRatio": 0.1099902053,
    "eps": 0.65,
    "epsdiluted": 0.65,
    "weightedAverageShsOut": 83180000,
    "weightedAverageShsOutDil": 84090000,
    "link": "https://www.sec.gov/Archives/edgar/data/832101/000119312512328998/0001193125-12-328998-index.htm",
    "finalLink": "https://www.sec.gov/Archives/edgar/data/832101/000119312512328998/d365894d10q.htm"
  },
  {
    "date": "2012-03-31",
    "symbol": "IEX",
    "reportedCurrency": "USD",
    "cik": "0000832101",
    "fillingDate": "2012-05-08",
    "acceptedDate": "2012-05-08 14:51:14",
    "calendarYear": "2012",
    "period": "Q1",
    "revenue": 489417000,
    "costOfRevenue": 286528000,
    "grossProfit": 202889000,
    "grossProfitRatio": 0.4145524164,
    "researchAndDevelopmentExpenses": 0,
    "generalAndAdministrativeExpenses": 113382000,
    "sellingAndMarketingExpenses": 0,
    "sellingGeneralAndAdministrativeExpenses": 113382000,
    "otherExpenses": 0,
    "operatingExpenses": 113382000,
    "costAndExpenses": 399910000,
    "interestIncome": 0,
    "interestExpense": 10662000,
    "depreciationAndAmortization": 19190000,
    "ebitda": 103876000,
    "ebitdaratio": 0.2122443642,
    "operatingIncome": 84569000,
    "operatingIncomeRatio": 0.1727953872,
    "totalOtherIncomeExpensesNet": -10545000,
    "incomeBeforeTax": 74024000,
    "incomeBeforeTaxRatio": 0.1512493436,
    "incomeTaxExpense": 21853000,
    "netIncome": 52171000,
    "netIncomeRatio": 0.1065982587,
    "eps": 0.63,
    "epsdiluted": 0.62,
    "weightedAverageShsOut": 82804000,
    "weightedAverageShsOutDil": 83902000,
    "link": "https://www.sec.gov/Archives/edgar/data/832101/000119312512218054/0001193125-12-218054-index.htm",
    "finalLink": "https://www.sec.gov/Archives/edgar/data/832101/000119312512218054/d323736d10q.htm"
  },
  {
    "date": "2011-12-31",
    "symbol": "IEX",
    "reportedCurrency": "USD",
    "cik": "0000832101",
    "fillingDate": "2012-02-24",
    "acceptedDate": "2012-02-24 16:35:05",
    "calendarYear": "2011",
    "period": "Q4",
    "revenue": 480683000,
    "costOfRevenue": 287081000,
    "grossProfit": 193602000,
    "grossProfitRatio": 0.4027643998,
    "researchAndDevelopmentExpenses": 0,
    "generalAndAdministrativeExpenses": 108218000,
    "sellingAndMarketingExpenses": 0,
    "sellingGeneralAndAdministrativeExpenses": 108218000,
    "otherExpenses": 0,
    "operatingExpenses": 108218000,
    "costAndExpenses": 395299000,
    "interestIncome": 0,
    "interestExpense": 8395000,
    "depreciationAndAmortization": 19269000,
    "ebitda": 22442000,
    "ebitdaratio": 0.0466877339,
    "operatingIncome": 76001000,
    "operatingIncomeRatio": 0.1581104387,
    "totalOtherIncomeExpensesNet": -8837000,
    "incomeBeforeTax": 67164000,
    "incomeBeforeTaxRatio": 0.1397261813,
    "incomeTaxExpense": 19776000,
    "netIncome": 47388000,
    "netIncomeRatio": 0.0985847222,
    "eps": 0.57,
    "epsdiluted": 0.57,
    "weightedAverageShsOut": 82598000,
    "weightedAverageShsOutDil": 82804000,
    "link": "https://www.sec.gov/Archives/edgar/data/832101/000119312512078246/0001193125-12-078246-index.htm",
    "finalLink": "https://www.sec.gov/Archives/edgar/data/832101/000119312512078246/d270136d10k.htm"
  },
  {
    "date": "2011-09-30",
    "symbol": "IEX",
    "reportedCurrency": "USD",
    "cik": "0000832101",
    "fillingDate": "2011-10-31",
    "acceptedDate": "2011-10-31 16:42:47",
    "calendarYear": "2011",
    "period": "Q3",
    "revenue": 476881000,
    "costOfRevenue": 295349000,
    "grossProfit": 181532000,
    "grossProfitRatio": 0.3806651974,
    "researchAndDevelopmentExpenses": 0,
    "generalAndAdministrativeExpenses": 107296000,
    "sellingAndMarketingExpenses": 0,
    "sellingGeneralAndAdministrativeExpenses": 107296000,
    "otherExpenses": 0,
    "operatingExpenses": 107296000,
    "costAndExpenses": 402645000,
    "interestIncome": 0,
    "interestExpense": 7763000,
    "depreciationAndAmortization": 20541000,
    "ebitda": 91404000,
    "ebitdaratio": 0.1916704587,
    "operatingIncome": 71305000,
    "operatingIncomeRatio": 0.1495236757,
    "totalOtherIncomeExpensesNet": -8204000,
    "incomeBeforeTax": 63101000,
    "incomeBeforeTaxRatio": 0.1323202224,
    "incomeTaxExpense": 14765000,
    "netIncome": 48336000,
    "netIncomeRatio": 0.1013586199,
    "eps": 0.58,
    "epsdiluted": 0.58,
    "weightedAverageShsOut": 82402000,
    "weightedAverageShsOutDil": 83586000,
    "link": "https://www.sec.gov/Archives/edgar/data/832101/000119312511288786/0001193125-11-288786-index.htm",
    "finalLink": "https://www.sec.gov/Archives/edgar/data/832101/000119312511288786/d230899d10q.htm"
  },
  {
    "date": "2011-06-30",
    "symbol": "IEX",
    "reportedCurrency": "USD",
    "cik": "0000832101",
    "fillingDate": "2011-08-08",
    "acceptedDate": "2011-08-08 17:16:36",
    "calendarYear": "2011",
    "period": "Q2",
    "revenue": 453798000,
    "costOfRevenue": 268959000,
    "grossProfit": 184839000,
    "grossProfitRatio": 0.4073155898,
    "researchAndDevelopmentExpenses": 0,
    "generalAndAdministrativeExpenses": 105210000,
    "sellingAndMarketingExpenses": 0,
    "sellingGeneralAndAdministrativeExpenses": 105210000,
    "otherExpenses": 0,
    "operatingExpenses": 105210000,
    "costAndExpenses": 374169000,
    "interestIncome": 0,
    "interestExpense": 6720000,
    "depreciationAndAmortization": 16954000,
    "ebitda": 96930000,
    "ebitdaratio": 0.2135972393,
    "operatingIncome": 79629000,
    "operatingIncomeRatio": 0.1754723467,
    "totalOtherIncomeExpensesNet": -6373000,
    "incomeBeforeTax": 73256000,
    "incomeBeforeTaxRatio": 0.1614286533,
    "incomeTaxExpense": 23074000,
    "netIncome": 50182000,
    "netIncomeRatio": 0.1105822414,
    "eps": 0.61,
    "epsdiluted": 0.6,
    "weightedAverageShsOut": 82151000,
    "weightedAverageShsOutDil": 83778000,
    "link": "https://www.sec.gov/Archives/edgar/data/832101/000095012311074497/0000950123-11-074497-index.htm",
    "finalLink": "https://www.sec.gov/Archives/edgar/data/832101/000095012311074497/c64789e10vq.htm"
  },
  {
    "date": "2011-03-31",
    "symbol": "IEX",
    "reportedCurrency": "USD",
    "cik": "0000832101",
    "fillingDate": "2011-05-03",
    "acceptedDate": "2011-05-03 14:29:34",
    "calendarYear": "2011",
    "period": "Q1",
    "revenue": 427089000,
    "costOfRevenue": 248389000,
    "grossProfit": 178700000,
    "grossProfitRatio": 0.4184139606,
    "researchAndDevelopmentExpenses": 0,
    "generalAndAdministrativeExpenses": 100979000,
    "sellingAndMarketingExpenses": 0,
    "sellingGeneralAndAdministrativeExpenses": 100979000,
    "otherExpenses": 0,
    "operatingExpenses": 100979000,
    "costAndExpenses": 349368000,
    "interestIncome": 0,
    "interestExpense": 6454000,
    "depreciationAndAmortization": 15622000,
    "ebitda": 92436000,
    "ebitdaratio": 0.2164326405,
    "operatingIncome": 77721000,
    "operatingIncomeRatio": 0.1819784635,
    "totalOtherIncomeExpensesNet": -7361000,
    "incomeBeforeTax": 70360000,
    "incomeBeforeTaxRatio": 0.16474318,
    "incomeTaxExpense": 22409000,
    "netIncome": 47951000,
    "netIncomeRatio": 0.1122740225,
    "eps": 0.58,
    "epsdiluted": 0.57,
    "weightedAverageShsOut": 81430000,
    "weightedAverageShsOutDil": 83248000,
    "link": "https://www.sec.gov/Archives/edgar/data/832101/000095012311043713/0000950123-11-043713-index.htm",
    "finalLink": "https://www.sec.gov/Archives/edgar/data/832101/000095012311043713/c64009e10vq.htm"
  },
  {
    "date": "2010-12-31",
    "symbol": "IEX",
    "reportedCurrency": "USD",
    "cik": "0000832101",
    "fillingDate": "2011-02-25",
    "acceptedDate": "2011-02-25 15:10:15",
    "calendarYear": "2010",
    "period": "Q4",
    "revenue": 405218000,
    "costOfRevenue": 243230000,
    "grossProfit": 161988000,
    "grossProfitRatio": 0.3997551935,
    "researchAndDevelopmentExpenses": 0,
    "generalAndAdministrativeExpenses": 91311000,
    "sellingAndMarketingExpenses": 0,
    "sellingGeneralAndAdministrativeExpenses": 91311000,
    "otherExpenses": 0,
    "operatingExpenses": 91311000,
    "costAndExpenses": 334541000,
    "interestIncome": 0,
    "interestExpense": 4955000,
    "depreciationAndAmortization": 13220000,
    "ebitda": 20632000,
    "ebitdaratio": 0.0509158033,
    "operatingIncome": 66004000,
    "operatingIncomeRatio": 0.162885163,
    "totalOtherIncomeExpensesNet": -5439000,
    "incomeBeforeTax": 60565000,
    "incomeBeforeTaxRatio": 0.1494627583,
    "incomeTaxExpense": 19052000,
    "netIncome": 41513000,
    "netIncomeRatio": 0.1024460907,
    "eps": 0.51,
    "epsdiluted": 0.51,
    "weightedAverageShsOut": 80898000,
    "weightedAverageShsOutDil": 81430000,
    "link": "https://www.sec.gov/Archives/edgar/data/832101/000095012311018609/0000950123-11-018609-index.htm",
    "finalLink": "https://www.sec.gov/Archives/edgar/data/832101/000095012311018609/c62090e10vk.htm"
  },
  {
    "date": "2010-09-30",
    "symbol": "IEX",
    "reportedCurrency": "USD",
    "cik": "0000832101",
    "fillingDate": "2010-11-04",
    "acceptedDate": "2010-11-03 18:35:29",
    "calendarYear": "2010",
    "period": "Q3",
    "revenue": 373731000,
    "costOfRevenue": 219598000,
    "grossProfit": 154133000,
    "grossProfitRatio": 0.4124169523,
    "researchAndDevelopmentExpenses": 0,
    "generalAndAdministrativeExpenses": 88170000,
    "sellingAndMarketingExpenses": 0,
    "sellingGeneralAndAdministrativeExpenses": 88170000,
    "otherExpenses": 0,
    "operatingExpenses": 88170000,
    "costAndExpenses": 307768000,
    "interestIncome": 0,
    "interestExpense": 4162000,
    "depreciationAndAmortization": 15235000,
    "ebitda": 76573000,
    "ebitdaratio": 0.2048880077,
    "operatingIncome": 62439000,
    "operatingIncomeRatio": 0.1670693627,
    "totalOtherIncomeExpensesNet": -5263000,
    "incomeBeforeTax": 57176000,
    "incomeBeforeTaxRatio": 0.1529870415,
    "incomeTaxExpense": 18612000,
    "netIncome": 38564000,
    "netIncomeRatio": 0.1031865165,
    "eps": 0.47,
    "epsdiluted": 0.47,
    "weightedAverageShsOut": 80517000,
    "weightedAverageShsOutDil": 81938000,
    "link": "https://www.sec.gov/Archives/edgar/data/832101/000095012310100265/0000950123-10-100265-index.htm",
    "finalLink": "https://www.sec.gov/Archives/edgar/data/832101/000095012310100265/c60371e10vq.htm"
  },
  {
    "date": "2010-06-30",
    "symbol": "IEX",
    "reportedCurrency": "USD",
    "cik": "0000832101",
    "fillingDate": "2010-08-06",
    "acceptedDate": "2010-08-06 16:02:46",
    "calendarYear": "2010",
    "period": "Q2",
    "revenue": 378526000,
    "costOfRevenue": 223705000,
    "grossProfit": 154821000,
    "grossProfitRatio": 0.4090102133,
    "researchAndDevelopmentExpenses": 0,
    "generalAndAdministrativeExpenses": 91010000,
    "sellingAndMarketingExpenses": 0,
    "sellingGeneralAndAdministrativeExpenses": 91010000,
    "otherExpenses": 0,
    "operatingExpenses": 91010000,
    "costAndExpenses": 314715000,
    "interestIncome": 0,
    "interestExpense": 3599000,
    "depreciationAndAmortization": 15369000,
    "ebitda": 78388000,
    "ebitdaratio": 0.207087492,
    "operatingIncome": 62780000,
    "operatingIncomeRatio": 0.1658538647,
    "totalOtherIncomeExpensesNet": -3360000,
    "incomeBeforeTax": 59420000,
    "incomeBeforeTaxRatio": 0.1569773278,
    "incomeTaxExpense": 19022000,
    "netIncome": 40398000,
    "netIncomeRatio": 0.1067245051,
    "eps": 0.5,
    "epsdiluted": 0.49,
    "weightedAverageShsOut": 80369000,
    "weightedAverageShsOutDil": 81800000,
    "link": "https://www.sec.gov/Archives/edgar/data/832101/000095012310074296/0000950123-10-074296-index.htm",
    "finalLink": "https://www.sec.gov/Archives/edgar/data/832101/000095012310074296/c58769e10vq.htm"
  },
  {
    "date": "2010-03-31",
    "symbol": "IEX",
    "reportedCurrency": "USD",
    "cik": "0000832101",
    "fillingDate": "2010-05-05",
    "acceptedDate": "2010-05-05 16:05:19",
    "calendarYear": "2010",
    "period": "Q1",
    "revenue": 355598000,
    "costOfRevenue": 208057000,
    "grossProfit": 147541000,
    "grossProfitRatio": 0.4149095327,
    "researchAndDevelopmentExpenses": 0,
    "generalAndAdministrativeExpenses": 87781000,
    "sellingAndMarketingExpenses": 0,
    "sellingGeneralAndAdministrativeExpenses": 87781000,
    "otherExpenses": 0,
    "operatingExpenses": 87781000,
    "costAndExpenses": 295838000,
    "interestIncome": 0,
    "interestExpense": 3434000,
    "depreciationAndAmortization": 14284000,
    "ebitda": 72431000,
    "ebitdaratio": 0.2036878723,
    "operatingIncome": 57893000,
    "operatingIncomeRatio": 0.1628046277,
    "totalOtherIncomeExpensesNet": -3180000,
    "incomeBeforeTax": 54713000,
    "incomeBeforeTaxRatio": 0.1538619452,
    "incomeTaxExpense": 18088000,
    "netIncome": 36625000,
    "netIncomeRatio": 0.1029955174,
    "eps": 0.45,
    "epsdiluted": 0.45,
    "weightedAverageShsOut": 80080000,
    "weightedAverageShsOutDil": 81509000,
    "link": "https://www.sec.gov/Archives/edgar/data/832101/000095012310044480/0000950123-10-044480-index.htm",
    "finalLink": "https://www.sec.gov/Archives/edgar/data/832101/000095012310044480/c57911e10vq.htm"
  },
  {
    "date": "2009-12-31",
    "symbol": "IEX",
    "reportedCurrency": "USD",
    "cik": "0000832101",
    "fillingDate": "2010-03-01",
    "acceptedDate": "2010-03-01 13:51:11",
    "calendarYear": "2009",
    "period": "Q4",
    "revenue": 343344000,
    "costOfRevenue": 204311000,
    "grossProfit": 139033000,
    "grossProfitRatio": 0.4049379048,
    "researchAndDevelopmentExpenses": 0,
    "generalAndAdministrativeExpenses": 82766000,
    "sellingAndMarketingExpenses": 0,
    "sellingGeneralAndAdministrativeExpenses": 82766000,
    "otherExpenses": 0,
    "operatingExpenses": 82766000,
    "costAndExpenses": 287077000,
    "interestIncome": 0,
    "interestExpense": 3966000,
    "depreciationAndAmortization": 14453000,
    "ebitda": 10893000,
    "ebitdaratio": 0.0317261988,
    "operatingIncome": 52441000,
    "operatingIncomeRatio": 0.1527360315,
    "totalOtherIncomeExpensesNet": -3621000,
    "incomeBeforeTax": 48820000,
    "incomeBeforeTaxRatio": 0.1421897572,
    "incomeTaxExpense": 15733000,
    "netIncome": 33087000,
    "netIncomeRatio": 0.096366909,
    "eps": 0.41,
    "epsdiluted": 0.41,
    "weightedAverageShsOut": 79938000,
    "weightedAverageShsOutDil": 80080000,
    "link": "https://www.sec.gov/Archives/edgar/data/832101/000095012310019117/0000950123-10-019117-index.htm",
    "finalLink": "https://www.sec.gov/Archives/edgar/data/832101/000095012310019117/c55886e10vk.htm"
  },
  {
    "date": "2009-09-30",
    "symbol": "IEX",
    "reportedCurrency": "USD",
    "cik": "0000832101",
    "fillingDate": "2009-11-04",
    "acceptedDate": "2009-11-04 15:47:05",
    "calendarYear": "2009",
    "period": "Q3",
    "revenue": 323249000,
    "costOfRevenue": 194191000,
    "grossProfit": 129058000,
    "grossProfitRatio": 0.3992525886,
    "researchAndDevelopmentExpenses": 0,
    "generalAndAdministrativeExpenses": 79789000,
    "sellingAndMarketingExpenses": 0,
    "sellingGeneralAndAdministrativeExpenses": 79789000,
    "otherExpenses": 0,
    "operatingExpenses": 79789000,
    "costAndExpenses": 273980000,
    "interestIncome": 0,
    "interestExpense": 3951000,
    "depreciationAndAmortization": 14135000,
    "ebitda": 62034000,
    "ebitdaratio": 0.1919077863,
    "operatingIncome": 46517000,
    "operatingIncomeRatio": 0.1439045442,
    "totalOtherIncomeExpensesNet": -2569000,
    "incomeBeforeTax": 43948000,
    "incomeBeforeTaxRatio": 0.1359571105,
    "incomeTaxExpense": 14171000,
    "netIncome": 29777000,
    "netIncomeRatio": 0.092117841,
    "eps": 0.37,
    "epsdiluted": 0.37,
    "weightedAverageShsOut": 79740000,
    "weightedAverageShsOutDil": 80879000,
    "link": "https://www.sec.gov/Archives/edgar/data/832101/000095012309057549/0000950123-09-057549-index.htm",
    "finalLink": "https://www.sec.gov/Archives/edgar/data/832101/000095012309057549/c54428e10vq.htm"
  },
  {
    "date": "2009-06-30",
    "symbol": "IEX",
    "reportedCurrency": "USD",
    "cik": "0000832101",
    "fillingDate": "2009-08-06",
    "acceptedDate": "2009-08-06 16:37:44",
    "calendarYear": "2009",
    "period": "Q2",
    "revenue": 336455000,
    "costOfRevenue": 205354000,
    "grossProfit": 131101000,
    "grossProfitRatio": 0.3896538913,
    "researchAndDevelopmentExpenses": 0,
    "generalAndAdministrativeExpenses": 81116000,
    "sellingAndMarketingExpenses": 0,
    "sellingGeneralAndAdministrativeExpenses": 81116000,
    "otherExpenses": 0,
    "operatingExpenses": 81116000,
    "costAndExpenses": 286470000,
    "interestIncome": 0,
    "interestExpense": 4440000,
    "depreciationAndAmortization": 14164000,
    "ebitda": 60514000,
    "ebitdaratio": 0.1798576333,
    "operatingIncome": 46735000,
    "operatingIncomeRatio": 0.1389041625,
    "totalOtherIncomeExpensesNet": -4825000,
    "incomeBeforeTax": 41910000,
    "incomeBeforeTaxRatio": 0.1245634632,
    "incomeTaxExpense": 13988000,
    "netIncome": 27922000,
    "netIncomeRatio": 0.0829888098,
    "eps": 0.35,
    "epsdiluted": 0.34,
    "weightedAverageShsOut": 79675000,
    "weightedAverageShsOutDil": 80507000,
    "link": "https://www.sec.gov/Archives/edgar/data/832101/000095012309031231/0000950123-09-031231-index.htm",
    "finalLink": "https://www.sec.gov/Archives/edgar/data/832101/000095012309031231/c52863e10vq.htm"
  },
  {
    "date": "2009-03-31",
    "symbol": "IEX",
    "reportedCurrency": "USD",
    "cik": "0000832101",
    "fillingDate": "2009-05-08",
    "acceptedDate": "2009-05-07 20:09:28",
    "calendarYear": "2009",
    "period": "Q1",
    "revenue": 326613000,
    "costOfRevenue": 203419000,
    "grossProfit": 123194000,
    "grossProfitRatio": 0.3771864561,
    "researchAndDevelopmentExpenses": 0,
    "generalAndAdministrativeExpenses": 81782000,
    "sellingAndMarketingExpenses": 0,
    "sellingGeneralAndAdministrativeExpenses": 81782000,
    "otherExpenses": 0,
    "operatingExpenses": 81782000,
    "costAndExpenses": 285201000,
    "interestIncome": 0,
    "interestExpense": 4821000,
    "depreciationAndAmortization": 13594000,
    "ebitda": 52564000,
    "ebitdaratio": 0.1609366437,
    "operatingIncome": 39161000,
    "operatingIncomeRatio": 0.1199003102,
    "totalOtherIncomeExpensesNet": -5012000,
    "incomeBeforeTax": 34149000,
    "incomeBeforeTaxRatio": 0.104554932,
    "incomeTaxExpense": 11544000,
    "netIncome": 22605000,
    "netIncomeRatio": 0.0692103499,
    "eps": 0.28,
    "epsdiluted": 0.28,
    "weightedAverageShsOut": 79513000,
    "weightedAverageShsOutDil": 80219000,
    "link": "https://www.sec.gov/Archives/edgar/data/832101/000095015209004927/0000950152-09-004927-index.htm",
    "finalLink": "https://www.sec.gov/Archives/edgar/data/832101/000095015209004927/c51157e10vq.htm"
  },
  {
    "date": "2008-12-31",
    "symbol": "IEX",
    "reportedCurrency": "USD",
    "cik": "0000832101",
    "fillingDate": "2009-03-02",
    "acceptedDate": "2009-02-27 18:38:51",
    "calendarYear": "2008",
    "period": "Q4",
    "revenue": 355306000,
    "costOfRevenue": 216169000,
    "grossProfit": 139137000,
    "grossProfitRatio": 0.3915976651,
    "researchAndDevelopmentExpenses": 0,
    "generalAndAdministrativeExpenses": 85310000,
    "sellingAndMarketingExpenses": 0,
    "sellingGeneralAndAdministrativeExpenses": 85310000,
    "otherExpenses": 0,
    "operatingExpenses": 85310000,
    "costAndExpenses": 301479000,
    "interestIncome": 0,
    "interestExpense": 18852000,
    "depreciationAndAmortization": 13507000,
    "ebitda": 67334000,
    "ebitdaratio": 0.1895098873,
    "operatingIncome": 41108000,
    "operatingIncomeRatio": 0.1156974552,
    "totalOtherIncomeExpensesNet": -3995000,
    "incomeBeforeTax": 37113000,
    "incomeBeforeTaxRatio": 0.1044536259,
    "incomeTaxExpense": 12261000,
    "netIncome": 24852000,
    "netIncomeRatio": 0.0699453429,
    "eps": 0.31,
    "epsdiluted": 0.31,
    "weightedAverageShsOut": 79513000,
    "weightedAverageShsOutDil": 79513000,
    "link": "https://www.sec.gov/Archives/edgar/data/832101/000095013709001391/0000950137-09-001391-index.htm",
    "finalLink": "https://www.sec.gov/Archives/edgar/data/832101/000095013709001391/c48949e10vk.htm"
  },
  {
    "date": "2008-09-30",
    "symbol": "IEX",
    "reportedCurrency": "USD",
    "cik": "0000832101",
    "fillingDate": "2008-11-10",
    "acceptedDate": "2008-11-10 16:40:04",
    "calendarYear": "2008",
    "period": "Q3",
    "revenue": 365193000,
    "costOfRevenue": 218796000,
    "grossProfit": 146397000,
    "grossProfitRatio": 0.4008757013,
    "researchAndDevelopmentExpenses": 0,
    "generalAndAdministrativeExpenses": 81614000,
    "sellingAndMarketingExpenses": 0,
    "sellingGeneralAndAdministrativeExpenses": 81614000,
    "otherExpenses": 30090000,
    "operatingExpenses": 111704000,
    "costAndExpenses": 330500000,
    "interestIncome": 0,
    "interestExpense": 3861000,
    "depreciationAndAmortization": 10724000,
    "ebitda": 45417000,
    "ebitdaratio": 0.1243643772,
    "operatingIncome": 29417000,
    "operatingIncomeRatio": 0.0805519273,
    "totalOtherIncomeExpensesNet": -1138000,
    "incomeBeforeTax": 28279000,
    "incomeBeforeTaxRatio": 0.0774357668,
    "incomeTaxExpense": 9204000,
    "netIncome": 19075000,
    "netIncomeRatio": 0.0522326551,
    "eps": 0.23,
    "epsdiluted": 0.23,
    "weightedAverageShsOut": 81572000,
    "weightedAverageShsOutDil": 82957000,
    "link": "https://www.sec.gov/Archives/edgar/data/832101/000095013708013606/0000950137-08-013606-index.htm",
    "finalLink": "https://www.sec.gov/Archives/edgar/data/832101/000095013708013606/c47395e10vq.htm"
  },
  {
    "date": "2008-06-30",
    "symbol": "IEX",
    "reportedCurrency": "USD",
    "cik": "0000832101",
    "fillingDate": "2008-08-07",
    "acceptedDate": "2008-08-07 17:25:01",
    "calendarYear": "2008",
    "period": "Q2",
    "revenue": 397310000,
    "costOfRevenue": 234102000,
    "grossProfit": 163208000,
    "grossProfitRatio": 0.4107825124,
    "researchAndDevelopmentExpenses": 0,
    "generalAndAdministrativeExpenses": 89400000,
    "sellingAndMarketingExpenses": 0,
    "sellingGeneralAndAdministrativeExpenses": 89400000,
    "otherExpenses": 0,
    "operatingExpenses": 89400000,
    "costAndExpenses": 323502000,
    "interestIncome": 0,
    "interestExpense": 4092000,
    "depreciationAndAmortization": 12223000,
    "ebitda": 73808000,
    "ebitdaratio": 0.1857692985,
    "operatingIncome": 73808000,
    "operatingIncomeRatio": 0.1857692985,
    "totalOtherIncomeExpensesNet": -3105000,
    "incomeBeforeTax": 70703000,
    "incomeBeforeTaxRatio": 0.1779542423,
    "incomeTaxExpense": 24649000,
    "netIncome": 46054000,
    "netIncomeRatio": 0.1159145252,
    "eps": 0.57,
    "epsdiluted": 0.56,
    "weightedAverageShsOut": 81322000,
    "weightedAverageShsOutDil": 82746000,
    "link": "https://www.sec.gov/Archives/edgar/data/832101/000095013708010399/0000950137-08-010399-index.htm",
    "finalLink": "https://www.sec.gov/Archives/edgar/data/832101/000095013708010399/c34189e10vq.htm"
  },
  {
    "date": "2008-03-31",
    "symbol": "IEX",
    "reportedCurrency": "USD",
    "cik": "0000832101",
    "fillingDate": "2008-05-08",
    "acceptedDate": "2008-05-08 13:02:13",
    "calendarYear": "2008",
    "period": "Q1",
    "revenue": 371662000,
    "costOfRevenue": 216495000,
    "grossProfit": 155167000,
    "grossProfitRatio": 0.4174949282,
    "researchAndDevelopmentExpenses": 0,
    "generalAndAdministrativeExpenses": 87068000,
    "sellingAndMarketingExpenses": 0,
    "sellingGeneralAndAdministrativeExpenses": 87068000,
    "otherExpenses": 0,
    "operatingExpenses": 87068000,
    "costAndExpenses": 303563000,
    "interestIncome": 0,
    "interestExpense": 5666000,
    "depreciationAndAmortization": 12145000,
    "ebitda": 68099000,
    "ebitdaratio": 0.1832283096,
    "operatingIncome": 68099000,
    "operatingIncomeRatio": 0.1832283096,
    "totalOtherIncomeExpensesNet": -5491000,
    "incomeBeforeTax": 62608000,
    "incomeBeforeTaxRatio": 0.1684541331,
    "incomeTaxExpense": 21229000,
    "netIncome": 41379000,
    "netIncomeRatio": 0.1113350302,
    "eps": 0.51,
    "epsdiluted": 0.5,
    "weightedAverageShsOut": 81067000,
    "weightedAverageShsOutDil": 82288000,
    "link": "https://www.sec.gov/Archives/edgar/data/832101/000095013708007035/0000950137-08-007035-index.htm",
    "finalLink": "https://www.sec.gov/Archives/edgar/data/832101/000095013708007035/c26459e10vq.htm"
  },
  {
    "date": "2007-12-31",
    "symbol": "IEX",
    "reportedCurrency": "USD",
    "cik": "0000832101",
    "fillingDate": "2008-02-29",
    "acceptedDate": "2008-02-29 14:32:52",
    "calendarYear": "2007",
    "period": "Q4",
    "revenue": 345997000,
    "costOfRevenue": 202411000,
    "grossProfit": 143586000,
    "grossProfitRatio": 0.4149920375,
    "researchAndDevelopmentExpenses": 0,
    "generalAndAdministrativeExpenses": 82068000,
    "sellingAndMarketingExpenses": 0,
    "sellingGeneralAndAdministrativeExpenses": 82068000,
    "otherExpenses": 0,
    "operatingExpenses": 82068000,
    "costAndExpenses": 284479000,
    "interestIncome": 0,
    "interestExpense": 0,
    "depreciationAndAmortization": 9848000,
    "ebitda": 71366000,
    "ebitdaratio": 0.206261904,
    "operatingIncome": 61518000,
    "operatingIncomeRatio": 0.1777992295,
    "totalOtherIncomeExpensesNet": -3476000,
    "incomeBeforeTax": 58042000,
    "incomeBeforeTaxRatio": 0.1677528996,
    "incomeTaxExpense": 19661000,
    "netIncome": 38436000,
    "netIncomeRatio": 0.1110876684,
    "eps": 0.47,
    "epsdiluted": 0.47,
    "weightedAverageShsOut": 80975000,
    "weightedAverageShsOutDil": 81067000,
    "link": "https://www.sec.gov/Archives/edgar/data/832101/000095013708003071/0000950137-08-003071-index.htm",
    "finalLink": "https://www.sec.gov/Archives/edgar/data/832101/000095013708003071/c23660e10vk.txt"
  },
  {
    "date": "2007-09-30",
    "symbol": "IEX",
    "reportedCurrency": "USD",
    "cik": "0000832101",
    "fillingDate": "2007-11-08",
    "acceptedDate": "2007-11-08 17:15:58",
    "calendarYear": "2007",
    "period": "Q3",
    "revenue": 334884000,
    "costOfRevenue": 197219000,
    "grossProfit": 137665000,
    "grossProfitRatio": 0.4110826435,
    "researchAndDevelopmentExpenses": 0,
    "generalAndAdministrativeExpenses": 74517000,
    "sellingAndMarketingExpenses": 0,
    "sellingGeneralAndAdministrativeExpenses": 74517000,
    "otherExpenses": 0,
    "operatingExpenses": 74517000,
    "costAndExpenses": 271736000,
    "interestIncome": 0,
    "interestExpense": 0,
    "depreciationAndAmortization": 9941000,
    "ebitda": 73089000,
    "ebitdaratio": 0.2182516931,
    "operatingIncome": 63148000,
    "operatingIncomeRatio": 0.1885667873,
    "totalOtherIncomeExpensesNet": -5100000,
    "incomeBeforeTax": 58048000,
    "incomeBeforeTaxRatio": 0.1733376333,
    "incomeTaxExpense": 19231000,
    "netIncome": 38412000,
    "netIncomeRatio": 0.1147024044,
    "eps": 0.48,
    "epsdiluted": 0.47,
    "weightedAverageShsOut": 80832000,
    "weightedAverageShsOutDil": 82311000,
    "link": "https://www.sec.gov/Archives/edgar/data/832101/000095013707016840/0000950137-07-016840-index.htm",
    "finalLink": "https://www.sec.gov/Archives/edgar/data/832101/000095013707016840/c21042e10vq.txt"
  },
  {
    "date": "2007-06-30",
    "symbol": "IEX",
    "reportedCurrency": "USD",
    "cik": "0000832101",
    "fillingDate": "2007-08-07",
    "acceptedDate": "2007-08-07 17:10:34",
    "calendarYear": "2007",
    "period": "Q2",
    "revenue": 344482000,
    "costOfRevenue": 196948000,
    "grossProfit": 147534000,
    "grossProfitRatio": 0.42827782,
    "researchAndDevelopmentExpenses": 0,
    "generalAndAdministrativeExpenses": 78669000,
    "sellingAndMarketingExpenses": 0,
    "sellingGeneralAndAdministrativeExpenses": 78669000,
    "otherExpenses": 0,
    "operatingExpenses": 78669000,
    "costAndExpenses": 275617000,
    "interestIncome": 0,
    "interestExpense": 0,
    "depreciationAndAmortization": 9455000,
    "ebitda": 78320000,
    "ebitdaratio": 0.227355856,
    "operatingIncome": 68865000,
    "operatingIncomeRatio": 0.1999088486,
    "totalOtherIncomeExpensesNet": -5537000,
    "incomeBeforeTax": 63328000,
    "incomeBeforeTaxRatio": 0.1838354399,
    "incomeTaxExpense": 21493000,
    "netIncome": 41630000,
    "netIncomeRatio": 0.120848114,
    "eps": 0.52,
    "epsdiluted": 0.51,
    "weightedAverageShsOut": 80595000,
    "weightedAverageShsOutDil": 82046000,
    "link": "https://www.sec.gov/Archives/edgar/data/832101/000095013707011592/0000950137-07-011592-index.htm",
    "finalLink": "https://www.sec.gov/Archives/edgar/data/832101/000095013707011592/c17444e10vq.txt"
  },
  {
    "date": "2007-03-31",
    "symbol": "IEX",
    "reportedCurrency": "USD",
    "cik": "0000832101",
    "fillingDate": "2007-05-07",
    "acceptedDate": "2007-05-07 17:12:41",
    "calendarYear": "2007",
    "period": "Q1",
    "revenue": 333268000,
    "costOfRevenue": 193604000,
    "grossProfit": 139664000,
    "grossProfitRatio": 0.4190741385,
    "researchAndDevelopmentExpenses": 0,
    "generalAndAdministrativeExpenses": 78112000,
    "sellingAndMarketingExpenses": 0,
    "sellingGeneralAndAdministrativeExpenses": 78112000,
    "otherExpenses": 0,
    "operatingExpenses": 78112000,
    "costAndExpenses": 271716000,
    "interestIncome": 0,
    "interestExpense": 0,
    "depreciationAndAmortization": 9254000,
    "ebitda": 70806000,
    "ebitdaratio": 0.2124596421,
    "operatingIncome": 61552000,
    "operatingIncomeRatio": 0.1846921997,
    "totalOtherIncomeExpensesNet": -5806000,
    "incomeBeforeTax": 55746000,
    "incomeBeforeTaxRatio": 0.1672707851,
    "incomeTaxExpense": 18915000,
    "netIncome": 36667000,
    "netIncomeRatio": 0.1100225644,
    "eps": 0.46,
    "epsdiluted": 0.45,
    "weightedAverageShsOut": 80264000,
    "weightedAverageShsOutDil": 81677000,
    "link": "https://www.sec.gov/Archives/edgar/data/832101/000095013707006915/0000950137-07-006915-index.htm",
    "finalLink": "https://www.sec.gov/Archives/edgar/data/832101/000095013707006915/c14848e10vq.txt"
  },
  {
    "date": "2006-12-31",
    "symbol": "IEX",
    "reportedCurrency": "USD",
    "cik": "0000832101",
    "fillingDate": "2007-03-01",
    "acceptedDate": "2007-03-01 17:07:09",
    "calendarYear": "2006",
    "period": "Q4",
    "revenue": 302131000,
    "costOfRevenue": 176543000,
    "grossProfit": 125588000,
    "grossProfitRatio": 0.4156739957,
    "researchAndDevelopmentExpenses": 0,
    "generalAndAdministrativeExpenses": 66557000,
    "sellingAndMarketingExpenses": 0,
    "sellingGeneralAndAdministrativeExpenses": 66557000,
    "otherExpenses": 0,
    "operatingExpenses": 66557000,
    "costAndExpenses": 243100000,
    "interestIncome": 0,
    "interestExpense": 0,
    "depreciationAndAmortization": 9383000,
    "ebitda": 68414000,
    "ebitdaratio": 0.2264382006,
    "operatingIncome": 59031000,
    "operatingIncomeRatio": 0.1953821356,
    "totalOtherIncomeExpensesNet": -5715000,
    "incomeBeforeTax": 53316000,
    "incomeBeforeTaxRatio": 0.1764664996,
    "incomeTaxExpense": 17127000,
    "netIncome": 35641000,
    "netIncomeRatio": 0.1179653859,
    "eps": 0.44,
    "epsdiluted": 0.44,
    "weightedAverageShsOut": 79941000,
    "weightedAverageShsOutDil": 80263500,
    "link": "https://www.sec.gov/Archives/edgar/data/832101/000095013707003137/0000950137-07-003137-index.htm",
    "finalLink": "https://www.sec.gov/Archives/edgar/data/832101/000095013707003137/c12786e10vk.txt"
  },
  {
    "date": "2006-09-30",
    "symbol": "IEX",
    "reportedCurrency": "USD",
    "cik": "0000832101",
    "fillingDate": "2006-11-08",
    "acceptedDate": "2006-11-08 17:24:15",
    "calendarYear": "2006",
    "period": "Q3",
    "revenue": 289848000,
    "costOfRevenue": 171083000,
    "grossProfit": 118765000,
    "grossProfitRatio": 0.4097492479,
    "researchAndDevelopmentExpenses": 0,
    "generalAndAdministrativeExpenses": 64352000,
    "sellingAndMarketingExpenses": 0,
    "sellingGeneralAndAdministrativeExpenses": 64352000,
    "otherExpenses": 0,
    "operatingExpenses": 64352000,
    "costAndExpenses": 235435000,
    "interestIncome": 0,
    "interestExpense": 0,
    "depreciationAndAmortization": 6660000,
    "ebitda": 61073000,
    "ebitdaratio": 0.2107069913,
    "operatingIncome": 54413000,
    "operatingIncomeRatio": 0.1877294306,
    "totalOtherIncomeExpensesNet": -2865000,
    "incomeBeforeTax": 51548000,
    "incomeBeforeTaxRatio": 0.1778449394,
    "incomeTaxExpense": 18215000,
    "netIncome": 45996000,
    "netIncomeRatio": 0.158690072,
    "eps": 0.58,
    "epsdiluted": 0.57,
    "weightedAverageShsOut": 79689000,
    "weightedAverageShsOutDil": 80957000,
    "link": "https://www.sec.gov/Archives/edgar/data/832101/000095013706012075/0000950137-06-012075-index.htm",
    "finalLink": "https://www.sec.gov/Archives/edgar/data/832101/000095013706012075/c09822e10vq.txt"
  },
  {
    "date": "2006-06-30",
    "symbol": "IEX",
    "reportedCurrency": "USD",
    "cik": "0000832101",
    "fillingDate": "2006-08-09",
    "acceptedDate": "2006-08-08 17:59:00",
    "calendarYear": "2006",
    "period": "Q2",
    "revenue": 297169000,
    "costOfRevenue": 174156000,
    "grossProfit": 123013000,
    "grossProfitRatio": 0.4139496381,
    "researchAndDevelopmentExpenses": 0,
    "generalAndAdministrativeExpenses": 67400000,
    "sellingAndMarketingExpenses": 0,
    "sellingGeneralAndAdministrativeExpenses": 67400000,
    "otherExpenses": 0,
    "operatingExpenses": 67400000,
    "costAndExpenses": 241556000,
    "interestIncome": 0,
    "interestExpense": 0,
    "depreciationAndAmortization": 7766000,
    "ebitda": 63575000,
    "ebitdaratio": 0.2139355047,
    "operatingIncome": 55613000,
    "operatingIncomeRatio": 0.1871426697,
    "totalOtherIncomeExpensesNet": -3819000,
    "incomeBeforeTax": 51794000,
    "incomeBeforeTaxRatio": 0.1742913965,
    "incomeTaxExpense": 17382000,
    "netIncome": 34956000,
    "netIncomeRatio": 0.1176300354,
    "eps": 0.44,
    "epsdiluted": 0.43,
    "weightedAverageShsOut": 79521000,
    "weightedAverageShsOutDil": 81043500,
    "link": "https://www.sec.gov/Archives/edgar/data/832101/000095013706008859/0000950137-06-008859-index.htm",
    "finalLink": "https://www.sec.gov/Archives/edgar/data/832101/000095013706008859/c07599e10vq.txt"
  },
  {
    "date": "2006-03-31",
    "symbol": "IEX",
    "reportedCurrency": "USD",
    "cik": "0000832101",
    "fillingDate": "2006-05-01",
    "acceptedDate": "2006-05-01 17:11:26",
    "calendarYear": "2006",
    "period": "Q1",
    "revenue": 275071000,
    "costOfRevenue": 161961000,
    "grossProfit": 113110000,
    "grossProfitRatio": 0.4112029258,
    "researchAndDevelopmentExpenses": 0,
    "generalAndAdministrativeExpenses": 64649000,
    "sellingAndMarketingExpenses": 0,
    "sellingGeneralAndAdministrativeExpenses": 64649000,
    "otherExpenses": 0,
    "operatingExpenses": 64649000,
    "costAndExpenses": 226610000,
    "interestIncome": 0,
    "interestExpense": 0,
    "depreciationAndAmortization": 6603000,
    "ebitda": 54185000,
    "ebitdaratio": 0.1969855056,
    "operatingIncome": 48461000,
    "operatingIncomeRatio": 0.1761763327,
    "totalOtherIncomeExpensesNet": -2930000,
    "incomeBeforeTax": 45573000,
    "incomeBeforeTaxRatio": 0.1656772252,
    "incomeTaxExpense": 15495000,
    "netIncome": 30078000,
    "netIncomeRatio": 0.1093463142,
    "eps": 0.38,
    "epsdiluted": 0.37,
    "weightedAverageShsOut": 78955500,
    "weightedAverageShsOutDil": 80785500,
    "link": "https://www.sec.gov/Archives/edgar/data/832101/000095013706005193/0000950137-06-005193-index.htm",
    "finalLink": "https://www.sec.gov/Archives/edgar/data/832101/000095013706005193/c04822e10vq.txt"
  },
  {
    "date": "2005-12-31",
    "symbol": "IEX",
    "reportedCurrency": "USD",
    "cik": "0000832101",
    "fillingDate": "2006-03-06",
    "acceptedDate": "2006-03-06 17:23:05",
    "calendarYear": "2005",
    "period": "Q4",
    "revenue": 261529000,
    "costOfRevenue": 155335000,
    "grossProfit": 106194000,
    "grossProfitRatio": 0.4060505718,
    "researchAndDevelopmentExpenses": 0,
    "generalAndAdministrativeExpenses": 58883000,
    "sellingAndMarketingExpenses": 0,
    "sellingGeneralAndAdministrativeExpenses": 58883000,
    "otherExpenses": 0,
    "operatingExpenses": 58883000,
    "costAndExpenses": 214218000,
    "interestIncome": 0,
    "interestExpense": 0,
    "depreciationAndAmortization": 7368000,
    "ebitda": 54679000,
    "ebitdaratio": 0.2090743283,
    "operatingIncome": 47311000,
    "operatingIncomeRatio": 0.1809015444,
    "totalOtherIncomeExpensesNet": -3142000,
    "incomeBeforeTax": 44169000,
    "incomeBeforeTaxRatio": 0.1688875803,
    "incomeTaxExpense": 15459000,
    "netIncome": 28710000,
    "netIncomeRatio": 0.1097775008,
    "eps": 0.36,
    "epsdiluted": 0.36,
    "weightedAverageShsOut": 78460500,
    "weightedAverageShsOutDil": 78955500,
    "link": "https://www.sec.gov/Archives/edgar/data/832101/000095013706002615/0000950137-06-002615-index.htm",
    "finalLink": "https://www.sec.gov/Archives/edgar/data/832101/000095013706002615/c02997e10vk.txt"
  },
  {
    "date": "2005-09-30",
    "symbol": "IEX",
    "reportedCurrency": "USD",
    "cik": "0000832101",
    "fillingDate": "2005-11-09",
    "acceptedDate": "2005-11-09 16:48:35",
    "calendarYear": "2005",
    "period": "Q3",
    "revenue": 257930000,
    "costOfRevenue": 153886000,
    "grossProfit": 104044000,
    "grossProfitRatio": 0.4033807622,
    "researchAndDevelopmentExpenses": 0,
    "generalAndAdministrativeExpenses": 57395000,
    "sellingAndMarketingExpenses": 0,
    "sellingGeneralAndAdministrativeExpenses": 57395000,
    "otherExpenses": 0,
    "operatingExpenses": 57395000,
    "costAndExpenses": 211281000,
    "interestIncome": 0,
    "interestExpense": 0,
    "depreciationAndAmortization": 7334000,
    "ebitda": 52304000,
    "ebitdaratio": 0.202783701,
    "operatingIncome": 46649000,
    "operatingIncomeRatio": 0.1808591478,
    "totalOtherIncomeExpensesNet": -3400000,
    "incomeBeforeTax": 43242000,
    "incomeBeforeTaxRatio": 0.1676501376,
    "incomeTaxExpense": 14727000,
    "netIncome": 28515000,
    "netIncomeRatio": 0.1105532509,
    "eps": 0.37,
    "epsdiluted": 0.36,
    "weightedAverageShsOut": 77427000,
    "weightedAverageShsOutDil": 79606500,
    "link": "https://www.sec.gov/Archives/edgar/data/832101/000095013705013577/0000950137-05-013577-index.htm",
    "finalLink": "https://www.sec.gov/Archives/edgar/data/832101/000095013705013577/c99741e10vq.txt"
  },
  {
    "date": "2005-06-30",
    "symbol": "IEX",
    "reportedCurrency": "USD",
    "cik": "0000832101",
    "fillingDate": "2005-08-08",
    "acceptedDate": "2005-08-08 17:12:40",
    "calendarYear": "2005",
    "period": "Q2",
    "revenue": 271758000,
    "costOfRevenue": 160109000,
    "grossProfit": 111649000,
    "grossProfitRatio": 0.4108397913,
    "researchAndDevelopmentExpenses": 0,
    "generalAndAdministrativeExpenses": 63517000,
    "sellingAndMarketingExpenses": 0,
    "sellingGeneralAndAdministrativeExpenses": 63517000,
    "otherExpenses": 0,
    "operatingExpenses": 63517000,
    "costAndExpenses": 223626000,
    "interestIncome": 0,
    "interestExpense": 0,
    "depreciationAndAmortization": 7928000,
    "ebitda": 54329000,
    "ebitdaratio": 0.1999168378,
    "operatingIncome": 48132000,
    "operatingIncomeRatio": 0.1771134612,
    "totalOtherIncomeExpensesNet": -3019000,
    "incomeBeforeTax": 44571000,
    "incomeBeforeTaxRatio": 0.1640098912,
    "incomeTaxExpense": 15638000,
    "netIncome": 28933000,
    "netIncomeRatio": 0.106466047,
    "eps": 0.38,
    "epsdiluted": 0.37,
    "weightedAverageShsOut": 76444500,
    "weightedAverageShsOutDil": 78961500,
    "link": "https://www.sec.gov/Archives/edgar/data/832101/000095013705009810/0000950137-05-009810-index.htm",
    "finalLink": "https://www.sec.gov/Archives/edgar/data/832101/000095013705009810/c97455e10vq.txt"
  },
  {
    "date": "2005-03-31",
    "symbol": "IEX",
    "reportedCurrency": "USD",
    "cik": "0000832101",
    "fillingDate": "2005-05-06",
    "acceptedDate": "2005-05-06 16:55:57",
    "calendarYear": "2005",
    "period": "Q1",
    "revenue": 252058000,
    "costOfRevenue": 150101000,
    "grossProfit": 101957000,
    "grossProfitRatio": 0.4044981711,
    "researchAndDevelopmentExpenses": 0,
    "generalAndAdministrativeExpenses": 61262000,
    "sellingAndMarketingExpenses": 0,
    "sellingGeneralAndAdministrativeExpenses": 61262000,
    "otherExpenses": 0,
    "operatingExpenses": 61262000,
    "costAndExpenses": 211363000,
    "interestIncome": 0,
    "interestExpense": 0,
    "depreciationAndAmortization": 8021000,
    "ebitda": 47978000,
    "ebitdaratio": 0.1903450793,
    "operatingIncome": 40695000,
    "operatingIncomeRatio": 0.1614509359,
    "totalOtherIncomeExpensesNet": -3749000,
    "incomeBeforeTax": 36946000,
    "incomeBeforeTaxRatio": 0.146577375,
    "incomeTaxExpense": 13301000,
    "netIncome": 23645000,
    "netIncomeRatio": 0.0938077744,
    "eps": 0.31,
    "epsdiluted": 0.3,
    "weightedAverageShsOut": 76018500,
    "weightedAverageShsOutDil": 78574500,
    "link": "https://www.sec.gov/Archives/edgar/data/832101/000095013705005525/0000950137-05-005525-index.htm",
    "finalLink": "https://www.sec.gov/Archives/edgar/data/832101/000095013705005525/c95009e10vq.txt"
  },
  {
    "date": "2004-12-31",
    "symbol": "IEX",
    "reportedCurrency": "USD",
    "cik": "0000832101",
    "fillingDate": "2005-02-28",
    "acceptedDate": "2005-02-28 17:15:47",
    "calendarYear": "2004",
    "period": "Q4",
    "revenue": 242550000,
    "costOfRevenue": 146397000,
    "grossProfit": 96153000,
    "grossProfitRatio": 0.3964254793,
    "researchAndDevelopmentExpenses": 0,
    "generalAndAdministrativeExpenses": 57830000,
    "sellingAndMarketingExpenses": 0,
    "sellingGeneralAndAdministrativeExpenses": 57830000,
    "otherExpenses": 0,
    "operatingExpenses": 57830000,
    "costAndExpenses": 204227000,
    "interestIncome": 0,
    "interestExpense": 0,
    "depreciationAndAmortization": 7759000,
    "ebitda": 46082000,
    "ebitdaratio": 0.1899896928,
    "operatingIncome": 38323000,
    "operatingIncomeRatio": 0.1580004123,
    "totalOtherIncomeExpensesNet": -3988000,
    "incomeBeforeTax": 34335000,
    "incomeBeforeTaxRatio": 0.1415584416,
    "incomeTaxExpense": 11674000,
    "netIncome": 22661000,
    "netIncomeRatio": 0.0934281591,
    "eps": 0.3,
    "epsdiluted": 0.3,
    "weightedAverageShsOut": 75696500,
    "weightedAverageShsOutDil": 76018500,
    "link": "https://www.sec.gov/Archives/edgar/data/832101/000095013705002422/0000950137-05-002422-index.htm",
    "finalLink": "https://www.sec.gov/Archives/edgar/data/832101/000095013705002422/c92427e10vk.txt"
  },
  {
    "date": "2004-09-30",
    "symbol": "IEX",
    "reportedCurrency": "USD",
    "cik": "0000832101",
    "fillingDate": "2004-11-03",
    "acceptedDate": "2004-11-03 16:01:43",
    "calendarYear": "2004",
    "period": "Q3",
    "revenue": 237557000,
    "costOfRevenue": 142568000,
    "grossProfit": 94989000,
    "grossProfitRatio": 0.3998577184,
    "researchAndDevelopmentExpenses": 0,
    "generalAndAdministrativeExpenses": 55028000,
    "sellingAndMarketingExpenses": 0,
    "sellingGeneralAndAdministrativeExpenses": 55028000,
    "otherExpenses": 0,
    "operatingExpenses": 55028000,
    "costAndExpenses": 197596000,
    "interestIncome": 0,
    "interestExpense": 0,
    "depreciationAndAmortization": 8095000,
    "ebitda": 48056000,
    "ebitdaratio": 0.2022925024,
    "operatingIncome": 39961000,
    "operatingIncomeRatio": 0.1682164702,
    "totalOtherIncomeExpensesNet": -4240000,
    "incomeBeforeTax": 35721000,
    "incomeBeforeTaxRatio": 0.1503681222,
    "incomeTaxExpense": 12502000,
    "netIncome": 23219000,
    "netIncomeRatio": 0.0977407527,
    "eps": 0.31,
    "epsdiluted": 0.29,
    "weightedAverageShsOut": 75439500,
    "weightedAverageShsOutDil": 78600000,
    "link": "https://www.sec.gov/Archives/edgar/data/832101/000095013704009371/0000950137-04-009371-index.htm",
    "finalLink": "https://www.sec.gov/Archives/edgar/data/832101/000095013704009371/c89344e10vq.txt"
  },
  {
    "date": "2004-06-30",
    "symbol": "IEX",
    "reportedCurrency": "USD",
    "cik": "0000832101",
    "fillingDate": "2004-08-04",
    "acceptedDate": "2004-08-04 16:25:18",
    "calendarYear": "2004",
    "period": "Q2",
    "revenue": 233590000,
    "costOfRevenue": 139667000,
    "grossProfit": 93923000,
    "grossProfitRatio": 0.4020848495,
    "researchAndDevelopmentExpenses": 0,
    "generalAndAdministrativeExpenses": 54109000,
    "sellingAndMarketingExpenses": 0,
    "sellingGeneralAndAdministrativeExpenses": 54109000,
    "otherExpenses": 0,
    "operatingExpenses": 54109000,
    "costAndExpenses": 193776000,
    "interestIncome": 0,
    "interestExpense": 0,
    "depreciationAndAmortization": 7902000,
    "ebitda": 47716000,
    "ebitdaratio": 0.2042724432,
    "operatingIncome": 39814000,
    "operatingIncomeRatio": 0.1704439402,
    "totalOtherIncomeExpensesNet": -3854000,
    "incomeBeforeTax": 35960000,
    "incomeBeforeTaxRatio": 0.1539449463,
    "incomeTaxExpense": 13126000,
    "netIncome": 22834000,
    "netIncomeRatio": 0.0977524723,
    "eps": 0.31,
    "epsdiluted": 0.29,
    "weightedAverageShsOut": 75090000,
    "weightedAverageShsOutDil": 78055500,
    "link": "https://www.sec.gov/Archives/edgar/data/832101/000095013704006194/0000950137-04-006194-index.htm",
    "finalLink": "https://www.sec.gov/Archives/edgar/data/832101/000095013704006194/c87298e10vq.txt"
  },
  {
    "date": "2004-03-31",
    "symbol": "IEX",
    "reportedCurrency": "USD",
    "cik": "0000832101",
    "fillingDate": "2004-05-04",
    "acceptedDate": "2004-05-04 17:08:27",
    "calendarYear": "2004",
    "period": "Q1",
    "revenue": 214600000,
    "costOfRevenue": 128870000,
    "grossProfit": 85730000,
    "grossProfitRatio": 0.3994874185,
    "researchAndDevelopmentExpenses": 0,
    "generalAndAdministrativeExpenses": 54444000,
    "sellingAndMarketingExpenses": 0,
    "sellingGeneralAndAdministrativeExpenses": 54444000,
    "otherExpenses": 0,
    "operatingExpenses": 54444000,
    "costAndExpenses": 183314000,
    "interestIncome": 0,
    "interestExpense": 0,
    "depreciationAndAmortization": 7773000,
    "ebitda": 39059000,
    "ebitdaratio": 0.1820083877,
    "operatingIncome": 31286000,
    "operatingIncomeRatio": 0.1457875116,
    "totalOtherIncomeExpensesNet": -3425000,
    "incomeBeforeTax": 27861000,
    "incomeBeforeTaxRatio": 0.1298275862,
    "incomeTaxExpense": 10169000,
    "netIncome": 17692000,
    "netIncomeRatio": 0.0824417521,
    "eps": 0.24,
    "epsdiluted": 0.23,
    "weightedAverageShsOut": 74212500,
    "weightedAverageShsOutDil": 76918500,
    "link": "https://www.sec.gov/Archives/edgar/data/832101/000095013704003547/0000950137-04-003547-index.htm",
    "finalLink": "https://www.sec.gov/Archives/edgar/data/832101/000095013704003547/c85164e10vq.txt"
  },
  {
    "date": "2003-12-31",
    "symbol": "IEX",
    "reportedCurrency": "USD",
    "cik": "0000832101",
    "fillingDate": "2004-03-05",
    "acceptedDate": "2004-03-05 14:50:47",
    "calendarYear": "2003",
    "period": "Q4",
    "revenue": 197961000,
    "costOfRevenue": 121245000,
    "grossProfit": 76716000,
    "grossProfitRatio": 0.3875308773,
    "researchAndDevelopmentExpenses": 0,
    "generalAndAdministrativeExpenses": 48755000,
    "sellingAndMarketingExpenses": 0,
    "sellingGeneralAndAdministrativeExpenses": 48755000,
    "otherExpenses": 0,
    "operatingExpenses": 48755000,
    "costAndExpenses": 170000000,
    "interestIncome": 0,
    "interestExpense": 0,
    "depreciationAndAmortization": 6734000,
    "ebitda": 34695000,
    "ebitdaratio": 0.175261794,
    "operatingIncome": 27961000,
    "operatingIncomeRatio": 0.1412449927,
    "totalOtherIncomeExpensesNet": -2837000,
    "incomeBeforeTax": 25124000,
    "incomeBeforeTaxRatio": 0.1269138871,
    "incomeTaxExpense": 8919000,
    "netIncome": 16205000,
    "netIncomeRatio": 0.0818595582,
    "eps": 0.22,
    "epsdiluted": 0.22,
    "weightedAverageShsOut": 73766250,
    "weightedAverageShsOutDil": 74211750,
    "link": "https://www.sec.gov/Archives/edgar/data/832101/000095013704001504/0000950137-04-001504-index.htm",
    "finalLink": "https://www.sec.gov/Archives/edgar/data/832101/000095013704001504/c83337e10vk.txt"
  },
  {
    "date": "2003-09-30",
    "symbol": "IEX",
    "reportedCurrency": "USD",
    "cik": "0000832101",
    "fillingDate": "2003-11-10",
    "acceptedDate": "2003-11-10 16:37:03",
    "calendarYear": "2003",
    "period": "Q3",
    "revenue": 197314000,
    "costOfRevenue": 121136000,
    "grossProfit": 76178000,
    "grossProfitRatio": 0.3860749871,
    "researchAndDevelopmentExpenses": 0,
    "generalAndAdministrativeExpenses": 47235000,
    "sellingAndMarketingExpenses": 0,
    "sellingGeneralAndAdministrativeExpenses": 47235000,
    "otherExpenses": 0,
    "operatingExpenses": 47235000,
    "costAndExpenses": 168371000,
    "interestIncome": 0,
    "interestExpense": 0,
    "depreciationAndAmortization": 7664000,
    "ebitda": 36607000,
    "ebitdaratio": 0.1855266225,
    "operatingIncome": 28943000,
    "operatingIncomeRatio": 0.1466849793,
    "totalOtherIncomeExpensesNet": -3347000,
    "incomeBeforeTax": 25596000,
    "incomeBeforeTaxRatio": 0.1297221687,
    "incomeTaxExpense": 9087000,
    "netIncome": 16509000,
    "netIncomeRatio": 0.0836686702,
    "eps": 0.23,
    "epsdiluted": 0.22,
    "weightedAverageShsOut": 73487250,
    "weightedAverageShsOutDil": 75690000,
    "link": "https://www.sec.gov/Archives/edgar/data/832101/000095013703005789/0000950137-03-005789-index.htm",
    "finalLink": "https://www.sec.gov/Archives/edgar/data/832101/000095013703005789/c80818e10vq.txt"
  },
  {
    "date": "2003-06-30",
    "symbol": "IEX",
    "reportedCurrency": "USD",
    "cik": "0000832101",
    "fillingDate": "2003-08-11",
    "acceptedDate": "2003-08-11 11:28:25",
    "calendarYear": "2003",
    "period": "Q2",
    "revenue": 207147000,
    "costOfRevenue": 125024000,
    "grossProfit": 82123000,
    "grossProfitRatio": 0.3964479331,
    "researchAndDevelopmentExpenses": 0,
    "generalAndAdministrativeExpenses": 52566000,
    "sellingAndMarketingExpenses": 0,
    "sellingGeneralAndAdministrativeExpenses": 52566000,
    "otherExpenses": 0,
    "operatingExpenses": 52566000,
    "costAndExpenses": 177590000,
    "interestIncome": 0,
    "interestExpense": 0,
    "depreciationAndAmortization": 7602000,
    "ebitda": 37159000,
    "ebitdaratio": 0.1793846882,
    "operatingIncome": 29557000,
    "operatingIncomeRatio": 0.1426861118,
    "totalOtherIncomeExpensesNet": -3289000,
    "incomeBeforeTax": 26268000,
    "incomeBeforeTaxRatio": 0.1268084983,
    "incomeTaxExpense": 9325000,
    "netIncome": 16943000,
    "netIncomeRatio": 0.0817921573,
    "eps": 0.23,
    "epsdiluted": 0.23,
    "weightedAverageShsOut": 72864000,
    "weightedAverageShsOutDil": 74544750,
    "link": "https://www.sec.gov/Archives/edgar/data/832101/000095013703004194/0000950137-03-004194-index.htm",
    "finalLink": "https://www.sec.gov/Archives/edgar/data/832101/000095013703004194/c78847e10vq.txt"
  },
  {
    "date": "2003-03-31",
    "symbol": "IEX",
    "reportedCurrency": "USD",
    "cik": "0000832101",
    "fillingDate": "2003-05-13",
    "acceptedDate": "2003-05-13 13:16:52",
    "calendarYear": "2003",
    "period": "Q1",
    "revenue": 195498000,
    "costOfRevenue": 121195000,
    "grossProfit": 74303000,
    "grossProfitRatio": 0.3800703844,
    "researchAndDevelopmentExpenses": 0,
    "generalAndAdministrativeExpenses": 50902000,
    "sellingAndMarketingExpenses": 0,
    "sellingGeneralAndAdministrativeExpenses": 50902000,
    "otherExpenses": 0,
    "operatingExpenses": 50902000,
    "costAndExpenses": 172097000,
    "interestIncome": 0,
    "interestExpense": 0,
    "depreciationAndAmortization": 8055000,
    "ebitda": 31456000,
    "ebitdaratio": 0.1609019018,
    "operatingIncome": 23401000,
    "operatingIncomeRatio": 0.1196994343,
    "totalOtherIncomeExpensesNet": -3719000,
    "incomeBeforeTax": 19682000,
    "incomeBeforeTaxRatio": 0.1006762218,
    "incomeTaxExpense": 6987000,
    "netIncome": 12695000,
    "netIncomeRatio": 0.0649367257,
    "eps": 0.17,
    "epsdiluted": 0.17,
    "weightedAverageShsOut": 72654750,
    "weightedAverageShsOutDil": 73811250,
    "link": "https://www.sec.gov/Archives/edgar/data/832101/000095013703002868/0000950137-03-002868-index.htm",
    "finalLink": "https://www.sec.gov/Archives/edgar/data/832101/000095013703002868/c76894e10vq.txt"
  },
  {
    "date": "2002-12-31",
    "symbol": "IEX",
    "reportedCurrency": "USD",
    "cik": "0000832101",
    "fillingDate": "2003-02-28",
    "acceptedDate": "2003-02-28 16:29:14",
    "calendarYear": "2002",
    "period": "Q4",
    "revenue": 187543000,
    "costOfRevenue": 117282000,
    "grossProfit": 70261000,
    "grossProfitRatio": 0.374639416,
    "researchAndDevelopmentExpenses": 0,
    "generalAndAdministrativeExpenses": 47810000,
    "sellingAndMarketingExpenses": 0,
    "sellingGeneralAndAdministrativeExpenses": 47810000,
    "otherExpenses": 0,
    "operatingExpenses": 47810000,
    "costAndExpenses": 165092000,
    "interestIncome": 0,
    "interestExpense": 0,
    "depreciationAndAmortization": 6880000,
    "ebitda": 29331000,
    "ebitdaratio": 0.1563961332,
    "operatingIncome": 22761000,
    "operatingIncomeRatio": 0.1213641672,
    "totalOtherIncomeExpensesNet": -3891000,
    "incomeBeforeTax": 18870000,
    "incomeBeforeTaxRatio": 0.1006169252,
    "incomeTaxExpense": 6699000,
    "netIncome": 12171000,
    "netIncomeRatio": 0.0648971169,
    "eps": 0.17,
    "epsdiluted": 0.17,
    "weightedAverageShsOut": 72564750,
    "weightedAverageShsOutDil": 72654750,
    "link": "https://www.sec.gov/Archives/edgar/data/832101/000095013703001231/0000950137-03-001231-index.htm",
    "finalLink": "https://www.sec.gov/Archives/edgar/data/832101/000095013703001231/c75047e10vk.txt"
  },
  {
    "date": "2002-09-30",
    "symbol": "IEX",
    "reportedCurrency": "USD",
    "cik": "0000832101",
    "fillingDate": "2002-11-14",
    "acceptedDate": "2002-11-14 15:43:06",
    "calendarYear": "2002",
    "period": "Q3",
    "revenue": 189105000,
    "costOfRevenue": 117491000,
    "grossProfit": 71614000,
    "grossProfitRatio": 0.3786996642,
    "researchAndDevelopmentExpenses": 0,
    "generalAndAdministrativeExpenses": 44669000,
    "sellingAndMarketingExpenses": 0,
    "sellingGeneralAndAdministrativeExpenses": 44669000,
    "otherExpenses": 0,
    "operatingExpenses": 44669000,
    "costAndExpenses": 162160000,
    "interestIncome": 0,
    "interestExpense": 0,
    "depreciationAndAmortization": 7587000,
    "ebitda": 34532000,
    "ebitdaratio": 0.1826075461,
    "operatingIncome": 26945000,
    "operatingIncomeRatio": 0.1424869781,
    "totalOtherIncomeExpensesNet": -4349000,
    "incomeBeforeTax": 22596000,
    "incomeBeforeTaxRatio": 0.1194891727,
    "incomeTaxExpense": 7810000,
    "netIncome": 14786000,
    "netIncomeRatio": 0.0781893657,
    "eps": 0.2,
    "epsdiluted": 0.2,
    "weightedAverageShsOut": 72551250,
    "weightedAverageShsOutDil": 73986750,
    "link": "https://www.sec.gov/Archives/edgar/data/832101/000095013702006277/0000950137-02-006277-index.htm",
    "finalLink": "https://www.sec.gov/Archives/edgar/data/832101/000095013702006277/c73010e10vq.txt"
  },
  {
    "date": "2002-06-30",
    "symbol": "IEX",
    "reportedCurrency": "USD",
    "cik": "0000832101",
    "fillingDate": "2002-08-13",
    "acceptedDate": "2002-08-13 17:31:06",
    "calendarYear": "2002",
    "period": "Q2",
    "revenue": 190430000,
    "costOfRevenue": 116292000,
    "grossProfit": 74138000,
    "grossProfitRatio": 0.3893189098,
    "researchAndDevelopmentExpenses": 0,
    "generalAndAdministrativeExpenses": 45871000,
    "sellingAndMarketingExpenses": 0,
    "sellingGeneralAndAdministrativeExpenses": 45871000,
    "otherExpenses": 0,
    "operatingExpenses": 45871000,
    "costAndExpenses": 162163000,
    "interestIncome": 0,
    "interestExpense": 0,
    "depreciationAndAmortization": 7788000,
    "ebitda": 36055000,
    "ebitdaratio": 0.1893346637,
    "operatingIncome": 28160000,
    "operatingIncomeRatio": 0.1478758599,
    "totalOtherIncomeExpensesNet": -3770000,
    "incomeBeforeTax": 24390000,
    "incomeBeforeTaxRatio": 0.1280785591,
    "incomeTaxExpense": 8780000,
    "netIncome": 15610000,
    "netIncomeRatio": 0.0819723783,
    "eps": 0.22,
    "epsdiluted": 0.21,
    "weightedAverageShsOut": 71253000,
    "weightedAverageShsOutDil": 73469250,
    "link": "https://www.sec.gov/Archives/edgar/data/832101/000095013702004406/0000950137-02-004406-index.htm",
    "finalLink": "https://www.sec.gov/Archives/edgar/data/832101/000095013702004406/c71026e10vq.txt"
  },
  {
    "date": "2002-03-31",
    "symbol": "IEX",
    "reportedCurrency": "USD",
    "cik": "0000832101",
    "fillingDate": "2002-05-07",
    "acceptedDate": "2002-05-07 11:05:38",
    "calendarYear": "2002",
    "period": "Q1",
    "revenue": 174936000,
    "costOfRevenue": 109511000,
    "grossProfit": 65425000,
    "grossProfitRatio": 0.3739939178,
    "researchAndDevelopmentExpenses": 0,
    "generalAndAdministrativeExpenses": 42919000,
    "sellingAndMarketingExpenses": 0,
    "sellingGeneralAndAdministrativeExpenses": 42919000,
    "otherExpenses": 0,
    "operatingExpenses": 42919000,
    "costAndExpenses": 152430000,
    "interestIncome": 0,
    "interestExpense": 0,
    "depreciationAndAmortization": 7850000,
    "ebitda": 30356000,
    "ebitdaratio": 0.1735263182,
    "operatingIncome": 22506000,
    "operatingIncomeRatio": 0.1286527644,
    "totalOtherIncomeExpensesNet": -4467000,
    "incomeBeforeTax": 18039000,
    "incomeBeforeTaxRatio": 0.1031177116,
    "incomeTaxExpense": 6494000,
    "netIncome": 11545000,
    "netIncomeRatio": 0.0659955641,
    "eps": 0.17,
    "epsdiluted": 0.16,
    "weightedAverageShsOut": 68654250,
    "weightedAverageShsOutDil": 70974000,
    "link": "https://www.sec.gov/Archives/edgar/data/832101/000095013702002747/0000950137-02-002747-index.htm",
    "finalLink": "https://www.sec.gov/Archives/edgar/data/832101/000095013702002747/c69160e10-q.txt"
  },
  {
    "date": "2001-12-31",
    "symbol": "IEX",
    "reportedCurrency": "USD",
    "cik": "0000832101",
    "fillingDate": "2002-03-04",
    "acceptedDate": "2002-03-04 00:00:00",
    "calendarYear": "2001",
    "period": "Q4",
    "revenue": 168793000,
    "costOfRevenue": 109213000,
    "grossProfit": 59580000,
    "grossProfitRatio": 0.352976723,
    "researchAndDevelopmentExpenses": 0,
    "generalAndAdministrativeExpenses": 38813000,
    "sellingAndMarketingExpenses": 0,
    "sellingGeneralAndAdministrativeExpenses": 38813000,
    "otherExpenses": 3625000,
    "operatingExpenses": 42438000,
    "costAndExpenses": 151651000,
    "interestIncome": 0,
    "interestExpense": 0,
    "depreciationAndAmortization": 10374000,
    "ebitda": 27516000,
    "ebitdaratio": 0.1630162388,
    "operatingIncome": 11577000,
    "operatingIncomeRatio": 0.0685869675,
    "totalOtherIncomeExpensesNet": -4629000,
    "incomeBeforeTax": 6948000,
    "incomeBeforeTaxRatio": 0.0411628444,
    "incomeTaxExpense": 2644000,
    "netIncome": 4304000,
    "netIncomeRatio": 0.0254986877,
    "eps": 0.0627,
    "epsdiluted": 0.0627,
    "weightedAverageShsOut": 68451750,
    "weightedAverageShsOutDil": 68654250,
    "link": "https://www.sec.gov/Archives/edgar/data/832101/000095013702001024/0000950137-02-001024-index.htm",
    "finalLink": "https://www.sec.gov/Archives/edgar/data/832101/000095013702001024/c67745e10-k405.txt"
  },
  {
    "date": "2001-09-30",
    "symbol": "IEX",
    "reportedCurrency": "USD",
    "cik": "0000832101",
    "fillingDate": "2001-11-09",
    "acceptedDate": "2001-11-09 00:00:00",
    "calendarYear": "2001",
    "period": "Q3",
    "revenue": 178137000,
    "costOfRevenue": 113480000,
    "grossProfit": 64657000,
    "grossProfitRatio": 0.3629622145,
    "researchAndDevelopmentExpenses": 0,
    "generalAndAdministrativeExpenses": 42302000,
    "sellingAndMarketingExpenses": 0,
    "sellingGeneralAndAdministrativeExpenses": 42302000,
    "otherExpenses": 3571000,
    "operatingExpenses": 45873000,
    "costAndExpenses": 159353000,
    "interestIncome": 0,
    "interestExpense": 0,
    "depreciationAndAmortization": 11703000,
    "ebitda": 30487000,
    "ebitdaratio": 0.171143558,
    "operatingIncome": 18784000,
    "operatingIncomeRatio": 0.1054469313,
    "totalOtherIncomeExpensesNet": -5182000,
    "incomeBeforeTax": 13602000,
    "incomeBeforeTaxRatio": 0.0763569612,
    "incomeTaxExpense": 5418000,
    "netIncome": 8184000,
    "netIncomeRatio": 0.0459421681,
    "eps": 0.12,
    "epsdiluted": 0.12,
    "weightedAverageShsOut": 68244750,
    "weightedAverageShsOutDil": 70256250,
    "link": "https://www.sec.gov/Archives/edgar/data/832101/000095013701504443/0000950137-01-504443-index.htm",
    "finalLink": "https://www.sec.gov/Archives/edgar/data/832101/000095013701504443/c65868e10-q.txt"
  },
  {
    "date": "2001-06-30",
    "symbol": "IEX",
    "reportedCurrency": "USD",
    "cik": "0000832101",
    "fillingDate": "2001-08-09",
    "acceptedDate": "2001-08-09 00:00:00",
    "calendarYear": "2001",
    "period": "Q2",
    "revenue": 192622000,
    "costOfRevenue": 121914000,
    "grossProfit": 70708000,
    "grossProfitRatio": 0.3670816418,
    "researchAndDevelopmentExpenses": 0,
    "generalAndAdministrativeExpenses": 40977000,
    "sellingAndMarketingExpenses": 0,
    "sellingGeneralAndAdministrativeExpenses": 40977000,
    "otherExpenses": 3490000,
    "operatingExpenses": 44467000,
    "costAndExpenses": 166381000,
    "interestIncome": 0,
    "interestExpense": 0,
    "depreciationAndAmortization": 10938000,
    "ebitda": 37179000,
    "ebitdaratio": 0.1930153357,
    "operatingIncome": 26241000,
    "operatingIncomeRatio": 0.1362305448,
    "totalOtherIncomeExpensesNet": -5019000,
    "incomeBeforeTax": 21222000,
    "incomeBeforeTaxRatio": 0.1101743311,
    "incomeTaxExpense": 8229000,
    "netIncome": 12993000,
    "netIncomeRatio": 0.0674533542,
    "eps": 0.19,
    "epsdiluted": 0.19,
    "weightedAverageShsOut": 67808250,
    "weightedAverageShsOutDil": 69914250,
    "link": "https://www.sec.gov/Archives/edgar/data/832101/000095013701502819/0000950137-01-502819-index.htm",
    "finalLink": "https://www.sec.gov/Archives/edgar/data/832101/000095013701502819/c64122qe10-q.txt"
  },
  {
    "date": "2001-03-31",
    "symbol": "IEX",
    "reportedCurrency": "USD",
    "cik": "0000832101",
    "fillingDate": "2001-05-11",
    "acceptedDate": "2001-05-11 00:00:00",
    "calendarYear": "2001",
    "period": "Q1",
    "revenue": 187395000,
    "costOfRevenue": 111720000,
    "grossProfit": 75675000,
    "grossProfitRatio": 0.4038261426,
    "researchAndDevelopmentExpenses": 0,
    "generalAndAdministrativeExpenses": 42801000,
    "sellingAndMarketingExpenses": 0,
    "sellingGeneralAndAdministrativeExpenses": 42801000,
    "otherExpenses": 3479000,
    "operatingExpenses": 46280000,
    "costAndExpenses": 158000000,
    "interestIncome": 0,
    "interestExpense": 0,
    "depreciationAndAmortization": 11282000,
    "ebitda": 40677000,
    "ebitdaratio": 0.2170655567,
    "operatingIncome": 16836000,
    "operatingIncomeRatio": 0.0898423117,
    "totalOtherIncomeExpensesNet": -5177000,
    "incomeBeforeTax": 11659000,
    "incomeBeforeTaxRatio": 0.0622161744,
    "incomeTaxExpense": 4430000,
    "netIncome": 7229000,
    "netIncomeRatio": 0.0385762694,
    "eps": 0.11,
    "epsdiluted": 0.1,
    "weightedAverageShsOut": 67493250,
    "weightedAverageShsOutDil": 69720750,
    "link": "https://www.sec.gov/Archives/edgar/data/832101/000095013701501409/0000950137-01-501409-index.htm",
    "finalLink": "https://www.sec.gov/Archives/edgar/data/832101/000095013701501409/c62232e10-q.txt"
  },
  {
    "date": "2000-12-31",
    "symbol": "IEX",
    "reportedCurrency": "USD",
    "cik": "0000832101",
    "fillingDate": "2001-01-31",
    "acceptedDate": "2001-01-31 00:00:00",
    "calendarYear": "2000",
    "period": "Q4",
    "revenue": 166138000,
    "costOfRevenue": 96096000,
    "grossProfit": 70042000,
    "grossProfitRatio": 0.4215892812,
    "researchAndDevelopmentExpenses": 0,
    "generalAndAdministrativeExpenses": 37097000,
    "sellingAndMarketingExpenses": 0,
    "sellingGeneralAndAdministrativeExpenses": 37097000,
    "otherExpenses": 8726000,
    "operatingExpenses": 45823000,
    "costAndExpenses": 141919000,
    "interestIncome": 0,
    "interestExpense": 0,
    "depreciationAndAmortization": 8726000,
    "ebitda": 32945000,
    "ebitdaratio": 0.1982990044,
    "operatingIncome": 24219000,
    "operatingIncomeRatio": 0.1457764027,
    "totalOtherIncomeExpensesNet": -2667000,
    "incomeBeforeTax": 21552000,
    "incomeBeforeTaxRatio": 0.1297234829,
    "incomeTaxExpense": 8017000,
    "netIncome": 13535000,
    "netIncomeRatio": 0.0814684178,
    "eps": 0.2,
    "epsdiluted": 0.2,
    "weightedAverageShsOut": 67059000,
    "weightedAverageShsOutDil": 67493250,
    "link": "https://www.sec.gov/Archives/edgar/data/832101/000095013701000403/0000950137-01-000403-index.htm",
    "finalLink": "https://www.sec.gov/Archives/edgar/data/832101/000095013701000403/c59764e10-k405.txt"
  },
  {
    "date": "2000-09-30",
    "symbol": "IEX",
    "reportedCurrency": "USD",
    "cik": "0000832101",
    "fillingDate": "2000-10-27",
    "acceptedDate": "2000-10-27 00:00:00",
    "calendarYear": "2000",
    "period": "Q3",
    "revenue": 176218000,
    "costOfRevenue": 99575000,
    "grossProfit": 76643000,
    "grossProfitRatio": 0.4349328672,
    "researchAndDevelopmentExpenses": 0,
    "generalAndAdministrativeExpenses": 36593000,
    "sellingAndMarketingExpenses": 0,
    "sellingGeneralAndAdministrativeExpenses": 36593000,
    "otherExpenses": 9472000,
    "operatingExpenses": 46065000,
    "costAndExpenses": 145640000,
    "interestIncome": 0,
    "interestExpense": 0,
    "depreciationAndAmortization": 9472000,
    "ebitda": 40050000,
    "ebitdaratio": 0.2272753067,
    "operatingIncome": 30578000,
    "operatingIncomeRatio": 0.1735237036,
    "totalOtherIncomeExpensesNet": -4456000,
    "incomeBeforeTax": 26122000,
    "incomeBeforeTaxRatio": 0.148236843,
    "incomeTaxExpense": 9557000,
    "netIncome": 16565000,
    "netIncomeRatio": 0.0940028828,
    "eps": 0.25,
    "epsdiluted": 0.24,
    "weightedAverageShsOut": 66915000,
    "weightedAverageShsOutDil": 69522750,
    "link": "https://www.sec.gov/Archives/edgar/data/832101/000095013700004539/0000950137-00-004539-index.htm",
    "finalLink": "https://www.sec.gov/Archives/edgar/data/832101/000095013700004539/c58038e10-q.txt"
  },
  {
    "date": "2000-06-30",
    "symbol": "IEX",
    "reportedCurrency": "USD",
    "cik": "0000832101",
    "fillingDate": "2000-08-10",
    "acceptedDate": "2000-08-10 00:00:00",
    "calendarYear": "2000",
    "period": "Q2",
    "revenue": 185258000,
    "costOfRevenue": 105760000,
    "grossProfit": 79498000,
    "grossProfitRatio": 0.4291204698,
    "researchAndDevelopmentExpenses": 0,
    "generalAndAdministrativeExpenses": 38257000,
    "sellingAndMarketingExpenses": 0,
    "sellingGeneralAndAdministrativeExpenses": 38257000,
    "otherExpenses": 9485000,
    "operatingExpenses": 47742000,
    "costAndExpenses": 153502000,
    "interestIncome": 0,
    "interestExpense": 0,
    "depreciationAndAmortization": 9485000,
    "ebitda": 41241000,
    "ebitdaratio": 0.2226138682,
    "operatingIncome": 31756000,
    "operatingIncomeRatio": 0.1714149996,
    "totalOtherIncomeExpensesNet": -3704000,
    "incomeBeforeTax": 28052000,
    "incomeBeforeTaxRatio": 0.1514212612,
    "incomeTaxExpense": 10520000,
    "netIncome": 17532000,
    "netIncomeRatio": 0.0946355893,
    "eps": 0.26,
    "epsdiluted": 0.25,
    "weightedAverageShsOut": 67475250,
    "weightedAverageShsOutDil": 69318000,
    "link": "https://www.sec.gov/Archives/edgar/data/832101/000095013700003567/0000950137-00-003567-index.htm",
    "finalLink": "https://www.sec.gov/Archives/edgar/data/832101/000095013700003567/e10-q.txt"
  },
  {
    "date": "2000-03-31",
    "symbol": "IEX",
    "reportedCurrency": "USD",
    "cik": "0000832101",
    "fillingDate": "2000-04-27",
    "acceptedDate": "2000-04-27 00:00:00",
    "calendarYear": "2000",
    "period": "Q1",
    "revenue": 176662000,
    "costOfRevenue": 99986000,
    "grossProfit": 76676000,
    "grossProfitRatio": 0.4340265592,
    "researchAndDevelopmentExpenses": 0,
    "generalAndAdministrativeExpenses": 37692000,
    "sellingAndMarketingExpenses": 0,
    "sellingGeneralAndAdministrativeExpenses": 37692000,
    "otherExpenses": 9021000,
    "operatingExpenses": 46713000,
    "costAndExpenses": 146699000,
    "interestIncome": 0,
    "interestExpense": 0,
    "depreciationAndAmortization": 9021000,
    "ebitda": 38984000,
    "ebitdaratio": 0.22066998,
    "operatingIncome": 29963000,
    "operatingIncomeRatio": 0.169606367,
    "totalOtherIncomeExpensesNet": -4663000,
    "incomeBeforeTax": 25300000,
    "incomeBeforeTaxRatio": 0.1432113301,
    "incomeTaxExpense": 9487000,
    "netIncome": 15813000,
    "netIncomeRatio": 0.0895099116,
    "eps": 0.24,
    "epsdiluted": 0.23,
    "weightedAverageShsOut": 66741750,
    "weightedAverageShsOutDil": 67923000,
    "link": "https://www.sec.gov/Archives/edgar/data/832101/000095012400002517/0000950124-00-002517-index.html",
    "finalLink": "https://www.sec.gov/Archives/edgar/data/832101/000095012400002517/"
  },
  {
    "date": "1999-12-31",
    "symbol": "IEX",
    "reportedCurrency": "USD",
    "cik": "0000832101",
    "fillingDate": "2000-02-04",
    "acceptedDate": "2000-02-04 00:00:00",
    "calendarYear": "1999",
    "period": "Q4",
    "revenue": 167100000,
    "costOfRevenue": 97000000,
    "grossProfit": 70100000,
    "grossProfitRatio": 0.4195092759,
    "researchAndDevelopmentExpenses": 0,
    "generalAndAdministrativeExpenses": 35100000,
    "sellingAndMarketingExpenses": 0,
    "sellingGeneralAndAdministrativeExpenses": 35100000,
    "otherExpenses": 8600000,
    "operatingExpenses": 43700000,
    "costAndExpenses": 140700000,
    "interestIncome": 0,
    "interestExpense": 0,
    "depreciationAndAmortization": 8600000,
    "ebitda": 35000000,
    "ebitdaratio": 0.2094554159,
    "operatingIncome": 26400000,
    "operatingIncomeRatio": 0.157989228,
    "totalOtherIncomeExpensesNet": -4100000,
    "incomeBeforeTax": 22300000,
    "incomeBeforeTaxRatio": 0.1334530221,
    "incomeTaxExpense": 8400000,
    "netIncome": 13900000,
    "netIncomeRatio": 0.0831837223,
    "eps": 0.21,
    "epsdiluted": 0.21,
    "weightedAverageShsOut": 66551622,
    "weightedAverageShsOutDil": 66741750,
    "link": "https://www.sec.gov/Archives/edgar/data/832101/000095013700000316/0000950137-00-000316-index.html",
    "finalLink": "https://www.sec.gov/Archives/edgar/data/832101/000095013700000316/"
  },
  {
    "date": "1999-09-30",
    "symbol": "IEX",
    "reportedCurrency": "USD",
    "cik": "0000832101",
    "fillingDate": "1999-11-04",
    "acceptedDate": "1999-11-04 00:00:00",
    "calendarYear": "1999",
    "period": "Q3",
    "revenue": 169900000,
    "costOfRevenue": 97800000,
    "grossProfit": 72100000,
    "grossProfitRatio": 0.4243672749,
    "researchAndDevelopmentExpenses": 0,
    "generalAndAdministrativeExpenses": 35400000,
    "sellingAndMarketingExpenses": 0,
    "sellingGeneralAndAdministrativeExpenses": 35400000,
    "otherExpenses": 9200000,
    "operatingExpenses": 44600000,
    "costAndExpenses": 142400000,
    "interestIncome": 0,
    "interestExpense": 0,
    "depreciationAndAmortization": 9200000,
    "ebitda": 36700000,
    "ebitdaratio": 0.2160094173,
    "operatingIncome": 27500000,
    "operatingIncomeRatio": 0.1618599176,
    "totalOtherIncomeExpensesNet": -4600000,
    "incomeBeforeTax": 22900000,
    "incomeBeforeTaxRatio": 0.1347851677,
    "incomeTaxExpense": 8400000,
    "netIncome": 14500000,
    "netIncomeRatio": 0.0853443202,
    "eps": 0.22,
    "epsdiluted": 0.21,
    "weightedAverageShsOut": 66514982,
    "weightedAverageShsOutDil": 67900743,
    "link": "https://www.sec.gov/Archives/edgar/data/832101/000095013799003900/0000950137-99-003900-index.html",
    "finalLink": "https://www.sec.gov/Archives/edgar/data/832101/000095013799003900/"
  },
  {
    "date": "1999-06-30",
    "symbol": "IEX",
    "reportedCurrency": "USD",
    "cik": "0000832101",
    "fillingDate": "1999-08-11",
    "acceptedDate": "1999-08-11 00:00:00",
    "calendarYear": "1999",
    "period": "Q2",
    "revenue": 161500000,
    "costOfRevenue": 91100000,
    "grossProfit": 70400000,
    "grossProfitRatio": 0.4359133127,
    "researchAndDevelopmentExpenses": 0,
    "generalAndAdministrativeExpenses": 35000000,
    "sellingAndMarketingExpenses": 0,
    "sellingGeneralAndAdministrativeExpenses": 35000000,
    "otherExpenses": 8400000,
    "operatingExpenses": 43400000,
    "costAndExpenses": 134500000,
    "interestIncome": 0,
    "interestExpense": 0,
    "depreciationAndAmortization": 8400000,
    "ebitda": 35400000,
    "ebitdaratio": 0.2191950464,
    "operatingIncome": 27000000,
    "operatingIncomeRatio": 0.1671826625,
    "totalOtherIncomeExpensesNet": -4200000,
    "incomeBeforeTax": 22800000,
    "incomeBeforeTaxRatio": 0.1411764706,
    "incomeTaxExpense": 8700000,
    "netIncome": 14100000,
    "netIncomeRatio": 0.0873065015,
    "eps": 0.21,
    "epsdiluted": 0.21,
    "weightedAverageShsOut": 66027619,
    "weightedAverageShsOutDil": 67432496,
    "link": "https://www.sec.gov/Archives/edgar/data/832101/000095013799002915/0000950137-99-002915-index.html",
    "finalLink": "https://www.sec.gov/Archives/edgar/data/832101/000095013799002915/"
  },
  {
    "date": "1999-03-31",
    "symbol": "IEX",
    "reportedCurrency": "USD",
    "cik": "0000832101",
    "fillingDate": "1999-05-07",
    "acceptedDate": "1999-05-07 00:00:00",
    "calendarYear": "1999",
    "period": "Q1",
    "revenue": 156500000,
    "costOfRevenue": 89300000,
    "grossProfit": 67200000,
    "grossProfitRatio": 0.4293929712,
    "researchAndDevelopmentExpenses": 0,
    "generalAndAdministrativeExpenses": 35000000,
    "sellingAndMarketingExpenses": 0,
    "sellingGeneralAndAdministrativeExpenses": 35000000,
    "otherExpenses": 8600000,
    "operatingExpenses": 43600000,
    "costAndExpenses": 132900000,
    "interestIncome": 0,
    "interestExpense": 0,
    "depreciationAndAmortization": 8600000,
    "ebitda": 32200000,
    "ebitdaratio": 0.2057507987,
    "operatingIncome": 23600000,
    "operatingIncomeRatio": 0.150798722,
    "totalOtherIncomeExpensesNet": -4400000,
    "incomeBeforeTax": 19200000,
    "incomeBeforeTaxRatio": 0.1226837061,
    "incomeTaxExpense": 7300000,
    "netIncome": 11900000,
    "netIncomeRatio": 0.0760383387,
    "eps": 0.18,
    "epsdiluted": 0.18,
    "weightedAverageShsOut": 66870462,
    "weightedAverageShsOutDil": 66870462,
    "link": "https://www.sec.gov/Archives/edgar/data/832101/000095013799001440/0000950137-99-001440-index.html",
    "finalLink": "https://www.sec.gov/Archives/edgar/data/832101/"
  },
  {
    "date": "1998-12-31",
    "symbol": "IEX",
    "reportedCurrency": "USD",
    "cik": "0000832101",
    "fillingDate": "1999-02-05",
    "acceptedDate": "1999-02-05 00:00:00",
    "calendarYear": "1998",
    "period": "Q4",
    "revenue": 152100000,
    "costOfRevenue": 88300000,
    "grossProfit": 63800000,
    "grossProfitRatio": 0.419460881,
    "researchAndDevelopmentExpenses": 0,
    "generalAndAdministrativeExpenses": 32700000,
    "sellingAndMarketingExpenses": 0,
    "sellingGeneralAndAdministrativeExpenses": 32700000,
    "otherExpenses": 7900000,
    "operatingExpenses": 40600000,
    "costAndExpenses": 128900000,
    "interestIncome": 0,
    "interestExpense": 0,
    "depreciationAndAmortization": 7900000,
    "ebitda": 31100000,
    "ebitdaratio": 0.2044707429,
    "operatingIncome": 23200000,
    "operatingIncomeRatio": 0.1525312295,
    "totalOtherIncomeExpensesNet": -4400000,
    "incomeBeforeTax": 18800000,
    "incomeBeforeTaxRatio": 0.1236028928,
    "incomeTaxExpense": 7100000,
    "netIncome": 11700000,
    "netIncomeRatio": 0.0769230769,
    "eps": 0.17,
    "epsdiluted": 0.17,
    "weightedAverageShsOut": 66870462,
    "weightedAverageShsOutDil": 66870462,
    "link": "https://www.sec.gov/Archives/edgar/data/832101/000095012499000753/0000950124-99-000753-index.html",
    "finalLink": "https://www.sec.gov/Archives/edgar/data/832101/"
  },
  {
    "date": "1998-09-30",
    "symbol": "IEX",
    "reportedCurrency": "USD",
    "cik": "0000832101",
    "fillingDate": "1998-10-30",
    "acceptedDate": "1998-10-30 00:00:00",
    "calendarYear": "1998",
    "period": "Q3",
    "revenue": 159400000,
    "costOfRevenue": 99700000,
    "grossProfit": 59700000,
    "grossProfitRatio": 0.3745294856,
    "researchAndDevelopmentExpenses": 0,
    "generalAndAdministrativeExpenses": 32200000,
    "sellingAndMarketingExpenses": 0,
    "sellingGeneralAndAdministrativeExpenses": 32200000,
    "otherExpenses": 0,
    "operatingExpenses": 32200000,
    "costAndExpenses": 131900000,
    "interestIncome": 0,
    "interestExpense": 0,
    "depreciationAndAmortization": 8800000,
    "ebitda": 36300000,
    "ebitdaratio": 0.2277289837,
    "operatingIncome": 27500000,
    "operatingIncomeRatio": 0.1725219573,
    "totalOtherIncomeExpensesNet": -5400000,
    "incomeBeforeTax": 22100000,
    "incomeBeforeTaxRatio": 0.1386449184,
    "incomeTaxExpense": 8400000,
    "netIncome": 14300000,
    "netIncomeRatio": 0.0897114178,
    "eps": 0.22,
    "epsdiluted": 0.21,
    "weightedAverageShsOut": 65597534,
    "weightedAverageShsOutDil": 66964181,
    "link": "https://www.sec.gov/Archives/edgar/data/832101/000095012498005949/0000950124-98-005949-index.html",
    "finalLink": "https://www.sec.gov/Archives/edgar/data/832101/"
  },
  {
    "date": "1998-06-30",
    "symbol": "IEX",
    "reportedCurrency": "USD",
    "cik": "0000832101",
    "fillingDate": "1998-08-10",
    "acceptedDate": "1998-08-10 00:00:00",
    "calendarYear": "1998",
    "period": "Q2",
    "revenue": 169500000,
    "costOfRevenue": 96100000,
    "grossProfit": 73400000,
    "grossProfitRatio": 0.4330383481,
    "researchAndDevelopmentExpenses": 0,
    "generalAndAdministrativeExpenses": 34200000,
    "sellingAndMarketingExpenses": 0,
    "sellingGeneralAndAdministrativeExpenses": 34200000,
    "otherExpenses": 8700000,
    "operatingExpenses": 42900000,
    "costAndExpenses": 139000000,
    "interestIncome": 0,
    "interestExpense": 0,
    "depreciationAndAmortization": 8700000,
    "ebitda": 39200000,
    "ebitdaratio": 0.2312684366,
    "operatingIncome": 30500000,
    "operatingIncomeRatio": 0.1799410029,
    "totalOtherIncomeExpensesNet": -6100000,
    "incomeBeforeTax": 24400000,
    "incomeBeforeTaxRatio": 0.1439528024,
    "incomeTaxExpense": 9300000,
    "netIncome": 23900000,
    "netIncomeRatio": 0.1410029499,
    "eps": 0.36,
    "epsdiluted": 0.35,
    "weightedAverageShsOut": 65513735,
    "weightedAverageShsOutDil": 68001468,
    "link": "https://www.sec.gov/Archives/edgar/data/832101/000095013798003047/0000950137-98-003047-index.html",
    "finalLink": "https://www.sec.gov/Archives/edgar/data/832101/"
  },
  {
    "date": "1998-03-31",
    "symbol": "IEX",
    "reportedCurrency": "USD",
    "cik": "0000832101",
    "fillingDate": "1998-05-12",
    "acceptedDate": "1998-05-12 00:00:00",
    "calendarYear": "1998",
    "period": "Q1",
    "revenue": 159100000,
    "costOfRevenue": 89200000,
    "grossProfit": 69900000,
    "grossProfitRatio": 0.4393463231,
    "researchAndDevelopmentExpenses": 0,
    "generalAndAdministrativeExpenses": 33400000,
    "sellingAndMarketingExpenses": 0,
    "sellingGeneralAndAdministrativeExpenses": 33400000,
    "otherExpenses": 8100000,
    "operatingExpenses": 41500000,
    "costAndExpenses": 130700000,
    "interestIncome": 0,
    "interestExpense": 0,
    "depreciationAndAmortization": 8100000,
    "ebitda": 36500000,
    "ebitdaratio": 0.229415462,
    "operatingIncome": 28400000,
    "operatingIncomeRatio": 0.1785040855,
    "totalOtherIncomeExpensesNet": -6000000,
    "incomeBeforeTax": 22400000,
    "incomeBeforeTaxRatio": 0.1407919547,
    "incomeTaxExpense": 8500000,
    "netIncome": 12200000,
    "netIncomeRatio": 0.0766813325,
    "eps": 0.19,
    "epsdiluted": 0.18,
    "weightedAverageShsOut": 65291618,
    "weightedAverageShsOutDil": 68556272,
    "link": "https://www.sec.gov/Archives/edgar/data/832101/000095013798002015/0000950137-98-002015-index.html",
    "finalLink": "https://www.sec.gov/Archives/edgar/data/832101/"
  },
  {
    "date": "1997-12-31",
    "symbol": "IEX",
    "reportedCurrency": "USD",
    "cik": "0000832101",
    "fillingDate": "1998-02-06",
    "acceptedDate": "1998-02-06 00:00:00",
    "calendarYear": "1997",
    "period": "Q4",
    "revenue": 75200000,
    "costOfRevenue": 37700000,
    "grossProfit": 37500000,
    "grossProfitRatio": 0.4986702128,
    "researchAndDevelopmentExpenses": 0,
    "generalAndAdministrativeExpenses": 12900000,
    "sellingAndMarketingExpenses": 0,
    "sellingGeneralAndAdministrativeExpenses": 12900000,
    "otherExpenses": 4000000,
    "operatingExpenses": 16900000,
    "costAndExpenses": 54600000,
    "interestIncome": 0,
    "interestExpense": 0,
    "depreciationAndAmortization": 4000000,
    "ebitda": 24600000,
    "ebitdaratio": 0.3271276596,
    "operatingIncome": 20600000,
    "operatingIncomeRatio": 0.2739361702,
    "totalOtherIncomeExpensesNet": -4200000,
    "incomeBeforeTax": 16400000,
    "incomeBeforeTaxRatio": 0.2180851064,
    "incomeTaxExpense": 5800000,
    "netIncome": 15800000,
    "netIncomeRatio": 0.210106383,
    "eps": 0.3,
    "epsdiluted": 0.3,
    "weightedAverageShsOut": 52735776,
    "weightedAverageShsOutDil": 52735776,
    "link": "https://www.sec.gov/Archives/edgar/data/832101/000095013798000353/0000950137-98-000353-index.html",
    "finalLink": "https://www.sec.gov/Archives/edgar/data/832101/"
  },
  {
    "date": "1997-09-30",
    "symbol": "IEX",
    "reportedCurrency": "USD",
    "cik": "0000832101",
    "fillingDate": "1997-10-30",
    "acceptedDate": "1997-10-30 00:00:00",
    "calendarYear": "1997",
    "period": "Q3",
    "revenue": 160000000,
    "costOfRevenue": 92100000,
    "grossProfit": 67900000,
    "grossProfitRatio": 0.424375,
    "researchAndDevelopmentExpenses": 0,
    "generalAndAdministrativeExpenses": 32900000,
    "sellingAndMarketingExpenses": 0,
    "sellingGeneralAndAdministrativeExpenses": 32900000,
    "otherExpenses": 7000000,
    "operatingExpenses": 39900000,
    "costAndExpenses": 132000000,
    "interestIncome": 0,
    "interestExpense": 0,
    "depreciationAndAmortization": 7000000,
    "ebitda": 33600000,
    "ebitdaratio": 0.21,
    "operatingIncome": 28000000,
    "operatingIncomeRatio": 0.175,
    "totalOtherIncomeExpensesNet": -4800000,
    "incomeBeforeTax": 23000000,
    "incomeBeforeTaxRatio": 0.14375,
    "incomeTaxExpense": 8500000,
    "netIncome": 14500000,
    "netIncomeRatio": 0.090625,
    "eps": 0.22,
    "epsdiluted": 0.21,
    "weightedAverageShsOut": 65184652,
    "weightedAverageShsOutDil": 67900743,
    "link": "https://www.sec.gov/Archives/edgar/data/832101/000095012497005606/0000950124-97-005606-index.html",
    "finalLink": "https://www.sec.gov/Archives/edgar/data/832101/"
  },
  {
    "date": "1997-06-30",
    "symbol": "IEX",
    "reportedCurrency": "USD",
    "cik": "0000832101",
    "fillingDate": "1997-07-29",
    "acceptedDate": "1997-07-29 00:00:00",
    "calendarYear": "1997",
    "period": "Q2",
    "revenue": 165200000,
    "costOfRevenue": 95200000,
    "grossProfit": 70000000,
    "grossProfitRatio": 0.4237288136,
    "researchAndDevelopmentExpenses": 0,
    "generalAndAdministrativeExpenses": 34000000,
    "sellingAndMarketingExpenses": 0,
    "sellingGeneralAndAdministrativeExpenses": 34000000,
    "otherExpenses": 7100000,
    "operatingExpenses": 41100000,
    "costAndExpenses": 136300000,
    "interestIncome": 0,
    "interestExpense": 0,
    "depreciationAndAmortization": 7100000,
    "ebitda": 36000000,
    "ebitdaratio": 0.2179176755,
    "operatingIncome": 28900000,
    "operatingIncomeRatio": 0.1749394673,
    "totalOtherIncomeExpensesNet": -4800000,
    "incomeBeforeTax": 24000000,
    "incomeBeforeTaxRatio": 0.1452784504,
    "incomeTaxExpense": 9000000,
    "netIncome": 15000000,
    "netIncomeRatio": 0.0907990315,
    "eps": 0.23,
    "epsdiluted": 0.22,
    "weightedAverageShsOut": 66110457,
    "weightedAverageShsOutDil": 67432702,
    "link": "https://www.sec.gov/Archives/edgar/data/832101/000095013797002483/0000950137-97-002483-index.html",
    "finalLink": "https://www.sec.gov/Archives/edgar/data/832101/"
  },
  {
    "date": "1997-03-31",
    "symbol": "IEX",
    "reportedCurrency": "USD",
    "cik": "0000832101",
    "fillingDate": "1997-05-09",
    "acceptedDate": "1997-05-09 00:00:00",
    "calendarYear": "1997",
    "period": "Q1",
    "revenue": 151800000,
    "costOfRevenue": 88000000,
    "grossProfit": 63800000,
    "grossProfitRatio": 0.4202898551,
    "researchAndDevelopmentExpenses": 0,
    "generalAndAdministrativeExpenses": 30700000,
    "sellingAndMarketingExpenses": 0,
    "sellingGeneralAndAdministrativeExpenses": 30700000,
    "otherExpenses": 6800000,
    "operatingExpenses": 37500000,
    "costAndExpenses": 125500000,
    "interestIncome": 0,
    "interestExpense": 0,
    "depreciationAndAmortization": 6800000,
    "ebitda": 30100000,
    "ebitdaratio": 0.19828722,
    "operatingIncome": 26300000,
    "operatingIncomeRatio": 0.1732542819,
    "totalOtherIncomeExpensesNet": -2800000,
    "incomeBeforeTax": 21100000,
    "incomeBeforeTaxRatio": 0.1389986825,
    "incomeTaxExpense": 7700000,
    "netIncome": 13400000,
    "netIncomeRatio": 0.0882740448,
    "eps": 0.2,
    "epsdiluted": 0.2,
    "weightedAverageShsOut": 65478285,
    "weightedAverageShsOutDil": 66933067,
    "link": "https://www.sec.gov/Archives/edgar/data/832101/000095013797001809/0000950137-97-001809-index.html",
    "finalLink": "https://www.sec.gov/Archives/edgar/data/832101/"
  },
  {
    "date": "1996-12-31",
    "symbol": "IEX",
    "reportedCurrency": "USD",
    "cik": "0000832101",
    "fillingDate": "1997-02-14",
    "acceptedDate": "1997-02-14 00:00:00",
    "calendarYear": "1996",
    "period": "Q4",
    "revenue": 156700000,
    "costOfRevenue": 93300000,
    "grossProfit": 63400000,
    "grossProfitRatio": 0.4045947671,
    "researchAndDevelopmentExpenses": 0,
    "generalAndAdministrativeExpenses": 29600000,
    "sellingAndMarketingExpenses": 0,
    "sellingGeneralAndAdministrativeExpenses": 29600000,
    "otherExpenses": 6300000,
    "operatingExpenses": 35900000,
    "costAndExpenses": 129200000,
    "interestIncome": 0,
    "interestExpense": 0,
    "depreciationAndAmortization": 6300000,
    "ebitda": 33800000,
    "ebitdaratio": 0.2156987875,
    "operatingIncome": 27500000,
    "operatingIncomeRatio": 0.1754945756,
    "totalOtherIncomeExpensesNet": -5900000,
    "incomeBeforeTax": 21600000,
    "incomeBeforeTaxRatio": 0.1378430121,
    "incomeTaxExpense": 8100000,
    "netIncome": 13500000,
    "netIncomeRatio": 0.0861518826,
    "eps": 0.21,
    "epsdiluted": 0.21,
    "weightedAverageShsOut": 65018463,
    "weightedAverageShsOutDil": 65478285,
    "link": "https://www.sec.gov/Archives/edgar/data/832101/000095013797000633/0000950137-97-000633-index.html",
    "finalLink": "https://www.sec.gov/Archives/edgar/data/832101/"
  },
  {
    "date": "1996-09-30",
    "symbol": "IEX",
    "reportedCurrency": "USD",
    "cik": "0000832101",
    "fillingDate": "1996-11-14",
    "acceptedDate": "1996-11-14 00:00:00",
    "calendarYear": "1996",
    "period": "Q3",
    "revenue": 140900000,
    "costOfRevenue": 82000000,
    "grossProfit": 58900000,
    "grossProfitRatio": 0.4180269695,
    "researchAndDevelopmentExpenses": 0,
    "generalAndAdministrativeExpenses": 28800000,
    "sellingAndMarketingExpenses": 0,
    "sellingGeneralAndAdministrativeExpenses": 28800000,
    "otherExpenses": 6300000,
    "operatingExpenses": 35100000,
    "costAndExpenses": 117100000,
    "interestIncome": 0,
    "interestExpense": 0,
    "depreciationAndAmortization": 6300000,
    "ebitda": 30100000,
    "ebitdaratio": 0.2136266856,
    "operatingIncome": 23800000,
    "operatingIncomeRatio": 0.1689141235,
    "totalOtherIncomeExpensesNet": -5300000,
    "incomeBeforeTax": 18500000,
    "incomeBeforeTaxRatio": 0.1312987935,
    "incomeTaxExpense": 6700000,
    "netIncome": 11800000,
    "netIncomeRatio": 0.0837473385,
    "eps": 0.16,
    "epsdiluted": 0.16,
    "weightedAverageShsOut": 73676324,
    "weightedAverageShsOutDil": 75781416,
    "link": "https://www.sec.gov/Archives/edgar/data/832101/000095013796002302/0000950137-96-002302-index.html",
    "finalLink": "https://www.sec.gov/Archives/edgar/data/832101/"
  },
  {
    "date": "1996-06-30",
    "symbol": "IEX",
    "reportedCurrency": "USD",
    "cik": "0000832101",
    "fillingDate": "1996-08-13",
    "acceptedDate": "1996-08-13 00:00:00",
    "calendarYear": "1996",
    "period": "Q2",
    "revenue": 131200000,
    "costOfRevenue": 76000000,
    "grossProfit": 55200000,
    "grossProfitRatio": 0.4207317073,
    "researchAndDevelopmentExpenses": 0,
    "generalAndAdministrativeExpenses": 26100000,
    "sellingAndMarketingExpenses": 0,
    "sellingGeneralAndAdministrativeExpenses": 26100000,
    "otherExpenses": 5300000,
    "operatingExpenses": 31400000,
    "costAndExpenses": 107400000,
    "interestIncome": 0,
    "interestExpense": 0,
    "depreciationAndAmortization": 5300000,
    "ebitda": 29100000,
    "ebitdaratio": 0.2217987805,
    "operatingIncome": 23800000,
    "operatingIncomeRatio": 0.181402439,
    "totalOtherIncomeExpensesNet": -4200000,
    "incomeBeforeTax": 19600000,
    "incomeBeforeTaxRatio": 0.1493902439,
    "incomeTaxExpense": 6900000,
    "netIncome": 12700000,
    "netIncomeRatio": 0.0967987805,
    "eps": 0.18,
    "epsdiluted": 0.17,
    "weightedAverageShsOut": 69625666,
    "weightedAverageShsOutDil": 73195894,
    "link": "https://www.sec.gov/Archives/edgar/data/832101/000095013796001413/0000950137-96-001413-index.html",
    "finalLink": "https://www.sec.gov/Archives/edgar/data/832101/"
  },
  {
    "date": "1996-03-31",
    "symbol": "IEX",
    "reportedCurrency": "USD",
    "cik": "0000832101",
    "fillingDate": "1996-05-03",
    "acceptedDate": "1996-05-03 00:00:00",
    "calendarYear": "1996",
    "period": "Q1",
    "revenue": 133900000,
    "costOfRevenue": 78100000,
    "grossProfit": 55800000,
    "grossProfitRatio": 0.4167289022,
    "researchAndDevelopmentExpenses": 0,
    "generalAndAdministrativeExpenses": 27000000,
    "sellingAndMarketingExpenses": 0,
    "sellingGeneralAndAdministrativeExpenses": 27000000,
    "otherExpenses": 5300000,
    "operatingExpenses": 32300000,
    "costAndExpenses": 110400000,
    "interestIncome": 0,
    "interestExpense": 0,
    "depreciationAndAmortization": 5300000,
    "ebitda": 28800000,
    "ebitdaratio": 0.215085885,
    "operatingIncome": 23500000,
    "operatingIncomeRatio": 0.1755041075,
    "totalOtherIncomeExpensesNet": -4300000,
    "incomeBeforeTax": 19200000,
    "incomeBeforeTaxRatio": 0.14339059,
    "incomeTaxExpense": 7000000,
    "netIncome": 12200000,
    "netIncomeRatio": 0.0911127707,
    "eps": 0.16,
    "epsdiluted": 0.16,
    "weightedAverageShsOut": 74115024,
    "weightedAverageShsOutDil": 76173826,
    "link": "https://www.sec.gov/Archives/edgar/data/832101/000095012496001922/0000950124-96-001922-index.html",
    "finalLink": "https://www.sec.gov/Archives/edgar/data/832101/"
  },
  {
    "date": "1995-12-31",
    "symbol": "IEX",
    "reportedCurrency": "USD",
    "cik": "0000832101",
    "fillingDate": "1996-02-29",
    "acceptedDate": "1996-02-29 00:00:00",
    "calendarYear": "1995",
    "period": "Q4",
    "revenue": 126700000,
    "costOfRevenue": 74900000,
    "grossProfit": 51800000,
    "grossProfitRatio": 0.408839779,
    "researchAndDevelopmentExpenses": 0,
    "generalAndAdministrativeExpenses": 25500000,
    "sellingAndMarketingExpenses": 0,
    "sellingGeneralAndAdministrativeExpenses": 25500000,
    "otherExpenses": 4100000,
    "operatingExpenses": 29600000,
    "costAndExpenses": 104500000,
    "interestIncome": 0,
    "interestExpense": 0,
    "depreciationAndAmortization": 4100000,
    "ebitda": 26300000,
    "ebitdaratio": 0.2075769534,
    "operatingIncome": 22200000,
    "operatingIncomeRatio": 0.1752170481,
    "totalOtherIncomeExpensesNet": -3800000,
    "incomeBeforeTax": 18400000,
    "incomeBeforeTaxRatio": 0.1452249408,
    "incomeTaxExpense": 6900000,
    "netIncome": 11500000,
    "netIncomeRatio": 0.090765588,
    "eps": 0.16,
    "epsdiluted": 0.16,
    "weightedAverageShsOut": 74115024,
    "weightedAverageShsOutDil": 74115024,
    "link": "https://www.sec.gov/Archives/edgar/data/832101/000095013796000140/0000950137-96-000140-index.html",
    "finalLink": "https://www.sec.gov/Archives/edgar/data/832101/"
  },
  {
    "date": "1995-09-30",
    "symbol": "IEX",
    "reportedCurrency": "USD",
    "cik": "0000832101",
    "fillingDate": "1995-11-08",
    "acceptedDate": "1995-11-08 00:00:00",
    "calendarYear": "1995",
    "period": "Q3",
    "revenue": 116800000,
    "costOfRevenue": 68500000,
    "grossProfit": 48300000,
    "grossProfitRatio": 0.4135273973,
    "researchAndDevelopmentExpenses": 0,
    "generalAndAdministrativeExpenses": 23400000,
    "sellingAndMarketingExpenses": 0,
    "sellingGeneralAndAdministrativeExpenses": 23400000,
    "otherExpenses": 4500000,
    "operatingExpenses": 27900000,
    "costAndExpenses": 96400000,
    "interestIncome": 0,
    "interestExpense": 0,
    "depreciationAndAmortization": 4500000,
    "ebitda": 24900000,
    "ebitdaratio": 0.2131849315,
    "operatingIncome": 20400000,
    "operatingIncomeRatio": 0.1746575342,
    "totalOtherIncomeExpensesNet": -3900000,
    "incomeBeforeTax": 16500000,
    "incomeBeforeTaxRatio": 0.1412671233,
    "incomeTaxExpense": 5800000,
    "netIncome": 10700000,
    "netIncomeRatio": 0.091609589,
    "eps": 0.16,
    "epsdiluted": 0.16,
    "weightedAverageShsOut": 66808192,
    "weightedAverageShsOutDil": 66808192,
    "link": "https://www.sec.gov/Archives/edgar/data/832101/000095012495003605/0000950124-95-003605-index.html",
    "finalLink": "https://www.sec.gov/Archives/edgar/data/832101/"
  }
]