[
  {
    "date": "2024-12-31",
    "symbol": "IEX",
    "reportedCurrency": "USD",
    "cik": "0000832101",
    "fillingDate": "2025-02-20",
    "acceptedDate": "2025-02-20 16:31:33",
    "calendarYear": "2024",
    "period": "FY",
    "revenue": 3268800000,
    "costOfRevenue": 1752100000,
    "grossProfit": 1516700000,
    "grossProfitRatio": 0.4639929026,
    "researchAndDevelopmentExpenses": 178600000,
    "generalAndAdministrativeExpenses": 0,
    "sellingAndMarketingExpenses": 0,
    "sellingGeneralAndAdministrativeExpenses": 641200000,
    "otherExpenses": 0,
    "operatingExpenses": 819800000,
    "costAndExpenses": 2571900000,
    "interestIncome": 0,
    "interestExpense": 44500000,
    "depreciationAndAmortization": 175600000,
    "ebitda": 859400000,
    "ebitdaratio": 0.2629099364,
    "operatingIncome": 696900000,
    "operatingIncomeRatio": 0.2131975037,
    "totalOtherIncomeExpensesNet": -57600000,
    "incomeBeforeTax": 639300000,
    "incomeBeforeTaxRatio": 0.1955763583,
    "incomeTaxExpense": 134700000,
    "netIncome": 505000000,
    "netIncomeRatio": 0.1544909447,
    "eps": 6.67,
    "epsdiluted": 6.64,
    "weightedAverageShsOut": 75700000,
    "weightedAverageShsOutDil": 75900000,
    "link": "https://www.sec.gov/Archives/edgar/data/832101/000083210125000010/0000832101-25-000010-index.htm",
    "finalLink": "https://www.sec.gov/Archives/edgar/data/832101/000083210125000010/iex-20241231.htm"
  },
  {
    "date": "2023-12-31",
    "symbol": "IEX",
    "reportedCurrency": "USD",
    "cik": "0000832101",
    "fillingDate": "2024-02-22",
    "acceptedDate": "2024-02-22 11:56:07",
    "calendarYear": "2023",
    "period": "FY",
    "revenue": 3273900000,
    "costOfRevenue": 1651100000,
    "grossProfit": 1622800000,
    "grossProfitRatio": 0.4956779376,
    "researchAndDevelopmentExpenses": 175900000,
    "generalAndAdministrativeExpenses": 0,
    "sellingAndMarketingExpenses": 0,
    "sellingGeneralAndAdministrativeExpenses": 696200000,
    "otherExpenses": 0,
    "operatingExpenses": 872100000,
    "costAndExpenses": 2523200000,
    "interestIncome": 0,
    "interestExpense": 51700000,
    "depreciationAndAmortization": 152100000,
    "ebitda": 964100000,
    "ebitdaratio": 0.2944805889,
    "operatingIncome": 750700000,
    "operatingIncomeRatio": 0.2292983903,
    "totalOtherIncomeExpensesNet": 9600000,
    "incomeBeforeTax": 760300000,
    "incomeBeforeTaxRatio": 0.2322306729,
    "incomeTaxExpense": 164700000,
    "netIncome": 596100000,
    "netIncomeRatio": 0.1820764226,
    "eps": 7.88,
    "epsdiluted": 7.85,
    "weightedAverageShsOut": 75600000,
    "weightedAverageShsOutDil": 75900000,
    "link": "https://www.sec.gov/Archives/edgar/data/832101/000083210124000009/0000832101-24-000009-index.htm",
    "finalLink": "https://www.sec.gov/Archives/edgar/data/832101/000083210124000009/iex-20231231.htm"
  },
  {
    "date": "2022-12-31",
    "symbol": "IEX",
    "reportedCurrency": "USD",
    "cik": "0000832101",
    "fillingDate": "2023-02-23",
    "acceptedDate": "2023-02-23 12:07:06",
    "calendarYear": "2022",
    "period": "FY",
    "revenue": 3181900000,
    "costOfRevenue": 1587500000,
    "grossProfit": 1594400000,
    "grossProfitRatio": 0.5010842578,
    "researchAndDevelopmentExpenses": 156800000,
    "generalAndAdministrativeExpenses": 0,
    "sellingAndMarketingExpenses": 0,
    "sellingGeneralAndAdministrativeExpenses": 648100000,
    "otherExpenses": 0,
    "operatingExpenses": 804900000,
    "costAndExpenses": 2392400000,
    "interestIncome": 0,
    "interestExpense": 40700000,
    "depreciationAndAmortization": 119700000,
    "ebitda": 909800000,
    "ebitdaratio": 0.2859297904,
    "operatingIncome": 789500000,
    "operatingIncomeRatio": 0.2481221911,
    "totalOtherIncomeExpensesNet": -40100000,
    "incomeBeforeTax": 749400000,
    "incomeBeforeTaxRatio": 0.2355196581,
    "incomeTaxExpense": 162700000,
    "netIncome": 586900000,
    "netIncomeRatio": 0.1844495427,
    "eps": 7.75,
    "epsdiluted": 7.72,
    "weightedAverageShsOut": 75700000,
    "weightedAverageShsOutDil": 76000000,
    "link": "https://www.sec.gov/Archives/edgar/data/832101/000083210123000013/0000832101-23-000013-index.htm",
    "finalLink": "https://www.sec.gov/Archives/edgar/data/832101/000083210123000013/iex-20221231.htm"
  },
  {
    "date": "2021-12-31",
    "symbol": "IEX",
    "reportedCurrency": "USD",
    "cik": "0000832101",
    "fillingDate": "2022-02-24",
    "acceptedDate": "2022-02-24 13:47:55",
    "calendarYear": "2021",
    "period": "FY",
    "revenue": 2764800000,
    "costOfRevenue": 1403300000,
    "grossProfit": 1361500000,
    "grossProfitRatio": 0.4924406829,
    "researchAndDevelopmentExpenses": 133000000,
    "generalAndAdministrativeExpenses": 0,
    "sellingAndMarketingExpenses": 0,
    "sellingGeneralAndAdministrativeExpenses": 573200000,
    "otherExpenses": -1300000,
    "operatingExpenses": 707500000,
    "costAndExpenses": 2110800000,
    "interestIncome": 0,
    "interestExpense": 37700000,
    "depreciationAndAmortization": 103000000,
    "ebitda": 720500000,
    "ebitdaratio": 0.2605975116,
    "operatingIncome": 654000000,
    "operatingIncomeRatio": 0.2365451389,
    "totalOtherIncomeExpensesNet": -74200000,
    "incomeBeforeTax": 579800000,
    "incomeBeforeTaxRatio": 0.2097077546,
    "incomeTaxExpense": 130500000,
    "netIncome": 449400000,
    "netIncomeRatio": 0.1625434028,
    "eps": 5.91,
    "epsdiluted": 5.88,
    "weightedAverageShsOut": 76000000,
    "weightedAverageShsOutDil": 76400000,
    "link": "https://www.sec.gov/Archives/edgar/data/832101/000083210122000008/0000832101-22-000008-index.htm",
    "finalLink": "https://www.sec.gov/Archives/edgar/data/832101/000083210122000008/iex-20211231.htm"
  },
  {
    "date": "2020-12-31",
    "symbol": "IEX",
    "reportedCurrency": "USD",
    "cik": "0000832101",
    "fillingDate": "2021-02-25",
    "acceptedDate": "2021-02-25 13:09:33",
    "calendarYear": "2020",
    "period": "FY",
    "revenue": 2351646000,
    "costOfRevenue": 1193722000,
    "grossProfit": 1157924000,
    "grossProfitRatio": 0.4923887354,
    "researchAndDevelopmentExpenses": 130500000,
    "generalAndAdministrativeExpenses": 0,
    "sellingAndMarketingExpenses": 0,
    "sellingGeneralAndAdministrativeExpenses": 490635000,
    "otherExpenses": 0,
    "operatingExpenses": 621135000,
    "costAndExpenses": 1814857000,
    "interestIncome": 0,
    "interestExpense": 50767000,
    "depreciationAndAmortization": 83495000,
    "ebitda": 604602000,
    "ebitdaratio": 0.2570973692,
    "operatingIncome": 536789000,
    "operatingIncomeRatio": 0.2282609713,
    "totalOtherIncomeExpensesNet": -66449000,
    "incomeBeforeTax": 470340000,
    "incomeBeforeTaxRatio": 0.2000045925,
    "incomeTaxExpense": 92562000,
    "netIncome": 377800000,
    "netIncomeRatio": 0.1606534317,
    "eps": 4.99,
    "epsdiluted": 4.94,
    "weightedAverageShsOut": 75741000,
    "weightedAverageShsOutDil": 76400000,
    "link": "https://www.sec.gov/Archives/edgar/data/832101/000083210121000017/0000832101-21-000017-index.htm",
    "finalLink": "https://www.sec.gov/Archives/edgar/data/832101/000083210121000017/iex-20201231.htm"
  },
  {
    "date": "2019-12-31",
    "symbol": "IEX",
    "reportedCurrency": "USD",
    "cik": "0000832101",
    "fillingDate": "2020-02-21",
    "acceptedDate": "2020-02-21 14:33:15",
    "calendarYear": "2019",
    "period": "FY",
    "revenue": 2494573000,
    "costOfRevenue": 1220739000,
    "grossProfit": 1273834000,
    "grossProfitRatio": 0.5106421019,
    "researchAndDevelopmentExpenses": 148800000,
    "generalAndAdministrativeExpenses": 0,
    "sellingAndMarketingExpenses": 0,
    "sellingGeneralAndAdministrativeExpenses": 523287000,
    "otherExpenses": 0,
    "operatingExpenses": 672087000,
    "costAndExpenses": 1892826000,
    "interestIncome": 0,
    "interestExpense": 38014000,
    "depreciationAndAmortization": 76876000,
    "ebitda": 647793000,
    "ebitdaratio": 0.2596809153,
    "operatingIncome": 601747000,
    "operatingIncomeRatio": 0.2412224457,
    "totalOtherIncomeExpensesNet": -68844000,
    "incomeBeforeTax": 532903000,
    "incomeBeforeTaxRatio": 0.213624937,
    "incomeTaxExpense": 107382000,
    "netIncome": 425521000,
    "netIncomeRatio": 0.1705786922,
    "eps": 5.63,
    "epsdiluted": 5.57,
    "weightedAverageShsOut": 75594000,
    "weightedAverageShsOutDil": 76454000,
    "link": "https://www.sec.gov/Archives/edgar/data/832101/000083210120000007/0000832101-20-000007-index.htm",
    "finalLink": "https://www.sec.gov/Archives/edgar/data/832101/000083210120000007/iex-20191231x10k.htm"
  },
  {
    "date": "2018-12-31",
    "symbol": "IEX",
    "reportedCurrency": "USD",
    "cik": "0000832101",
    "fillingDate": "2019-02-28",
    "acceptedDate": "2019-02-28 17:22:58",
    "calendarYear": "2018",
    "period": "FY",
    "revenue": 2483666000,
    "costOfRevenue": 1317771000,
    "grossProfit": 1165895000,
    "grossProfitRatio": 0.4694250354,
    "researchAndDevelopmentExpenses": 48000000,
    "generalAndAdministrativeExpenses": 0,
    "sellingAndMarketingExpenses": 0,
    "sellingGeneralAndAdministrativeExpenses": 533724000,
    "otherExpenses": 0,
    "operatingExpenses": 581724000,
    "costAndExpenses": 1899495000,
    "interestIncome": 0,
    "interestExpense": 50609000,
    "depreciationAndAmortization": 77544000,
    "ebitda": 657092000,
    "ebitdaratio": 0.2645653643,
    "operatingIncome": 584171000,
    "operatingIncomeRatio": 0.2352051363,
    "totalOtherIncomeExpensesNet": -55232000,
    "incomeBeforeTax": 528939000,
    "incomeBeforeTaxRatio": 0.2129670415,
    "incomeTaxExpense": 118366000,
    "netIncome": 410573000,
    "netIncomeRatio": 0.1653092646,
    "eps": 5.37,
    "epsdiluted": 5.29,
    "weightedAverageShsOut": 76412000,
    "weightedAverageShsOutDil": 77563000,
    "link": "https://www.sec.gov/Archives/edgar/data/832101/000083210119000005/0000832101-19-000005-index.htm",
    "finalLink": "https://www.sec.gov/Archives/edgar/data/832101/000083210119000005/iex-20181231x10k.htm"
  },
  {
    "date": "2017-12-31",
    "symbol": "IEX",
    "reportedCurrency": "USD",
    "cik": "0000832101",
    "fillingDate": "2018-02-22",
    "acceptedDate": "2018-02-22 16:15:56",
    "calendarYear": "2017",
    "period": "FY",
    "revenue": 2287312000,
    "costOfRevenue": 1218234000,
    "grossProfit": 1069078000,
    "grossProfitRatio": 0.467394916,
    "researchAndDevelopmentExpenses": 42400000,
    "generalAndAdministrativeExpenses": 0,
    "sellingAndMarketingExpenses": 0,
    "sellingGeneralAndAdministrativeExpenses": 523640000,
    "otherExpenses": 0,
    "operatingExpenses": 566040000,
    "costAndExpenses": 1784274000,
    "interestIncome": 0,
    "interestExpense": 51544000,
    "depreciationAndAmortization": 84216000,
    "ebitda": 591033000,
    "ebitdaratio": 0.2583963185,
    "operatingIncome": 503038000,
    "operatingIncomeRatio": 0.2199253971,
    "totalOtherIncomeExpensesNet": -47765000,
    "incomeBeforeTax": 455273000,
    "incomeBeforeTaxRatio": 0.1990428066,
    "incomeTaxExpense": 118016000,
    "netIncome": 337257000,
    "netIncomeRatio": 0.1474468721,
    "eps": 4.41,
    "epsdiluted": 4.36,
    "weightedAverageShsOut": 76232000,
    "weightedAverageShsOutDil": 77333000,
    "link": "https://www.sec.gov/Archives/edgar/data/832101/000083210118000019/0000832101-18-000019-index.htm",
    "finalLink": "https://www.sec.gov/Archives/edgar/data/832101/000083210118000019/iex-20171231x10k.htm"
  },
  {
    "date": "2016-12-31",
    "symbol": "IEX",
    "reportedCurrency": "USD",
    "cik": "0000832101",
    "fillingDate": "2017-02-23",
    "acceptedDate": "2017-02-23 12:49:53",
    "calendarYear": "2016",
    "period": "FY",
    "revenue": 2113043000,
    "costOfRevenue": 1128176000,
    "grossProfit": 984867000,
    "grossProfitRatio": 0.4660894265,
    "researchAndDevelopmentExpenses": 39400000,
    "generalAndAdministrativeExpenses": 0,
    "sellingAndMarketingExpenses": 0,
    "sellingGeneralAndAdministrativeExpenses": 494294000,
    "otherExpenses": 0,
    "operatingExpenses": 533693999,
    "costAndExpenses": 1661870000,
    "interestIncome": 0,
    "interestExpense": 52467000,
    "depreciationAndAmortization": 86892000,
    "ebitda": 507871000,
    "ebitdaratio": 0.2403505277,
    "operatingIncome": 451173000,
    "operatingIncomeRatio": 0.2135181347,
    "totalOtherIncomeExpensesNet": -82661000,
    "incomeBeforeTax": 368512000,
    "incomeBeforeTaxRatio": 0.1743987226,
    "incomeTaxExpense": 97403000,
    "netIncome": 271109000,
    "netIncomeRatio": 0.1283026422,
    "eps": 3.57,
    "epsdiluted": 3.53,
    "weightedAverageShsOut": 75803000,
    "weightedAverageShsOutDil": 76758000,
    "link": "https://www.sec.gov/Archives/edgar/data/832101/000083210117000016/0000832101-17-000016-index.htm",
    "finalLink": "https://www.sec.gov/Archives/edgar/data/832101/000083210117000016/iex-20161231x10k.htm"
  },
  {
    "date": "2015-12-31",
    "symbol": "IEX",
    "reportedCurrency": "USD",
    "cik": "0000832101",
    "fillingDate": "2016-02-19",
    "acceptedDate": "2016-02-19 15:42:11",
    "calendarYear": "2015",
    "period": "FY",
    "revenue": 2020668000,
    "costOfRevenue": 1079353000,
    "grossProfit": 941315000,
    "grossProfitRatio": 0.4658434735,
    "researchAndDevelopmentExpenses": 33600000,
    "generalAndAdministrativeExpenses": 0,
    "sellingAndMarketingExpenses": 0,
    "sellingGeneralAndAdministrativeExpenses": 476808000,
    "otherExpenses": 0,
    "operatingExpenses": 510408000,
    "costAndExpenses": 1589761000,
    "interestIncome": 0,
    "interestExpense": 34606000,
    "depreciationAndAmortization": 78120000,
    "ebitda": 505071000,
    "ebitdaratio": 0.249952491,
    "operatingIncome": 430907000,
    "operatingIncomeRatio": 0.2132497768,
    "totalOtherIncomeExpensesNet": -38562000,
    "incomeBeforeTax": 392345000,
    "incomeBeforeTaxRatio": 0.1941659887,
    "incomeTaxExpense": 109538000,
    "netIncome": 282807000,
    "netIncomeRatio": 0.1399571825,
    "eps": 3.65,
    "epsdiluted": 3.62,
    "weightedAverageShsOut": 77126000,
    "weightedAverageShsOutDil": 77972000,
    "link": "https://www.sec.gov/Archives/edgar/data/832101/000083210116000057/0000832101-16-000057-index.htm",
    "finalLink": "https://www.sec.gov/Archives/edgar/data/832101/000083210116000057/iex-20151231x10k.htm"
  },
  {
    "date": "2014-12-31",
    "symbol": "IEX",
    "reportedCurrency": "USD",
    "cik": "0000832101",
    "fillingDate": "2015-02-23",
    "acceptedDate": "2015-02-23 14:32:59",
    "calendarYear": "2014",
    "period": "FY",
    "revenue": 2147767000,
    "costOfRevenue": 1160352000,
    "grossProfit": 987415000,
    "grossProfitRatio": 0.4597402791,
    "researchAndDevelopmentExpenses": 36800000,
    "generalAndAdministrativeExpenses": 0,
    "sellingAndMarketingExpenses": 0,
    "sellingGeneralAndAdministrativeExpenses": 502719000,
    "otherExpenses": 0,
    "operatingExpenses": 539519000,
    "costAndExpenses": 1699871000,
    "interestIncome": 0,
    "interestExpense": 34672000,
    "depreciationAndAmortization": 76907000,
    "ebitda": 504019000,
    "ebitdaratio": 0.2346711724,
    "operatingIncome": 447896000,
    "operatingIncomeRatio": 0.2085403119,
    "totalOtherIncomeExpensesNet": -55456000,
    "incomeBeforeTax": 392440000,
    "incomeBeforeTaxRatio": 0.1827200064,
    "incomeTaxExpense": 113054000,
    "netIncome": 279386000,
    "netIncomeRatio": 0.1300820806,
    "eps": 3.48,
    "epsdiluted": 3.45,
    "weightedAverageShsOut": 79715000,
    "weightedAverageShsOutDil": 80728000,
    "link": "https://www.sec.gov/Archives/edgar/data/832101/000083210115000009/0000832101-15-000009-index.htm",
    "finalLink": "https://www.sec.gov/Archives/edgar/data/832101/000083210115000009/iex-20141231x10k.htm"
  },
  {
    "date": "2013-12-31",
    "symbol": "IEX",
    "reportedCurrency": "USD",
    "cik": "0000832101",
    "fillingDate": "2014-02-13",
    "acceptedDate": "2014-02-13 14:56:29",
    "calendarYear": "2013",
    "period": "FY",
    "revenue": 2024130000,
    "costOfRevenue": 1115966000,
    "grossProfit": 908164000,
    "grossProfitRatio": 0.4486688108,
    "researchAndDevelopmentExpenses": 33000000,
    "generalAndAdministrativeExpenses": 0,
    "sellingAndMarketingExpenses": 0,
    "sellingGeneralAndAdministrativeExpenses": 476451000,
    "otherExpenses": 0,
    "operatingExpenses": 509451000,
    "costAndExpenses": 1625417000,
    "interestIncome": 0,
    "interestExpense": 34776000,
    "depreciationAndAmortization": 79334000,
    "ebitda": 467239000,
    "ebitdaratio": 0.230834482,
    "operatingIncome": 398713000,
    "operatingIncomeRatio": 0.1969799371,
    "totalOtherIncomeExpensesNet": -45584000,
    "incomeBeforeTax": 353129000,
    "incomeBeforeTaxRatio": 0.1744596444,
    "incomeTaxExpense": 97914000,
    "netIncome": 255215000,
    "netIncomeRatio": 0.1260862692,
    "eps": 3.11,
    "epsdiluted": 3.09,
    "weightedAverageShsOut": 81517000,
    "weightedAverageShsOutDil": 82489000,
    "link": "https://www.sec.gov/Archives/edgar/data/832101/000144530514000435/0001445305-14-000435-index.htm",
    "finalLink": "https://www.sec.gov/Archives/edgar/data/832101/000144530514000435/iex-20131231x10k.htm"
  },
  {
    "date": "2012-12-31",
    "symbol": "IEX",
    "reportedCurrency": "USD",
    "cik": "0000832101",
    "fillingDate": "2013-02-21",
    "acceptedDate": "2013-02-21 16:47:17",
    "calendarYear": "2012",
    "period": "FY",
    "revenue": 1954258000,
    "costOfRevenue": 1114158000,
    "grossProfit": 840100000,
    "grossProfitRatio": 0.4298818273,
    "researchAndDevelopmentExpenses": 36400000,
    "generalAndAdministrativeExpenses": 0,
    "sellingAndMarketingExpenses": 0,
    "sellingGeneralAndAdministrativeExpenses": 444490000,
    "otherExpenses": 0,
    "operatingExpenses": 480890000,
    "costAndExpenses": 1595048000,
    "interestIncome": 0,
    "interestExpense": 34613000,
    "depreciationAndAmortization": 78312000,
    "ebitda": 199129000,
    "ebitdaratio": 0.1018949392,
    "operatingIncome": 359210000,
    "operatingIncomeRatio": 0.1838088932,
    "totalOtherIncomeExpensesNet": -273006000,
    "incomeBeforeTax": 86204000,
    "incomeBeforeTaxRatio": 0.0441108595,
    "incomeTaxExpense": 48574000,
    "netIncome": 37630000,
    "netIncomeRatio": 0.01925539,
    "eps": 0.45,
    "epsdiluted": 0.45,
    "weightedAverageShsOut": 82689000,
    "weightedAverageShsOutDil": 83641000,
    "link": "https://www.sec.gov/Archives/edgar/data/832101/000119312513069436/0001193125-13-069436-index.htm",
    "finalLink": "https://www.sec.gov/Archives/edgar/data/832101/000119312513069436/d442705d10k.htm"
  },
  {
    "date": "2011-12-31",
    "symbol": "IEX",
    "reportedCurrency": "USD",
    "cik": "0000832101",
    "fillingDate": "2012-02-24",
    "acceptedDate": "2012-02-24 16:35:05",
    "calendarYear": "2011",
    "period": "FY",
    "revenue": 1838451000,
    "costOfRevenue": 1046978000,
    "grossProfit": 791347000,
    "grossProfitRatio": 0.4304422582,
    "researchAndDevelopmentExpenses": 36000000,
    "generalAndAdministrativeExpenses": 0,
    "sellingAndMarketingExpenses": 0,
    "sellingGeneralAndAdministrativeExpenses": 415903000,
    "otherExpenses": 0,
    "operatingExpenses": 451903000,
    "costAndExpenses": 1498881000,
    "interestIncome": 0,
    "interestExpense": 23135000,
    "depreciationAndAmortization": 72386000,
    "ebitda": 369402000,
    "ebitdaratio": 0.2009311099,
    "operatingIncome": 339444000,
    "operatingIncomeRatio": 0.1846358701,
    "totalOtherIncomeExpensesNet": -65563000,
    "incomeBeforeTax": 273881000,
    "incomeBeforeTaxRatio": 0.1489737828,
    "incomeTaxExpense": 80024000,
    "netIncome": 193857000,
    "netIncomeRatio": 0.1054458346,
    "eps": 2.34,
    "epsdiluted": 2.32,
    "weightedAverageShsOut": 82145000,
    "weightedAverageShsOutDil": 83543000,
    "link": "https://www.sec.gov/Archives/edgar/data/832101/000119312512078246/0001193125-12-078246-index.htm",
    "finalLink": "https://www.sec.gov/Archives/edgar/data/832101/000119312512078246/d270136d10k.htm"
  },
  {
    "date": "2010-12-31",
    "symbol": "IEX",
    "reportedCurrency": "USD",
    "cik": "0000832101",
    "fillingDate": "2011-02-25",
    "acceptedDate": "2011-02-25 15:10:15",
    "calendarYear": "2010",
    "period": "FY",
    "revenue": 1513073000,
    "costOfRevenue": 862790000,
    "grossProfit": 650157000,
    "grossProfitRatio": 0.4296930816,
    "researchAndDevelopmentExpenses": 31800000,
    "generalAndAdministrativeExpenses": 0,
    "sellingAndMarketingExpenses": 0,
    "sellingGeneralAndAdministrativeExpenses": 358272000,
    "otherExpenses": 0,
    "operatingExpenses": 390072000,
    "costAndExpenses": 1252862000,
    "interestIncome": 0,
    "interestExpense": 7345000,
    "depreciationAndAmortization": 58108000,
    "ebitda": 306132000,
    "ebitdaratio": 0.202324673,
    "operatingIncome": 260084999,
    "operatingIncomeRatio": 0.1718919041,
    "totalOtherIncomeExpensesNet": -28210999,
    "incomeBeforeTax": 231874000,
    "incomeBeforeTaxRatio": 0.1532470674,
    "incomeTaxExpense": 74774000,
    "netIncome": 157100000,
    "netIncomeRatio": 0.1038284339,
    "eps": 1.93,
    "epsdiluted": 1.9,
    "weightedAverageShsOut": 80466000,
    "weightedAverageShsOutDil": 81983000,
    "link": "https://www.sec.gov/Archives/edgar/data/832101/000095012311018609/0000950123-11-018609-index.htm",
    "finalLink": "https://www.sec.gov/Archives/edgar/data/832101/000095012311018609/c62090e10vk.htm"
  },
  {
    "date": "2009-12-31",
    "symbol": "IEX",
    "reportedCurrency": "USD",
    "cik": "0000832101",
    "fillingDate": "2010-03-01",
    "acceptedDate": "2010-03-01 13:51:11",
    "calendarYear": "2009",
    "period": "FY",
    "revenue": 1329661000,
    "costOfRevenue": 777675000,
    "grossProfit": 551087000,
    "grossProfitRatio": 0.4144567676,
    "researchAndDevelopmentExpenses": 29600000,
    "generalAndAdministrativeExpenses": 0,
    "sellingAndMarketingExpenses": 0,
    "sellingGeneralAndAdministrativeExpenses": 325453000,
    "otherExpenses": 0,
    "operatingExpenses": 355053000,
    "costAndExpenses": 1132728000,
    "interestIncome": 0,
    "interestExpense": 9067000,
    "depreciationAndAmortization": 56346000,
    "ebitda": 234240000,
    "ebitdaratio": 0.176165203,
    "operatingIncome": 196034000,
    "operatingIncomeRatio": 0.1474315634,
    "totalOtherIncomeExpensesNet": -27207000,
    "incomeBeforeTax": 168827000,
    "incomeBeforeTaxRatio": 0.126969957,
    "incomeTaxExpense": 55436000,
    "netIncome": 113391000,
    "netIncomeRatio": 0.0852781273,
    "eps": 1.41,
    "epsdiluted": 1.4,
    "weightedAverageShsOut": 79716000,
    "weightedAverageShsOutDil": 80727000,
    "link": "https://www.sec.gov/Archives/edgar/data/832101/000095012310019117/0000950123-10-019117-index.htm",
    "finalLink": "https://www.sec.gov/Archives/edgar/data/832101/000095012310019117/c55886e10vk.htm"
  },
  {
    "date": "2008-12-31",
    "symbol": "IEX",
    "reportedCurrency": "USD",
    "cik": "0000832101",
    "fillingDate": "2009-03-02",
    "acceptedDate": "2009-02-27 18:38:51",
    "calendarYear": "2008",
    "period": "FY",
    "revenue": 1489471000,
    "costOfRevenue": 862538000,
    "grossProfit": 626952000,
    "grossProfitRatio": 0.420922596,
    "researchAndDevelopmentExpenses": 29500000,
    "generalAndAdministrativeExpenses": 0,
    "sellingAndMarketingExpenses": 0,
    "sellingGeneralAndAdministrativeExpenses": 343392000,
    "otherExpenses": 0,
    "operatingExpenses": 372892000,
    "costAndExpenses": 1235430000,
    "interestIncome": 0,
    "interestExpense": 19200000,
    "depreciationAndAmortization": 48599000,
    "ebitda": 260026000,
    "ebitdaratio": 0.1745760743,
    "operatingIncome": 254060000,
    "operatingIncomeRatio": 0.1705706254,
    "totalOtherIncomeExpensesNet": -61833000,
    "incomeBeforeTax": 198703000,
    "incomeBeforeTaxRatio": 0.1334050814,
    "incomeTaxExpense": 67343000,
    "netIncome": 131360000,
    "netIncomeRatio": 0.0881923851,
    "eps": 1.55,
    "epsdiluted": 1.53,
    "weightedAverageShsOut": 81123000,
    "weightedAverageShsOutDil": 82320000,
    "link": "https://www.sec.gov/Archives/edgar/data/832101/000095013709001391/0000950137-09-001391-index.htm",
    "finalLink": "https://www.sec.gov/Archives/edgar/data/832101/000095013709001391/c48949e10vk.htm"
  },
  {
    "date": "2007-12-31",
    "symbol": "IEX",
    "reportedCurrency": "USD",
    "cik": "0000832101",
    "fillingDate": "2008-02-29",
    "acceptedDate": "2008-02-29 14:32:52",
    "calendarYear": "2007",
    "period": "FY",
    "revenue": 1358631000,
    "costOfRevenue": 762082000,
    "grossProfit": 596549000,
    "grossProfitRatio": 0.4390809572,
    "researchAndDevelopmentExpenses": 28100000,
    "generalAndAdministrativeExpenses": 0,
    "sellingAndMarketingExpenses": 0,
    "sellingGeneralAndAdministrativeExpenses": 313366000,
    "otherExpenses": 0,
    "operatingExpenses": 341466000,
    "costAndExpenses": 1103548000,
    "interestIncome": 0,
    "interestExpense": 23353000,
    "depreciationAndAmortization": 38498000,
    "ebitda": 290147000,
    "ebitdaratio": 0.213558354,
    "operatingIncome": 255083000,
    "operatingIncomeRatio": 0.1877500219,
    "totalOtherIncomeExpensesNet": -19919000,
    "incomeBeforeTax": 235164000,
    "incomeBeforeTaxRatio": 0.1730889403,
    "incomeTaxExpense": 79300000,
    "netIncome": 155145000,
    "netIncomeRatio": 0.1141921537,
    "eps": 1.92,
    "epsdiluted": 1.89,
    "weightedAverageShsOut": 80666000,
    "weightedAverageShsOutDil": 82086000,
    "link": "https://www.sec.gov/Archives/edgar/data/832101/000095013708003071/0000950137-08-003071-index.htm",
    "finalLink": "https://www.sec.gov/Archives/edgar/data/832101/000095013708003071/c23660e10vk.txt"
  },
  {
    "date": "2006-12-31",
    "symbol": "IEX",
    "reportedCurrency": "USD",
    "cik": "0000832101",
    "fillingDate": "2007-05-01",
    "acceptedDate": "2007-05-01 16:35:55",
    "calendarYear": "2006",
    "period": "FY",
    "revenue": 1154940000,
    "costOfRevenue": 652733000,
    "grossProfit": 502207000,
    "grossProfitRatio": 0.4348338442,
    "researchAndDevelopmentExpenses": 24800000,
    "generalAndAdministrativeExpenses": 0,
    "sellingAndMarketingExpenses": 0,
    "sellingGeneralAndAdministrativeExpenses": 260201000,
    "otherExpenses": 0,
    "operatingExpenses": 285001000,
    "costAndExpenses": 937734000,
    "interestIncome": 0,
    "interestExpense": 16353000,
    "depreciationAndAmortization": 30412000,
    "ebitda": 246578000,
    "ebitdaratio": 0.2134985367,
    "operatingIncome": 217206000,
    "operatingIncomeRatio": 0.1880669126,
    "totalOtherIncomeExpensesNet": -15313000,
    "incomeBeforeTax": 201893000,
    "incomeBeforeTaxRatio": 0.1748082151,
    "incomeTaxExpense": 68171000,
    "netIncome": 146671000,
    "netIncomeRatio": 0.1269944759,
    "eps": 1.84,
    "epsdiluted": 1.81,
    "weightedAverageShsOut": 79527000,
    "weightedAverageShsOutDil": 80976000,
    "link": "https://www.sec.gov/Archives/edgar/data/832101/000095013707006481/0000950137-07-006481-index.htm",
    "finalLink": "https://www.sec.gov/Archives/edgar/data/832101/000095013707006481/c14794a1e10vkza.txt"
  },
  {
    "date": "2005-12-31",
    "symbol": "IEX",
    "reportedCurrency": "USD",
    "cik": "0000832101",
    "fillingDate": "2006-03-06",
    "acceptedDate": "2006-03-06 17:23:05",
    "calendarYear": "2005",
    "period": "FY",
    "revenue": 1043275000,
    "costOfRevenue": 573486000,
    "grossProfit": 437767000,
    "grossProfitRatio": 0.4196084446,
    "researchAndDevelopmentExpenses": 23800000,
    "generalAndAdministrativeExpenses": 0,
    "sellingAndMarketingExpenses": 0,
    "sellingGeneralAndAdministrativeExpenses": 232935000,
    "otherExpenses": 0,
    "operatingExpenses": 256735000,
    "costAndExpenses": 830221000,
    "interestIncome": 0,
    "interestExpense": 14370000,
    "depreciationAndAmortization": 30651000,
    "ebitda": 207972000,
    "ebitdaratio": 0.1993453308,
    "operatingIncome": 181032000,
    "operatingIncomeRatio": 0.1735228008,
    "totalOtherIncomeExpensesNet": -13813000,
    "incomeBeforeTax": 168928000,
    "incomeBeforeTaxRatio": 0.1619208742,
    "incomeTaxExpense": 59125000,
    "netIncome": 109803000,
    "netIncomeRatio": 0.1052483765,
    "eps": 1.43,
    "epsdiluted": 1.39,
    "weightedAverageShsOut": 77088000,
    "weightedAverageShsOutDil": 79080000,
    "link": "https://www.sec.gov/Archives/edgar/data/832101/000095013706002615/0000950137-06-002615-index.htm",
    "finalLink": "https://www.sec.gov/Archives/edgar/data/832101/000095013706002615/c02997e10vk.txt"
  },
  {
    "date": "2004-12-31",
    "symbol": "IEX",
    "reportedCurrency": "USD",
    "cik": "0000832101",
    "fillingDate": "2005-02-28",
    "acceptedDate": "2005-02-28 17:15:47",
    "calendarYear": "2004",
    "period": "FY",
    "revenue": 928297000,
    "costOfRevenue": 536260000,
    "grossProfit": 392037000,
    "grossProfitRatio": 0.4223185037,
    "researchAndDevelopmentExpenses": 21242000,
    "generalAndAdministrativeExpenses": 0,
    "sellingAndMarketingExpenses": 0,
    "sellingGeneralAndAdministrativeExpenses": 221411000,
    "otherExpenses": 0,
    "operatingExpenses": 242653000,
    "costAndExpenses": 778913000,
    "interestIncome": 0,
    "interestExpense": 14764000,
    "depreciationAndAmortization": 31529000,
    "ebitda": 181656000,
    "ebitdaratio": 0.1956873716,
    "operatingIncome": 149384000,
    "operatingIncomeRatio": 0.1609226358,
    "totalOtherIncomeExpensesNet": -15506999,
    "incomeBeforeTax": 133877000,
    "incomeBeforeTaxRatio": 0.1442178527,
    "incomeTaxExpense": 47471000,
    "netIncome": 86406000,
    "netIncomeRatio": 0.0930801241,
    "eps": 1.15,
    "epsdiluted": 1.12,
    "weightedAverageShsOut": 75110000,
    "weightedAverageShsOutDil": 77022000,
    "link": "https://www.sec.gov/Archives/edgar/data/832101/000095013705002422/0000950137-05-002422-index.htm",
    "finalLink": "https://www.sec.gov/Archives/edgar/data/832101/000095013705002422/c92427e10vk.txt"
  },
  {
    "date": "2003-12-31",
    "symbol": "IEX",
    "reportedCurrency": "USD",
    "cik": "0000832101",
    "fillingDate": "2004-03-05",
    "acceptedDate": "2004-03-05 14:50:47",
    "calendarYear": "2003",
    "period": "FY",
    "revenue": 797920000,
    "costOfRevenue": 488600000,
    "grossProfit": 309320000,
    "grossProfitRatio": 0.3876579106,
    "researchAndDevelopmentExpenses": 0,
    "generalAndAdministrativeExpenses": 199458000,
    "sellingAndMarketingExpenses": 0,
    "sellingGeneralAndAdministrativeExpenses": 199458000,
    "otherExpenses": 0,
    "operatingExpenses": 199458000,
    "costAndExpenses": 688058000,
    "interestIncome": 0,
    "interestExpense": 0,
    "depreciationAndAmortization": 30055000,
    "ebitda": 139917000,
    "ebitdaratio": 0.1753521656,
    "operatingIncome": 109862000,
    "operatingIncomeRatio": 0.1376854823,
    "totalOtherIncomeExpensesNet": -13192000,
    "incomeBeforeTax": 96670000,
    "incomeBeforeTaxRatio": 0.1211524965,
    "incomeTaxExpense": 34318000,
    "netIncome": 62352000,
    "netIncomeRatio": 0.0781431722,
    "eps": 0.85,
    "epsdiluted": 0.83,
    "weightedAverageShsOut": 73192500,
    "weightedAverageShsOutDil": 74958750,
    "link": "https://www.sec.gov/Archives/edgar/data/832101/000095013704001504/0000950137-04-001504-index.htm",
    "finalLink": "https://www.sec.gov/Archives/edgar/data/832101/000095013704001504/c83337e10vk.txt"
  },
  {
    "date": "2002-12-31",
    "symbol": "IEX",
    "reportedCurrency": "USD",
    "cik": "0000832101",
    "fillingDate": "2003-02-28",
    "acceptedDate": "2003-02-28 16:29:14",
    "calendarYear": "2002",
    "period": "FY",
    "revenue": 742014000,
    "costOfRevenue": 460576000,
    "grossProfit": 281438000,
    "grossProfitRatio": 0.3792893396,
    "researchAndDevelopmentExpenses": 0,
    "generalAndAdministrativeExpenses": 181269000,
    "sellingAndMarketingExpenses": 0,
    "sellingGeneralAndAdministrativeExpenses": 181269000,
    "otherExpenses": 0,
    "operatingExpenses": 181269000,
    "costAndExpenses": 641845000,
    "interestIncome": 0,
    "interestExpense": 0,
    "depreciationAndAmortization": 30105000,
    "ebitda": 130274000,
    "ebitdaratio": 0.175568116,
    "operatingIncome": 100372000,
    "operatingIncomeRatio": 0.1352696849,
    "totalOtherIncomeExpensesNet": -16477000,
    "incomeBeforeTax": 83895000,
    "incomeBeforeTaxRatio": 0.1130639045,
    "incomeTaxExpense": 29783000,
    "netIncome": 54112000,
    "netIncomeRatio": 0.0729258478,
    "eps": 0.76,
    "epsdiluted": 0.74,
    "weightedAverageShsOut": 71255250,
    "weightedAverageShsOutDil": 73086750,
    "link": "https://www.sec.gov/Archives/edgar/data/832101/000095013703001231/0000950137-03-001231-index.htm",
    "finalLink": "https://www.sec.gov/Archives/edgar/data/832101/000095013703001231/c75047e10vk.txt"
  },
  {
    "date": "2001-12-31",
    "symbol": "IEX",
    "reportedCurrency": "USD",
    "cik": "0000832101",
    "fillingDate": "2002-03-04",
    "acceptedDate": "2002-03-04 00:00:00",
    "calendarYear": "2001",
    "period": "FY",
    "revenue": 726947000,
    "costOfRevenue": 463225000,
    "grossProfit": 263722000,
    "grossProfitRatio": 0.3627802302,
    "researchAndDevelopmentExpenses": 0,
    "generalAndAdministrativeExpenses": 164893000,
    "sellingAndMarketingExpenses": 0,
    "sellingGeneralAndAdministrativeExpenses": 164893000,
    "otherExpenses": 14165000,
    "operatingExpenses": 179058000,
    "costAndExpenses": 642283000,
    "interestIncome": 0,
    "interestExpense": 0,
    "depreciationAndAmortization": 44297000,
    "ebitda": 128961000,
    "ebitdaratio": 0.1774008284,
    "operatingIncome": 73438000,
    "operatingIncomeRatio": 0.1010224955,
    "totalOtherIncomeExpensesNet": -20007000,
    "incomeBeforeTax": 53431000,
    "incomeBeforeTaxRatio": 0.0735005441,
    "incomeTaxExpense": 20721000,
    "netIncome": 32710000,
    "netIncomeRatio": 0.0449964028,
    "eps": 0.48,
    "epsdiluted": 0.47,
    "weightedAverageShsOut": 67999500,
    "weightedAverageShsOutDil": 69855750,
    "link": "https://www.sec.gov/Archives/edgar/data/832101/000095013702001024/0000950137-02-001024-index.htm",
    "finalLink": "https://www.sec.gov/Archives/edgar/data/832101/000095013702001024/c67745e10-k405.txt"
  },
  {
    "date": "2000-12-31",
    "symbol": "IEX",
    "reportedCurrency": "USD",
    "cik": "0000832101",
    "fillingDate": "2001-01-31",
    "acceptedDate": "2001-01-31 00:00:00",
    "calendarYear": "2000",
    "period": "FY",
    "revenue": 704276000,
    "costOfRevenue": 401417000,
    "grossProfit": 302859000,
    "grossProfitRatio": 0.4300288523,
    "researchAndDevelopmentExpenses": 0,
    "generalAndAdministrativeExpenses": 149639000,
    "sellingAndMarketingExpenses": 0,
    "sellingGeneralAndAdministrativeExpenses": 149639000,
    "otherExpenses": 36704000,
    "operatingExpenses": 186343000,
    "costAndExpenses": 587760000,
    "interestIncome": 0,
    "interestExpense": 0,
    "depreciationAndAmortization": 36704000,
    "ebitda": 153220000,
    "ebitdaratio": 0.2175567533,
    "operatingIncome": 116516000,
    "operatingIncomeRatio": 0.1654408215,
    "totalOtherIncomeExpensesNet": -15490000,
    "incomeBeforeTax": 101026000,
    "incomeBeforeTaxRatio": 0.1434466033,
    "incomeTaxExpense": 37581000,
    "netIncome": 63445000,
    "netIncomeRatio": 0.0900854211,
    "eps": 0.95,
    "epsdiluted": 0.92,
    "weightedAverageShsOut": 66883500,
    "weightedAverageShsOutDil": 68922000,
    "link": "https://www.sec.gov/Archives/edgar/data/832101/000095013701000403/0000950137-01-000403-index.htm",
    "finalLink": "https://www.sec.gov/Archives/edgar/data/832101/000095013701000403/c59764e10-k405.txt"
  },
  {
    "date": "1999-12-31",
    "symbol": "IEX",
    "reportedCurrency": "USD",
    "cik": "0000832101",
    "fillingDate": "2000-02-04",
    "acceptedDate": "2000-02-04 00:00:00",
    "calendarYear": "1999",
    "period": "FY",
    "revenue": 655000000,
    "costOfRevenue": 375100000,
    "grossProfit": 279900000,
    "grossProfitRatio": 0.4273282443,
    "researchAndDevelopmentExpenses": 0,
    "generalAndAdministrativeExpenses": 140500000,
    "sellingAndMarketingExpenses": 0,
    "sellingGeneralAndAdministrativeExpenses": 140500000,
    "otherExpenses": 34800000,
    "operatingExpenses": 175300000,
    "costAndExpenses": 550400000,
    "interestIncome": 0,
    "interestExpense": 0,
    "depreciationAndAmortization": 34800000,
    "ebitda": 139400000,
    "ebitdaratio": 0.2128244275,
    "operatingIncome": 104600000,
    "operatingIncomeRatio": 0.1596946565,
    "totalOtherIncomeExpensesNet": -17400000,
    "incomeBeforeTax": 87200000,
    "incomeBeforeTaxRatio": 0.133129771,
    "incomeTaxExpense": 32800000,
    "netIncome": 54400000,
    "netIncomeRatio": 0.0830534351,
    "eps": 0.82,
    "epsdiluted": 0.8,
    "weightedAverageShsOut": 66474000,
    "weightedAverageShsOutDil": 67691250,
    "link": "https://www.sec.gov/Archives/edgar/data/832101/000095013700000316/0000950137-00-000316-index.html",
    "finalLink": "https://www.sec.gov/Archives/edgar/data/832101/000095013700000316/"
  },
  {
    "date": "1998-12-31",
    "symbol": "IEX",
    "reportedCurrency": "USD",
    "cik": "0000832101",
    "fillingDate": "1999-02-05",
    "acceptedDate": "1999-02-05 00:00:00",
    "calendarYear": "1998",
    "period": "FY",
    "revenue": 640100000,
    "costOfRevenue": 364500000,
    "grossProfit": 275600000,
    "grossProfitRatio": 0.4305577254,
    "researchAndDevelopmentExpenses": 0,
    "generalAndAdministrativeExpenses": 132600000,
    "sellingAndMarketingExpenses": 0,
    "sellingGeneralAndAdministrativeExpenses": 132600000,
    "otherExpenses": 33500000,
    "operatingExpenses": 166100000,
    "costAndExpenses": 530600000,
    "interestIncome": 0,
    "interestExpense": 0,
    "depreciationAndAmortization": 33500000,
    "ebitda": 143000000,
    "ebitdaratio": 0.2234025933,
    "operatingIncome": 109500000,
    "operatingIncomeRatio": 0.1710670208,
    "totalOtherIncomeExpensesNet": -21800000,
    "incomeBeforeTax": 87700000,
    "incomeBeforeTaxRatio": 0.1370098422,
    "incomeTaxExpense": 33300000,
    "netIncome": 64600000,
    "netIncomeRatio": 0.100921731,
    "eps": 0.94,
    "epsdiluted": 0.92,
    "weightedAverageShsOut": 65997000,
    "weightedAverageShsOutDil": 67617000,
    "link": "https://www.sec.gov/Archives/edgar/data/832101/000095012499000753/0000950124-99-000753-index.html",
    "finalLink": "https://www.sec.gov/Archives/edgar/data/832101/"
  },
  {
    "date": "1997-12-31",
    "symbol": "IEX",
    "reportedCurrency": "USD",
    "cik": "0000832101",
    "fillingDate": "1998-02-06",
    "acceptedDate": "1998-02-06 00:00:00",
    "calendarYear": "1997",
    "period": "FY",
    "revenue": 552200000,
    "costOfRevenue": 313100000,
    "grossProfit": 239100000,
    "grossProfitRatio": 0.4329952916,
    "researchAndDevelopmentExpenses": 0,
    "generalAndAdministrativeExpenses": 110600000,
    "sellingAndMarketingExpenses": 0,
    "sellingGeneralAndAdministrativeExpenses": 110600000,
    "otherExpenses": 24900000,
    "operatingExpenses": 135500000,
    "costAndExpenses": 448600000,
    "interestIncome": 0,
    "interestExpense": 0,
    "depreciationAndAmortization": 24900000,
    "ebitda": 128500000,
    "ebitdaratio": 0.2327055415,
    "operatingIncome": 103600000,
    "operatingIncomeRatio": 0.1876131836,
    "totalOtherIncomeExpensesNet": -19100000,
    "incomeBeforeTax": 84500000,
    "incomeBeforeTaxRatio": 0.1530242666,
    "incomeTaxExpense": 31000000,
    "netIncome": 58700000,
    "netIncomeRatio": 0.1063020645,
    "eps": 0.89,
    "epsdiluted": 0.87,
    "weightedAverageShsOut": 65643287,
    "weightedAverageShsOutDil": 67663132,
    "link": "https://www.sec.gov/Archives/edgar/data/832101/000095013798000353/0000950137-98-000353-index.html",
    "finalLink": "https://www.sec.gov/Archives/edgar/data/832101/"
  },
  {
    "date": "1996-12-31",
    "symbol": "IEX",
    "reportedCurrency": "USD",
    "cik": "0000832101",
    "fillingDate": "1997-02-14",
    "acceptedDate": "1997-02-14 00:00:00",
    "calendarYear": "1996",
    "period": "FY",
    "revenue": 562600000,
    "costOfRevenue": 329500000,
    "grossProfit": 233100000,
    "grossProfitRatio": 0.414326342,
    "researchAndDevelopmentExpenses": 0,
    "generalAndAdministrativeExpenses": 111500000,
    "sellingAndMarketingExpenses": 0,
    "sellingGeneralAndAdministrativeExpenses": 111500000,
    "otherExpenses": 23200000,
    "operatingExpenses": 134700000,
    "costAndExpenses": 464200000,
    "interestIncome": 0,
    "interestExpense": 0,
    "depreciationAndAmortization": 23200000,
    "ebitda": 108900000,
    "ebitdaratio": 0.1935655883,
    "operatingIncome": 98400000,
    "operatingIncomeRatio": 0.1749022396,
    "totalOtherIncomeExpensesNet": -8800000,
    "incomeBeforeTax": 78900000,
    "incomeBeforeTaxRatio": 0.1402417348,
    "incomeTaxExpense": 28700000,
    "netIncome": 50200000,
    "netIncomeRatio": 0.0892285816,
    "eps": 0.77,
    "epsdiluted": 0.75,
    "weightedAverageShsOut": 64848916,
    "weightedAverageShsOutDil": 66767483,
    "link": "https://www.sec.gov/Archives/edgar/data/832101/000095013797000633/0000950137-97-000633-index.html",
    "finalLink": "https://www.sec.gov/Archives/edgar/data/832101/"
  },
  {
    "date": "1995-12-31",
    "symbol": "IEX",
    "reportedCurrency": "USD",
    "cik": "0000832101",
    "fillingDate": "1996-02-29",
    "acceptedDate": "1996-02-29 00:00:00",
    "calendarYear": "1995",
    "period": "FY",
    "revenue": 487300000,
    "costOfRevenue": 286500000,
    "grossProfit": 200800000,
    "grossProfitRatio": 0.4120664888,
    "researchAndDevelopmentExpenses": 0,
    "generalAndAdministrativeExpenses": 97500000,
    "sellingAndMarketingExpenses": 0,
    "sellingGeneralAndAdministrativeExpenses": 97500000,
    "otherExpenses": 17100000,
    "operatingExpenses": 114600000,
    "costAndExpenses": 401100000,
    "interestIncome": 0,
    "interestExpense": 0,
    "depreciationAndAmortization": 17100000,
    "ebitda": 103300000,
    "ebitdaratio": 0.2119844039,
    "operatingIncome": 86200000,
    "operatingIncomeRatio": 0.1768930843,
    "totalOtherIncomeExpensesNet": -15200000,
    "incomeBeforeTax": 71000000,
    "incomeBeforeTaxRatio": 0.1457008003,
    "incomeTaxExpense": 25700000,
    "netIncome": 45300000,
    "netIncomeRatio": 0.0929612149,
    "eps": 0.68,
    "epsdiluted": 0.68,
    "weightedAverageShsOut": 66619125,
    "weightedAverageShsOutDil": 66643926,
    "link": "https://www.sec.gov/Archives/edgar/data/832101/000095013796000140/0000950137-96-000140-index.html",
    "finalLink": "https://www.sec.gov/Archives/edgar/data/832101/"
  },
  {
    "date": "1994-12-31",
    "symbol": "IEX",
    "reportedCurrency": "USD",
    "cik": "0000832101",
    "fillingDate": "1995-03-20",
    "acceptedDate": "1995-03-20 00:00:00",
    "calendarYear": "1994",
    "period": "FY",
    "revenue": 399500000,
    "costOfRevenue": 232600000,
    "grossProfit": 166900000,
    "grossProfitRatio": 0.4177722153,
    "researchAndDevelopmentExpenses": 0,
    "generalAndAdministrativeExpenses": 84000000,
    "sellingAndMarketingExpenses": 0,
    "sellingGeneralAndAdministrativeExpenses": 84000000,
    "otherExpenses": 14300000,
    "operatingExpenses": 98300000,
    "costAndExpenses": 330900000,
    "interestIncome": 0,
    "interestExpense": 0,
    "depreciationAndAmortization": 14300000,
    "ebitda": 82900000,
    "ebitdaratio": 0.2075093867,
    "operatingIncome": 68600000,
    "operatingIncomeRatio": 0.1717146433,
    "totalOtherIncomeExpensesNet": -16100000,
    "incomeBeforeTax": 52500000,
    "incomeBeforeTaxRatio": 0.1314142678,
    "incomeTaxExpense": 18900000,
    "netIncome": 33600000,
    "netIncomeRatio": 0.0841051314,
    "eps": 0.51,
    "epsdiluted": 0.51,
    "weightedAverageShsOut": 65994750,
    "weightedAverageShsOutDil": 66078460,
    "link": "https://www.sec.gov/Archives/edgar/data/832101/000095012495000765/0000950124-95-000765-index.html",
    "finalLink": "https://www.sec.gov/Archives/edgar/data/832101/"
  },
  {
    "date": "1993-12-31",
    "symbol": "IEX",
    "reportedCurrency": "USD",
    "cik": "0000832101",
    "fillingDate": "1993-12-31",
    "acceptedDate": "1993-12-31 00:00:00",
    "calendarYear": "1993",
    "period": "FY",
    "revenue": 308600000,
    "costOfRevenue": 178400000,
    "grossProfit": 130200000,
    "grossProfitRatio": 0.4219053791,
    "researchAndDevelopmentExpenses": 0,
    "generalAndAdministrativeExpenses": 0,
    "sellingAndMarketingExpenses": 0,
    "sellingGeneralAndAdministrativeExpenses": 68200000,
    "otherExpenses": 11900000,
    "operatingExpenses": 80100000,
    "costAndExpenses": 258500000,
    "interestIncome": 0,
    "interestExpense": 0,
    "depreciationAndAmortization": 11900000,
    "ebitda": 62000000,
    "ebitdaratio": 0.2009073234,
    "operatingIncome": 50100000,
    "operatingIncomeRatio": 0.1623460791,
    "totalOtherIncomeExpensesNet": -11800000,
    "incomeBeforeTax": 38300000,
    "incomeBeforeTaxRatio": 0.1241088788,
    "incomeTaxExpense": 13000000,
    "netIncome": 25300000,
    "netIncomeRatio": 0.0819831497,
    "eps": 0.4,
    "epsdiluted": 0.39,
    "weightedAverageShsOut": 63896795,
    "weightedAverageShsOutDil": 65365556,
    "link": null,
    "finalLink": null
  },
  {
    "date": "1992-12-31",
    "symbol": "IEX",
    "reportedCurrency": "USD",
    "cik": "0000832101",
    "fillingDate": "1992-12-31",
    "acceptedDate": "1992-12-31 00:00:00",
    "calendarYear": "1992",
    "period": "FY",
    "revenue": 277100000,
    "costOfRevenue": 160600000,
    "grossProfit": 116500000,
    "grossProfitRatio": 0.420425839,
    "researchAndDevelopmentExpenses": 0,
    "generalAndAdministrativeExpenses": 0,
    "sellingAndMarketingExpenses": 0,
    "sellingGeneralAndAdministrativeExpenses": 63100000,
    "otherExpenses": 10600000,
    "operatingExpenses": 73700000,
    "costAndExpenses": 234300000,
    "interestIncome": 0,
    "interestExpense": 0,
    "depreciationAndAmortization": 10600000,
    "ebitda": 53400000,
    "ebitdaratio": 0.1927102129,
    "operatingIncome": 42800000,
    "operatingIncomeRatio": 0.1544568748,
    "totalOtherIncomeExpensesNet": -11900000,
    "incomeBeforeTax": 30900000,
    "incomeBeforeTaxRatio": 0.1115120895,
    "incomeTaxExpense": 10800000,
    "netIncome": 16600000,
    "netIncomeRatio": 0.0599061711,
    "eps": 0.26,
    "epsdiluted": 0.26,
    "weightedAverageShsOut": 63241709,
    "weightedAverageShsOutDil": 63241709,
    "link": null,
    "finalLink": null
  },
  {
    "date": "1991-12-31",
    "symbol": "IEX",
    "reportedCurrency": "USD",
    "cik": "0000832101",
    "fillingDate": "1991-12-31",
    "acceptedDate": "1991-12-31 00:00:00",
    "calendarYear": "1991",
    "period": "FY",
    "revenue": 228200000,
    "costOfRevenue": 137600000,
    "grossProfit": 90600000,
    "grossProfitRatio": 0.3970201578,
    "researchAndDevelopmentExpenses": 0,
    "generalAndAdministrativeExpenses": 0,
    "sellingAndMarketingExpenses": 0,
    "sellingGeneralAndAdministrativeExpenses": 47000000,
    "otherExpenses": 5500000,
    "operatingExpenses": 52500000,
    "costAndExpenses": 190100000,
    "interestIncome": 0,
    "interestExpense": 0,
    "depreciationAndAmortization": 5500000,
    "ebitda": 43600000,
    "ebitdaratio": 0.1910604733,
    "operatingIncome": 38100000,
    "operatingIncomeRatio": 0.1669588081,
    "totalOtherIncomeExpensesNet": -12400000,
    "incomeBeforeTax": 25700000,
    "incomeBeforeTaxRatio": 0.1126205083,
    "incomeTaxExpense": 9800000,
    "netIncome": 15900000,
    "netIncomeRatio": 0.069675723,
    "eps": 0.3,
    "epsdiluted": 0.3,
    "weightedAverageShsOut": 52557640,
    "weightedAverageShsOutDil": 52557640,
    "link": null,
    "finalLink": null
  },
  {
    "date": "1990-12-31",
    "symbol": "IEX",
    "reportedCurrency": "USD",
    "cik": "0000832101",
    "fillingDate": "1990-12-31",
    "acceptedDate": "1990-12-31 00:00:00",
    "calendarYear": "1990",
    "period": "FY",
    "revenue": 228400000,
    "costOfRevenue": 138800000,
    "grossProfit": 89600000,
    "grossProfitRatio": 0.3922942207,
    "researchAndDevelopmentExpenses": 0,
    "generalAndAdministrativeExpenses": 0,
    "sellingAndMarketingExpenses": 0,
    "sellingGeneralAndAdministrativeExpenses": 44500000,
    "otherExpenses": 4700000,
    "operatingExpenses": 49200000,
    "costAndExpenses": 188000000,
    "interestIncome": 0,
    "interestExpense": 0,
    "depreciationAndAmortization": 4700000,
    "ebitda": 45100000,
    "ebitdaratio": 0.1974605954,
    "operatingIncome": 40400000,
    "operatingIncomeRatio": 0.176882662,
    "totalOtherIncomeExpensesNet": -14600000,
    "incomeBeforeTax": 25800000,
    "incomeBeforeTaxRatio": 0.1129597198,
    "incomeTaxExpense": 10100000,
    "netIncome": 15700000,
    "netIncomeRatio": 0.0687390543,
    "eps": 0.32,
    "epsdiluted": 0.32,
    "weightedAverageShsOut": 48342052,
    "weightedAverageShsOutDil": 48342052,
    "link": null,
    "finalLink": null
  },
  {
    "date": "1989-12-31",
    "symbol": "IEX",
    "reportedCurrency": "USD",
    "cik": "0000832101",
    "fillingDate": "1989-12-31",
    "acceptedDate": "1989-12-31 00:00:00",
    "calendarYear": "1989",
    "period": "FY",
    "revenue": 221000000,
    "costOfRevenue": 132100000,
    "grossProfit": 88900000,
    "grossProfitRatio": 0.4022624434,
    "researchAndDevelopmentExpenses": 0,
    "generalAndAdministrativeExpenses": 0,
    "sellingAndMarketingExpenses": 0,
    "sellingGeneralAndAdministrativeExpenses": 42600000,
    "otherExpenses": 4200000,
    "operatingExpenses": 46800000,
    "costAndExpenses": 178900000,
    "interestIncome": 0,
    "interestExpense": 0,
    "depreciationAndAmortization": 4200000,
    "ebitda": 46300000,
    "ebitdaratio": 0.2095022624,
    "operatingIncome": 42100000,
    "operatingIncomeRatio": 0.1904977376,
    "totalOtherIncomeExpensesNet": -17000000,
    "incomeBeforeTax": 25100000,
    "incomeBeforeTaxRatio": 0.1135746606,
    "incomeTaxExpense": 10000000,
    "netIncome": 15100000,
    "netIncomeRatio": 0.0683257919,
    "eps": 0.32,
    "epsdiluted": 0.32,
    "weightedAverageShsOut": 43456543,
    "weightedAverageShsOutDil": 43456543,
    "link": null,
    "finalLink": null
  },
  {
    "date": "1988-12-31",
    "symbol": "IEX",
    "reportedCurrency": "USD",
    "cik": "0000832101",
    "fillingDate": "1988-12-31",
    "acceptedDate": "1988-12-30 19:00:00",
    "calendarYear": "1988",
    "period": "FY",
    "revenue": 200400000,
    "costOfRevenue": 158500000,
    "grossProfit": 41900000,
    "grossProfitRatio": 0.2090818363,
    "researchAndDevelopmentExpenses": 0,
    "generalAndAdministrativeExpenses": 0,
    "sellingAndMarketingExpenses": 0,
    "sellingGeneralAndAdministrativeExpenses": 0,
    "otherExpenses": 4800000,
    "operatingExpenses": 4800000,
    "costAndExpenses": 163300000,
    "interestIncome": 0,
    "interestExpense": 0,
    "depreciationAndAmortization": 4800000,
    "ebitda": 41900000,
    "ebitdaratio": 0.2090818363,
    "operatingIncome": 37100000,
    "operatingIncomeRatio": 0.1851297405,
    "totalOtherIncomeExpensesNet": -18400000,
    "incomeBeforeTax": 18700000,
    "incomeBeforeTaxRatio": 0.0933133733,
    "incomeTaxExpense": 8000000,
    "netIncome": 10700000,
    "netIncomeRatio": 0.0533932136,
    "eps": 0.2,
    "epsdiluted": 0.2,
    "weightedAverageShsOut": 54514721,
    "weightedAverageShsOutDil": 54514721,
    "link": "",
    "finalLink": ""
  }
]