[
  {
    "date": "2025-06-30",
    "symbol": "IFF",
    "reportedCurrency": "USD",
    "cik": "0000051253",
    "fillingDate": "2025-08-05",
    "acceptedDate": "2025-08-05 17:05:58",
    "calendarYear": "2025",
    "period": "Q2",
    "revenue": 2764000000,
    "costOfRevenue": 1879000000,
    "grossProfit": 885000000,
    "grossProfitRatio": 0.3201881331,
    "researchAndDevelopmentExpenses": 182000000,
    "generalAndAdministrativeExpenses": 0,
    "sellingAndMarketingExpenses": 0,
    "sellingGeneralAndAdministrativeExpenses": 447000000,
    "otherExpenses": 0,
    "operatingExpenses": 629000000,
    "costAndExpenses": 2508000000,
    "interestIncome": 0,
    "interestExpense": 61000000,
    "depreciationAndAmortization": 242000000,
    "ebitda": 837000000,
    "ebitdaratio": 0.3028219971,
    "operatingIncome": 256000000,
    "operatingIncomeRatio": 0.0926193922,
    "totalOtherIncomeExpensesNet": 278000000,
    "incomeBeforeTax": 534000000,
    "incomeBeforeTaxRatio": 0.1931982634,
    "incomeTaxExpense": -78000000,
    "netIncome": 612000000,
    "netIncomeRatio": 0.2214182344,
    "eps": 2.39,
    "epsdiluted": 2.38,
    "weightedAverageShsOut": 256000000,
    "weightedAverageShsOutDil": 257000000,
    "link": "https://www.sec.gov/Archives/edgar/data/51253/000005125325000042/0000051253-25-000042-index.htm",
    "finalLink": "https://www.sec.gov/Archives/edgar/data/51253/000005125325000042/iff-20250630.htm"
  },
  {
    "date": "2025-03-31",
    "symbol": "IFF",
    "reportedCurrency": "USD",
    "cik": "0000051253",
    "fillingDate": "2025-05-06",
    "acceptedDate": "2025-05-06 16:52:24",
    "calendarYear": "2025",
    "period": "Q1",
    "revenue": 2843000000,
    "costOfRevenue": 1951000000,
    "grossProfit": 892000000,
    "grossProfitRatio": 0.3137530777,
    "researchAndDevelopmentExpenses": 164000000,
    "generalAndAdministrativeExpenses": 0,
    "sellingAndMarketingExpenses": 0,
    "sellingGeneralAndAdministrativeExpenses": 391000000,
    "otherExpenses": 0,
    "operatingExpenses": 555000000,
    "costAndExpenses": 2506000000,
    "interestIncome": 0,
    "interestExpense": 71000000,
    "depreciationAndAmortization": 236000000,
    "ebitda": -687000000,
    "ebitdaratio": -0.2416461484,
    "operatingIncome": 337000000,
    "operatingIncomeRatio": 0.1185367569,
    "totalOtherIncomeExpensesNet": -1331000000,
    "incomeBeforeTax": -994000000,
    "incomeBeforeTaxRatio": -0.3496306718,
    "incomeTaxExpense": 23000000,
    "netIncome": -1018000000,
    "netIncomeRatio": -0.3580724587,
    "eps": -3.98,
    "epsdiluted": -3.98,
    "weightedAverageShsOut": 256000000,
    "weightedAverageShsOutDil": 256000000,
    "link": "https://www.sec.gov/Archives/edgar/data/51253/000005125325000027/0000051253-25-000027-index.htm",
    "finalLink": "https://www.sec.gov/Archives/edgar/data/51253/000005125325000027/iff-20250331.htm"
  },
  {
    "date": "2024-12-31",
    "symbol": "IFF",
    "reportedCurrency": "USD",
    "cik": "0000051253",
    "fillingDate": "2025-02-28",
    "acceptedDate": "2025-02-28 16:08:05",
    "calendarYear": "2024",
    "period": "Q4",
    "revenue": 2771000000,
    "costOfRevenue": 1937000000,
    "grossProfit": 834000000,
    "grossProfitRatio": 0.3009743775,
    "researchAndDevelopmentExpenses": 170000000,
    "generalAndAdministrativeExpenses": 0,
    "sellingAndMarketingExpenses": 0,
    "sellingGeneralAndAdministrativeExpenses": 439000000,
    "otherExpenses": 0,
    "operatingExpenses": 609000000,
    "costAndExpenses": 2546000000,
    "interestIncome": 0,
    "interestExpense": 69000000,
    "depreciationAndAmortization": 287000000,
    "ebitda": 241000000,
    "ebitdaratio": 0.0869722122,
    "operatingIncome": 225000000,
    "operatingIncomeRatio": 0.0811981234,
    "totalOtherIncomeExpensesNet": -340000000,
    "incomeBeforeTax": -115000000,
    "incomeBeforeTaxRatio": -0.0415012631,
    "incomeTaxExpense": -69000000,
    "netIncome": -46000000,
    "netIncomeRatio": -0.0166005052,
    "eps": -0.18,
    "epsdiluted": -0.18,
    "weightedAverageShsOut": 256000000,
    "weightedAverageShsOutDil": 256000000,
    "link": "https://www.sec.gov/Archives/edgar/data/51253/000005125325000013/0000051253-25-000013-index.htm",
    "finalLink": "https://www.sec.gov/Archives/edgar/data/51253/000005125325000013/iff-20241231.htm"
  },
  {
    "date": "2024-09-30",
    "symbol": "IFF",
    "reportedCurrency": "USD",
    "cik": "0000051253",
    "fillingDate": "2024-11-05",
    "acceptedDate": "2024-11-05 17:19:03",
    "calendarYear": "2024",
    "period": "Q3",
    "revenue": 2925000000,
    "costOfRevenue": 2019000000,
    "grossProfit": 906000000,
    "grossProfitRatio": 0.3097435897,
    "researchAndDevelopmentExpenses": 162000000,
    "generalAndAdministrativeExpenses": 0,
    "sellingAndMarketingExpenses": 0,
    "sellingGeneralAndAdministrativeExpenses": 424000000,
    "otherExpenses": 0,
    "operatingExpenses": 586000000,
    "costAndExpenses": 2605000000,
    "interestIncome": 0,
    "interestExpense": 74000000,
    "depreciationAndAmortization": 248000000,
    "ebitda": 417000000,
    "ebitdaratio": 0.1425641026,
    "operatingIncome": 320000000,
    "operatingIncomeRatio": 0.1094017094,
    "totalOtherIncomeExpensesNet": -225000000,
    "incomeBeforeTax": 95000000,
    "incomeBeforeTaxRatio": 0.0324786325,
    "incomeTaxExpense": 35000000,
    "netIncome": 59000000,
    "netIncomeRatio": 0.0201709402,
    "eps": 0.23,
    "epsdiluted": 0.23,
    "weightedAverageShsOut": 256000000,
    "weightedAverageShsOutDil": 257000000,
    "link": "https://www.sec.gov/Archives/edgar/data/51253/000005125324000042/0000051253-24-000042-index.htm",
    "finalLink": "https://www.sec.gov/Archives/edgar/data/51253/000005125324000042/iff-20240930.htm"
  },
  {
    "date": "2024-06-30",
    "symbol": "IFF",
    "reportedCurrency": "USD",
    "cik": "0000051253",
    "fillingDate": "2024-08-06",
    "acceptedDate": "2024-08-06 17:06:22",
    "calendarYear": "2024",
    "period": "Q2",
    "revenue": 2889000000,
    "costOfRevenue": 1974000000,
    "grossProfit": 915000000,
    "grossProfitRatio": 0.3167185877,
    "researchAndDevelopmentExpenses": 173000000,
    "generalAndAdministrativeExpenses": 0,
    "sellingAndMarketingExpenses": 0,
    "sellingGeneralAndAdministrativeExpenses": 403000000,
    "otherExpenses": 0,
    "operatingExpenses": 576000000,
    "costAndExpenses": 2550000000,
    "interestIncome": 0,
    "interestExpense": 79000000,
    "depreciationAndAmortization": 246000000,
    "ebitda": 508000000,
    "ebitdaratio": 0.1758393908,
    "operatingIncome": 339000000,
    "operatingIncomeRatio": 0.1173416407,
    "totalOtherIncomeExpensesNet": -156000000,
    "incomeBeforeTax": 183000000,
    "incomeBeforeTaxRatio": 0.0633437175,
    "incomeTaxExpense": 11000000,
    "netIncome": 170000000,
    "netIncomeRatio": 0.0588438906,
    "eps": 0.67,
    "epsdiluted": 0.66,
    "weightedAverageShsOut": 255000000,
    "weightedAverageShsOutDil": 256000000,
    "link": "https://www.sec.gov/Archives/edgar/data/51253/000005125324000032/0000051253-24-000032-index.htm",
    "finalLink": "https://www.sec.gov/Archives/edgar/data/51253/000005125324000032/iff-20240630.htm"
  },
  {
    "date": "2024-03-31",
    "symbol": "IFF",
    "reportedCurrency": "USD",
    "cik": "0000051253",
    "fillingDate": "2024-05-06",
    "acceptedDate": "2024-05-06 17:00:35",
    "calendarYear": "2024",
    "period": "Q1",
    "revenue": 2899000000,
    "costOfRevenue": 2043000000,
    "grossProfit": 856000000,
    "grossProfitRatio": 0.2952742325,
    "researchAndDevelopmentExpenses": 166000000,
    "generalAndAdministrativeExpenses": 0,
    "sellingAndMarketingExpenses": 0,
    "sellingGeneralAndAdministrativeExpenses": 432000000,
    "otherExpenses": 0,
    "operatingExpenses": 598000000,
    "costAndExpenses": 2641000000,
    "interestIncome": 0,
    "interestExpense": 83000000,
    "depreciationAndAmortization": 278000000,
    "ebitda": 476000000,
    "ebitdaratio": 0.1641945498,
    "operatingIncome": 258000000,
    "operatingIncomeRatio": 0.0889962056,
    "totalOtherIncomeExpensesNet": -143000000,
    "incomeBeforeTax": 115000000,
    "incomeBeforeTaxRatio": 0.0396688513,
    "incomeTaxExpense": 54000000,
    "netIncome": 60000000,
    "netIncomeRatio": 0.020696792,
    "eps": 0.24,
    "epsdiluted": 0.23,
    "weightedAverageShsOut": 255000000,
    "weightedAverageShsOutDil": 256000000,
    "link": "https://www.sec.gov/Archives/edgar/data/51253/000005125324000016/0000051253-24-000016-index.htm",
    "finalLink": "https://www.sec.gov/Archives/edgar/data/51253/000005125324000016/iff-20240331.htm"
  },
  {
    "date": "2023-12-31",
    "symbol": "IFF",
    "reportedCurrency": "USD",
    "cik": "0000051253",
    "fillingDate": "2024-02-28",
    "acceptedDate": "2024-02-28 08:35:45",
    "calendarYear": "2023",
    "period": "Q4",
    "revenue": 2703000000,
    "costOfRevenue": 2010000000,
    "grossProfit": 693000000,
    "grossProfitRatio": 0.256381798,
    "researchAndDevelopmentExpenses": 157000000,
    "generalAndAdministrativeExpenses": 0,
    "sellingAndMarketingExpenses": 0,
    "sellingGeneralAndAdministrativeExpenses": 367000000,
    "otherExpenses": 0,
    "operatingExpenses": 524000000,
    "costAndExpenses": 2534000000,
    "interestIncome": 0,
    "interestExpense": 43000000,
    "depreciationAndAmortization": 287000000,
    "ebitda": -2311000000,
    "ebitdaratio": -0.8549759526,
    "operatingIncome": 169000000,
    "operatingIncomeRatio": 0.0625231225,
    "totalOtherIncomeExpensesNet": -2810000000,
    "incomeBeforeTax": -2641000000,
    "incomeBeforeTaxRatio": -0.9770625231,
    "incomeTaxExpense": -32000000,
    "netIncome": -2607000000,
    "netIncomeRatio": -0.9644839068,
    "eps": -10.24,
    "epsdiluted": -10.24,
    "weightedAverageShsOut": 255000000,
    "weightedAverageShsOutDil": 255000000,
    "link": "https://www.sec.gov/Archives/edgar/data/51253/000005125324000006/0000051253-24-000006-index.htm",
    "finalLink": "https://www.sec.gov/Archives/edgar/data/51253/000005125324000006/iff-20231231.htm"
  },
  {
    "date": "2023-09-30",
    "symbol": "IFF",
    "reportedCurrency": "USD",
    "cik": "0000051253",
    "fillingDate": "2023-11-08",
    "acceptedDate": "2023-11-08 16:39:57",
    "calendarYear": "2023",
    "period": "Q3",
    "revenue": 2820000000,
    "costOfRevenue": 2064000000,
    "grossProfit": 756000000,
    "grossProfitRatio": 0.2680851064,
    "researchAndDevelopmentExpenses": 157000000,
    "generalAndAdministrativeExpenses": 0,
    "sellingAndMarketingExpenses": 0,
    "sellingGeneralAndAdministrativeExpenses": 383000000,
    "otherExpenses": 0,
    "operatingExpenses": 540000000,
    "costAndExpenses": 2604000000,
    "interestIncome": 0,
    "interestExpense": 110000000,
    "depreciationAndAmortization": 292000000,
    "ebitda": 461000000,
    "ebitdaratio": 0.1634751773,
    "operatingIncome": 216000000,
    "operatingIncomeRatio": 0.0765957447,
    "totalOtherIncomeExpensesNet": -157000000,
    "incomeBeforeTax": 59000000,
    "incomeBeforeTaxRatio": 0.0209219858,
    "incomeTaxExpense": 32000000,
    "netIncome": 25000000,
    "netIncomeRatio": 0.0088652482,
    "eps": 0.098,
    "epsdiluted": 0.0977,
    "weightedAverageShsOut": 255000000,
    "weightedAverageShsOutDil": 256000000,
    "link": "https://www.sec.gov/Archives/edgar/data/51253/000005125323000036/0000051253-23-000036-index.htm",
    "finalLink": "https://www.sec.gov/Archives/edgar/data/51253/000005125323000036/iff-20230930.htm"
  },
  {
    "date": "2023-06-30",
    "symbol": "IFF",
    "reportedCurrency": "USD",
    "cik": "0000051253",
    "fillingDate": "2023-08-09",
    "acceptedDate": "2023-08-09 11:32:15",
    "calendarYear": "2023",
    "period": "Q2",
    "revenue": 2929000000,
    "costOfRevenue": 2170000000,
    "grossProfit": 759000000,
    "grossProfitRatio": 0.2591328098,
    "researchAndDevelopmentExpenses": 161000000,
    "generalAndAdministrativeExpenses": 0,
    "sellingAndMarketingExpenses": 0,
    "sellingGeneralAndAdministrativeExpenses": 400000000,
    "otherExpenses": 0,
    "operatingExpenses": 561000000,
    "costAndExpenses": 2731000000,
    "interestIncome": 0,
    "interestExpense": 116000000,
    "depreciationAndAmortization": 287000000,
    "ebitda": 453000000,
    "ebitdaratio": 0.1546602936,
    "operatingIncome": 198000000,
    "operatingIncomeRatio": 0.0675998634,
    "totalOtherIncomeExpensesNet": -148000000,
    "incomeBeforeTax": 50000000,
    "incomeBeforeTaxRatio": 0.0170706726,
    "incomeTaxExpense": 23000000,
    "netIncome": 27000000,
    "netIncomeRatio": 0.0092181632,
    "eps": 0.11,
    "epsdiluted": 0.11,
    "weightedAverageShsOut": 255000000,
    "weightedAverageShsOutDil": 255000000,
    "link": "https://www.sec.gov/Archives/edgar/data/51253/000005125323000029/0000051253-23-000029-index.htm",
    "finalLink": "https://www.sec.gov/Archives/edgar/data/51253/000005125323000029/iff-20230630.htm"
  },
  {
    "date": "2023-03-31",
    "symbol": "IFF",
    "reportedCurrency": "USD",
    "cik": "0000051253",
    "fillingDate": "2023-05-10",
    "acceptedDate": "2023-05-10 09:14:15",
    "calendarYear": "2023",
    "period": "Q1",
    "revenue": 3027000000,
    "costOfRevenue": 2234000000,
    "grossProfit": 793000000,
    "grossProfitRatio": 0.2619755534,
    "researchAndDevelopmentExpenses": 161000000,
    "generalAndAdministrativeExpenses": 0,
    "sellingAndMarketingExpenses": 0,
    "sellingGeneralAndAdministrativeExpenses": 433000000,
    "otherExpenses": 0,
    "operatingExpenses": 594000000,
    "costAndExpenses": 2828000000,
    "interestIncome": 0,
    "interestExpense": 111000000,
    "depreciationAndAmortization": 276000000,
    "ebitda": 401000000,
    "ebitdaratio": 0.1324743971,
    "operatingIncome": 199000000,
    "operatingIncomeRatio": 0.0657416584,
    "totalOtherIncomeExpensesNet": -185000000,
    "incomeBeforeTax": 14000000,
    "incomeBeforeTaxRatio": 0.0046250413,
    "incomeTaxExpense": 22000000,
    "netIncome": -9000000,
    "netIncomeRatio": -0.0029732408,
    "eps": -0.0314,
    "epsdiluted": -0.0314,
    "weightedAverageShsOut": 255000000,
    "weightedAverageShsOutDil": 255000000,
    "link": "https://www.sec.gov/Archives/edgar/data/51253/000005125323000019/0000051253-23-000019-index.htm",
    "finalLink": "https://www.sec.gov/Archives/edgar/data/51253/000005125323000019/iff-20230331.htm"
  },
  {
    "date": "2022-12-31",
    "symbol": "IFF",
    "reportedCurrency": "USD",
    "cik": "0000051253",
    "fillingDate": "2023-02-27",
    "acceptedDate": "2023-02-27 16:23:47",
    "calendarYear": "2022",
    "period": "Q4",
    "revenue": 2844000000,
    "costOfRevenue": 2150000000,
    "grossProfit": 694000000,
    "grossProfitRatio": 0.2440225035,
    "researchAndDevelopmentExpenses": 143000000,
    "generalAndAdministrativeExpenses": 0,
    "sellingAndMarketingExpenses": 0,
    "sellingGeneralAndAdministrativeExpenses": 399000000,
    "otherExpenses": 0,
    "operatingExpenses": 542000000,
    "costAndExpenses": 2692000000,
    "interestIncome": 0,
    "interestExpense": 104000000,
    "depreciationAndAmortization": 282000000,
    "ebitda": 381000000,
    "ebitdaratio": 0.1339662447,
    "operatingIncome": 152000000,
    "operatingIncomeRatio": 0.0534458509,
    "totalOtherIncomeExpensesNet": -157000000,
    "incomeBeforeTax": -5000000,
    "incomeBeforeTaxRatio": -0.0017580872,
    "incomeTaxExpense": 19000000,
    "netIncome": -25000000,
    "netIncomeRatio": -0.008790436,
    "eps": 0.0157,
    "epsdiluted": 0.0157,
    "weightedAverageShsOut": 255000000,
    "weightedAverageShsOutDil": 255000000,
    "link": "https://www.sec.gov/Archives/edgar/data/51253/000005125323000009/0000051253-23-000009-index.htm",
    "finalLink": "https://www.sec.gov/Archives/edgar/data/51253/000005125323000009/iff-20221231.htm"
  },
  {
    "date": "2022-09-30",
    "symbol": "IFF",
    "reportedCurrency": "USD",
    "cik": "0000051253",
    "fillingDate": "2022-11-07",
    "acceptedDate": "2022-11-07 16:40:43",
    "calendarYear": "2022",
    "period": "Q3",
    "revenue": 3063000000,
    "costOfRevenue": 2244000000,
    "grossProfit": 819000000,
    "grossProfitRatio": 0.2673849167,
    "researchAndDevelopmentExpenses": 145000000,
    "generalAndAdministrativeExpenses": 0,
    "sellingAndMarketingExpenses": 0,
    "sellingGeneralAndAdministrativeExpenses": 388000000,
    "otherExpenses": 0,
    "operatingExpenses": 533000000,
    "costAndExpenses": 2777000000,
    "interestIncome": 0,
    "interestExpense": 83000000,
    "depreciationAndAmortization": 293000000,
    "ebitda": -1659000000,
    "ebitdaratio": -0.541625857,
    "operatingIncome": 286000000,
    "operatingIncomeRatio": 0.0933725106,
    "totalOtherIncomeExpensesNet": -2321000000,
    "incomeBeforeTax": -2035000000,
    "incomeBeforeTaxRatio": -0.6643813255,
    "incomeTaxExpense": 160000000,
    "netIncome": -2196000000,
    "netIncomeRatio": -0.7169441724,
    "eps": -8.61,
    "epsdiluted": -8.61,
    "weightedAverageShsOut": 255000000,
    "weightedAverageShsOutDil": 255000000,
    "link": "https://www.sec.gov/Archives/edgar/data/51253/000005125322000030/0000051253-22-000030-index.htm",
    "finalLink": "https://www.sec.gov/Archives/edgar/data/51253/000005125322000030/iff-20220930.htm"
  },
  {
    "date": "2022-06-30",
    "symbol": "IFF",
    "reportedCurrency": "USD",
    "cik": "0000051253",
    "fillingDate": "2022-08-08",
    "acceptedDate": "2022-08-08 16:54:22",
    "calendarYear": "2022",
    "period": "Q2",
    "revenue": 3307000000,
    "costOfRevenue": 2355000000,
    "grossProfit": 952000000,
    "grossProfitRatio": 0.2878742062,
    "researchAndDevelopmentExpenses": 158000000,
    "generalAndAdministrativeExpenses": 0,
    "sellingAndMarketingExpenses": 0,
    "sellingGeneralAndAdministrativeExpenses": 426000000,
    "otherExpenses": 0,
    "operatingExpenses": 584000000,
    "costAndExpenses": 2939000000,
    "interestIncome": 0,
    "interestExpense": 77000000,
    "depreciationAndAmortization": 301000000,
    "ebitda": 508000000,
    "ebitdaratio": 0.153613547,
    "operatingIncome": 368000000,
    "operatingIncomeRatio": 0.1112791049,
    "totalOtherIncomeExpensesNet": -238000000,
    "incomeBeforeTax": 130000000,
    "incomeBeforeTaxRatio": 0.0393105534,
    "incomeTaxExpense": 21000000,
    "netIncome": 109000000,
    "netIncomeRatio": 0.0329603871,
    "eps": 0.43,
    "epsdiluted": 0.43,
    "weightedAverageShsOut": 255000000,
    "weightedAverageShsOutDil": 255000000,
    "link": "https://www.sec.gov/Archives/edgar/data/51253/000005125322000024/0000051253-22-000024-index.htm",
    "finalLink": "https://www.sec.gov/Archives/edgar/data/51253/000005125322000024/iff-20220630.htm"
  },
  {
    "date": "2022-03-31",
    "symbol": "IFF",
    "reportedCurrency": "USD",
    "cik": "0000051253",
    "fillingDate": "2022-05-09",
    "acceptedDate": "2022-05-09 16:55:16",
    "calendarYear": "2022",
    "period": "Q1",
    "revenue": 3226000000,
    "costOfRevenue": 2267000000,
    "grossProfit": 959000000,
    "grossProfitRatio": 0.2972721637,
    "researchAndDevelopmentExpenses": 157000000,
    "generalAndAdministrativeExpenses": 0,
    "sellingAndMarketingExpenses": 0,
    "sellingGeneralAndAdministrativeExpenses": 440000000,
    "otherExpenses": 0,
    "operatingExpenses": 597000000,
    "costAndExpenses": 2864000000,
    "interestIncome": 0,
    "interestExpense": 72000000,
    "depreciationAndAmortization": 303000000,
    "ebitda": 660000000,
    "ebitdaratio": 0.2045877247,
    "operatingIncome": 362000000,
    "operatingIncomeRatio": 0.1122132672,
    "totalOtherIncomeExpensesNet": -77000000,
    "incomeBeforeTax": 285000000,
    "incomeBeforeTaxRatio": 0.0883446993,
    "incomeTaxExpense": 39000000,
    "netIncome": 244000000,
    "netIncomeRatio": 0.0756354619,
    "eps": 0.96,
    "epsdiluted": 0.96,
    "weightedAverageShsOut": 255000000,
    "weightedAverageShsOutDil": 255000000,
    "link": "https://www.sec.gov/Archives/edgar/data/51253/000005125322000013/0000051253-22-000013-index.htm",
    "finalLink": "https://www.sec.gov/Archives/edgar/data/51253/000005125322000013/iff-20220331.htm"
  },
  {
    "date": "2021-12-31",
    "symbol": "IFF",
    "reportedCurrency": "USD",
    "cik": "0000051253",
    "fillingDate": "2022-02-28",
    "acceptedDate": "2022-02-28 17:13:46",
    "calendarYear": "2021",
    "period": "Q4",
    "revenue": 3031000000,
    "costOfRevenue": 2231000000,
    "grossProfit": 800000000,
    "grossProfitRatio": 0.263939294,
    "researchAndDevelopmentExpenses": 166000000,
    "generalAndAdministrativeExpenses": 0,
    "sellingAndMarketingExpenses": 0,
    "sellingGeneralAndAdministrativeExpenses": 403000000,
    "otherExpenses": 0,
    "operatingExpenses": 569000000,
    "costAndExpenses": 2800000000,
    "interestIncome": 0,
    "interestExpense": 73000000,
    "depreciationAndAmortization": 295000000,
    "ebitda": 482000000,
    "ebitdaratio": 0.1590234246,
    "operatingIncome": 231000000,
    "operatingIncomeRatio": 0.0762124711,
    "totalOtherIncomeExpensesNet": -117000000,
    "incomeBeforeTax": 114000000,
    "incomeBeforeTaxRatio": 0.0376113494,
    "incomeTaxExpense": 22000000,
    "netIncome": 89000000,
    "netIncomeRatio": 0.0293632465,
    "eps": 0.35,
    "epsdiluted": 0.35,
    "weightedAverageShsOut": 255000000,
    "weightedAverageShsOutDil": 255000000,
    "link": "https://www.sec.gov/Archives/edgar/data/51253/000005125322000007/0000051253-22-000007-index.htm",
    "finalLink": "https://www.sec.gov/Archives/edgar/data/51253/000005125322000007/iff-20211231.htm"
  },
  {
    "date": "2021-09-30",
    "symbol": "IFF",
    "reportedCurrency": "USD",
    "cik": "0000051253",
    "fillingDate": "2021-11-08",
    "acceptedDate": "2021-11-08 16:57:16",
    "calendarYear": "2021",
    "period": "Q3",
    "revenue": 3071000000,
    "costOfRevenue": 2177000000,
    "grossProfit": 894000000,
    "grossProfitRatio": 0.2911103875,
    "researchAndDevelopmentExpenses": 156000000,
    "generalAndAdministrativeExpenses": 0,
    "sellingAndMarketingExpenses": 0,
    "sellingGeneralAndAdministrativeExpenses": 412000000,
    "otherExpenses": 0,
    "operatingExpenses": 568000000,
    "costAndExpenses": 2745000000,
    "interestIncome": 0,
    "interestExpense": 74000000,
    "depreciationAndAmortization": 297000000,
    "ebitda": 621000000,
    "ebitdaratio": 0.2022142625,
    "operatingIncome": 326000000,
    "operatingIncomeRatio": 0.1061543471,
    "totalOtherIncomeExpensesNet": -76000000,
    "incomeBeforeTax": 250000000,
    "incomeBeforeTaxRatio": 0.0814067079,
    "incomeTaxExpense": 53000000,
    "netIncome": 193000000,
    "netIncomeRatio": 0.0628459785,
    "eps": 0.76,
    "epsdiluted": 0.76,
    "weightedAverageShsOut": 254000000,
    "weightedAverageShsOutDil": 255000000,
    "link": "https://www.sec.gov/Archives/edgar/data/51253/000005125321000045/0000051253-21-000045-index.htm",
    "finalLink": "https://www.sec.gov/Archives/edgar/data/51253/000005125321000045/iff-20210930.htm"
  },
  {
    "date": "2021-06-30",
    "symbol": "IFF",
    "reportedCurrency": "USD",
    "cik": "0000051253",
    "fillingDate": "2021-08-05",
    "acceptedDate": "2021-08-05 16:53:29",
    "calendarYear": "2021",
    "period": "Q2",
    "revenue": 3089000000,
    "costOfRevenue": 2381000000,
    "grossProfit": 708000000,
    "grossProfitRatio": 0.2292003885,
    "researchAndDevelopmentExpenses": 164000000,
    "generalAndAdministrativeExpenses": 0,
    "sellingAndMarketingExpenses": 0,
    "sellingGeneralAndAdministrativeExpenses": 392000000,
    "otherExpenses": 0,
    "operatingExpenses": 556000000,
    "costAndExpenses": 2937000000,
    "interestIncome": 0,
    "interestExpense": 77000000,
    "depreciationAndAmortization": 322000000,
    "ebitda": 443000000,
    "ebitdaratio": 0.1434121075,
    "operatingIncome": 152000000,
    "operatingIncomeRatio": 0.0492068631,
    "totalOtherIncomeExpensesNet": -108000000,
    "incomeBeforeTax": 44000000,
    "incomeBeforeTaxRatio": 0.0142440919,
    "incomeTaxExpense": 14000000,
    "netIncome": 29000000,
    "netIncomeRatio": 0.0093881515,
    "eps": 0.11,
    "epsdiluted": 0.11,
    "weightedAverageShsOut": 254000000,
    "weightedAverageShsOutDil": 255000000,
    "link": "https://www.sec.gov/Archives/edgar/data/51253/000005125321000038/0000051253-21-000038-index.htm",
    "finalLink": "https://www.sec.gov/Archives/edgar/data/51253/000005125321000038/iff-20210630.htm"
  },
  {
    "date": "2021-03-31",
    "symbol": "IFF",
    "reportedCurrency": "USD",
    "cik": "0000051253",
    "fillingDate": "2021-05-10",
    "acceptedDate": "2021-05-10 16:46:48",
    "calendarYear": "2021",
    "period": "Q1",
    "revenue": 2465000000,
    "costOfRevenue": 1865000000,
    "grossProfit": 600000000,
    "grossProfitRatio": 0.2434077079,
    "researchAndDevelopmentExpenses": 143000000,
    "generalAndAdministrativeExpenses": 0,
    "sellingAndMarketingExpenses": 0,
    "sellingGeneralAndAdministrativeExpenses": 324000000,
    "otherExpenses": 0,
    "operatingExpenses": 467000000,
    "costAndExpenses": 2332000000,
    "interestIncome": 0,
    "interestExpense": 65000000,
    "depreciationAndAmortization": 242000000,
    "ebitda": 253000000,
    "ebitdaratio": 0.1026369168,
    "operatingIncome": 133000000,
    "operatingIncomeRatio": 0.0539553753,
    "totalOtherIncomeExpensesNet": -187000000,
    "incomeBeforeTax": -54000000,
    "incomeBeforeTaxRatio": -0.0219066937,
    "incomeTaxExpense": -14000000,
    "netIncome": -43000000,
    "netIncomeRatio": -0.0174442191,
    "eps": -0.21,
    "epsdiluted": -0.2,
    "weightedAverageShsOut": 204761904,
    "weightedAverageShsOutDil": 206000000,
    "link": "https://www.sec.gov/Archives/edgar/data/51253/000005125321000025/0000051253-21-000025-index.htm",
    "finalLink": "https://www.sec.gov/Archives/edgar/data/51253/000005125321000025/iff-20210331.htm"
  },
  {
    "date": "2020-12-31",
    "symbol": "IFF",
    "reportedCurrency": "USD",
    "cik": "0000051253",
    "fillingDate": "2021-02-22",
    "acceptedDate": "2021-02-22 17:07:48",
    "calendarYear": "2020",
    "period": "Q4",
    "revenue": 1270073000,
    "costOfRevenue": 804806000,
    "grossProfit": 465267000,
    "grossProfitRatio": 0.3663309117,
    "researchAndDevelopmentExpenses": 100038000,
    "generalAndAdministrativeExpenses": 0,
    "sellingAndMarketingExpenses": 0,
    "sellingGeneralAndAdministrativeExpenses": 210418000,
    "otherExpenses": 0,
    "operatingExpenses": 310456000,
    "costAndExpenses": 1115262000,
    "interestIncome": 0,
    "interestExpense": 32542000,
    "depreciationAndAmortization": 81784000,
    "ebitda": 193624000,
    "ebitdaratio": 0.1524510796,
    "operatingIncome": 154811000,
    "operatingIncomeRatio": 0.1218914188,
    "totalOtherIncomeExpensesNet": -75513000,
    "incomeBeforeTax": 79298000,
    "incomeBeforeTaxRatio": 0.0624357813,
    "incomeTaxExpense": 12734000,
    "netIncome": 63928000,
    "netIncomeRatio": 0.0503341147,
    "eps": 0.57,
    "epsdiluted": 0.57,
    "weightedAverageShsOut": 112204000,
    "weightedAverageShsOutDil": 113630000,
    "link": "https://www.sec.gov/Archives/edgar/data/51253/000005125321000011/0000051253-21-000011-index.htm",
    "finalLink": "https://www.sec.gov/Archives/edgar/data/51253/000005125321000011/iff-20201231.htm"
  },
  {
    "date": "2020-09-30",
    "symbol": "IFF",
    "reportedCurrency": "USD",
    "cik": "0000051253",
    "fillingDate": "2020-11-09",
    "acceptedDate": "2020-11-09 16:35:53",
    "calendarYear": "2020",
    "period": "Q3",
    "revenue": 1268076000,
    "costOfRevenue": 792491000,
    "grossProfit": 475585000,
    "grossProfitRatio": 0.3750445557,
    "researchAndDevelopmentExpenses": 89968000,
    "generalAndAdministrativeExpenses": 0,
    "sellingAndMarketingExpenses": 0,
    "sellingGeneralAndAdministrativeExpenses": 193627000,
    "otherExpenses": 0,
    "operatingExpenses": 283595000,
    "costAndExpenses": 1076086000,
    "interestIncome": 0,
    "interestExpense": 34629000,
    "depreciationAndAmortization": 83332000,
    "ebitda": 223461000,
    "ebitdaratio": 0.1762205104,
    "operatingIncome": 191990000,
    "operatingIncomeRatio": 0.1514025973,
    "totalOtherIncomeExpensesNet": -86490000,
    "incomeBeforeTax": 105500000,
    "incomeBeforeTaxRatio": 0.0831969062,
    "incomeTaxExpense": 19269000,
    "netIncome": 85592000,
    "netIncomeRatio": 0.0674975317,
    "eps": 0.76,
    "epsdiluted": 0.75,
    "weightedAverageShsOut": 112000000,
    "weightedAverageShsOutDil": 114000000,
    "link": "https://www.sec.gov/Archives/edgar/data/51253/000005125320000055/0000051253-20-000055-index.htm",
    "finalLink": "https://www.sec.gov/Archives/edgar/data/51253/000005125320000055/iff-20200930.htm"
  },
  {
    "date": "2020-06-30",
    "symbol": "IFF",
    "reportedCurrency": "USD",
    "cik": "0000051253",
    "fillingDate": "2020-08-10",
    "acceptedDate": "2020-08-10 16:32:19",
    "calendarYear": "2020",
    "period": "Q2",
    "revenue": 1198773000,
    "costOfRevenue": 766674000,
    "grossProfit": 432099000,
    "grossProfitRatio": 0.3604510612,
    "researchAndDevelopmentExpenses": 80948000,
    "generalAndAdministrativeExpenses": 0,
    "sellingAndMarketingExpenses": 0,
    "sellingGeneralAndAdministrativeExpenses": 194490000,
    "otherExpenses": 0,
    "operatingExpenses": 275438000,
    "costAndExpenses": 1042112000,
    "interestIncome": 0,
    "interestExpense": 31848000,
    "depreciationAndAmortization": 79649000,
    "ebitda": 214562000,
    "ebitdaratio": 0.1789846785,
    "operatingIncome": 156661000,
    "operatingIncomeRatio": 0.1306844582,
    "totalOtherIncomeExpensesNet": -53596000,
    "incomeBeforeTax": 103065000,
    "incomeBeforeTaxRatio": 0.0859754099,
    "incomeTaxExpense": 15699000,
    "netIncome": 84398000,
    "netIncomeRatio": 0.0704036544,
    "eps": 0.75,
    "epsdiluted": 0.74,
    "weightedAverageShsOut": 112000000,
    "weightedAverageShsOutDil": 114000000,
    "link": "https://www.sec.gov/Archives/edgar/data/51253/000005125320000046/0000051253-20-000046-index.htm",
    "finalLink": "https://www.sec.gov/Archives/edgar/data/51253/000005125320000046/iff-20200630.htm"
  },
  {
    "date": "2020-03-31",
    "symbol": "IFF",
    "reportedCurrency": "USD",
    "cik": "0000051253",
    "fillingDate": "2020-05-11",
    "acceptedDate": "2020-05-11 16:57:12",
    "calendarYear": "2020",
    "period": "Q1",
    "revenue": 1347317000,
    "costOfRevenue": 833571000,
    "grossProfit": 513746000,
    "grossProfitRatio": 0.3813104117,
    "researchAndDevelopmentExpenses": 85909000,
    "generalAndAdministrativeExpenses": 0,
    "sellingAndMarketingExpenses": 0,
    "sellingGeneralAndAdministrativeExpenses": 210143000,
    "otherExpenses": 0,
    "operatingExpenses": 296052000,
    "costAndExpenses": 1129623000,
    "interestIncome": 0,
    "interestExpense": 31924000,
    "depreciationAndAmortization": 80595000,
    "ebitda": 266027000,
    "ebitdaratio": 0.1974494495,
    "operatingIncome": 217694000,
    "operatingIncomeRatio": 0.161575932,
    "totalOtherIncomeExpensesNet": -64186000,
    "incomeBeforeTax": 153508000,
    "incomeBeforeTaxRatio": 0.113936067,
    "incomeTaxExpense": 26297000,
    "netIncome": 130213000,
    "netIncomeRatio": 0.0966461493,
    "eps": 1.16,
    "epsdiluted": 1.15,
    "weightedAverageShsOut": 112000000,
    "weightedAverageShsOutDil": 113000000,
    "link": "https://www.sec.gov/Archives/edgar/data/51253/000005125320000011/0000051253-20-000011-index.htm",
    "finalLink": "https://www.sec.gov/Archives/edgar/data/51253/000005125320000011/iff10-q120.htm"
  },
  {
    "date": "2019-12-31",
    "symbol": "IFF",
    "reportedCurrency": "USD",
    "cik": "0000051253",
    "fillingDate": "2020-03-03",
    "acceptedDate": "2020-03-03 17:31:14",
    "calendarYear": "2019",
    "period": "Q4",
    "revenue": 1283769000,
    "costOfRevenue": 832055000,
    "grossProfit": 451714000,
    "grossProfitRatio": 0.3518654836,
    "researchAndDevelopmentExpenses": 85637000,
    "generalAndAdministrativeExpenses": 0,
    "sellingAndMarketingExpenses": 0,
    "sellingGeneralAndAdministrativeExpenses": 194976000,
    "otherExpenses": 0,
    "operatingExpenses": 280613000,
    "costAndExpenses": 1112668000,
    "interestIncome": 0,
    "interestExpense": 35346000,
    "depreciationAndAmortization": 87901000,
    "ebitda": 219774000,
    "ebitdaratio": 0.1711943504,
    "operatingIncome": 171101000,
    "operatingIncomeRatio": 0.1332802085,
    "totalOtherIncomeExpensesNet": -74574000,
    "incomeBeforeTax": 96527000,
    "incomeBeforeTaxRatio": 0.0751903185,
    "incomeTaxExpense": 16150000,
    "netIncome": 79352000,
    "netIncomeRatio": 0.0618117434,
    "eps": 0.71,
    "epsdiluted": 0.7,
    "weightedAverageShsOut": 112003000,
    "weightedAverageShsOutDil": 113472000,
    "link": "https://www.sec.gov/Archives/edgar/data/51253/000005125320000007/0000051253-20-000007-index.htm",
    "finalLink": "https://www.sec.gov/Archives/edgar/data/51253/000005125320000007/iff10k2019.htm"
  },
  {
    "date": "2019-09-30",
    "symbol": "IFF",
    "reportedCurrency": "USD",
    "cik": "0000051253",
    "fillingDate": "2019-11-04",
    "acceptedDate": "2019-11-04 17:02:22",
    "calendarYear": "2019",
    "period": "Q3",
    "revenue": 1267345000,
    "costOfRevenue": 786099000,
    "grossProfit": 481246000,
    "grossProfitRatio": 0.3797276985,
    "researchAndDevelopmentExpenses": 85077000,
    "generalAndAdministrativeExpenses": 0,
    "sellingAndMarketingExpenses": 0,
    "sellingGeneralAndAdministrativeExpenses": 196529000,
    "otherExpenses": 0,
    "operatingExpenses": 281606000,
    "costAndExpenses": 1067704999,
    "interestIncome": 0,
    "interestExpense": 33281000,
    "depreciationAndAmortization": 80615000,
    "ebitda": 270762000,
    "ebitdaratio": 0.2136450611,
    "operatingIncome": 199640000,
    "operatingIncomeRatio": 0.1575261669,
    "totalOtherIncomeExpensesNet": -42774000,
    "incomeBeforeTax": 156866000,
    "incomeBeforeTaxRatio": 0.123775294,
    "incomeTaxExpense": 27059000,
    "netIncome": 128660000,
    "netIncomeRatio": 0.1015193179,
    "eps": 1.15,
    "epsdiluted": 1.13,
    "weightedAverageShsOut": 111998000,
    "weightedAverageShsOutDil": 113493000,
    "link": "https://www.sec.gov/Archives/edgar/data/51253/000005125319000025/0000051253-19-000025-index.htm",
    "finalLink": "https://www.sec.gov/Archives/edgar/data/51253/000005125319000025/iff10-q319.htm"
  },
  {
    "date": "2019-06-30",
    "symbol": "IFF",
    "reportedCurrency": "USD",
    "cik": "0000051253",
    "fillingDate": "2019-08-05",
    "acceptedDate": "2019-08-05 16:55:55",
    "calendarYear": "2019",
    "period": "Q2",
    "revenue": 1291568000,
    "costOfRevenue": 797680000,
    "grossProfit": 493888000,
    "grossProfitRatio": 0.3823941132,
    "researchAndDevelopmentExpenses": 84816000,
    "generalAndAdministrativeExpenses": 0,
    "sellingAndMarketingExpenses": 0,
    "sellingGeneralAndAdministrativeExpenses": 197700000,
    "otherExpenses": 0,
    "operatingExpenses": 282516000,
    "costAndExpenses": 1080196000,
    "interestIncome": 0,
    "interestExpense": 32377000,
    "depreciationAndAmortization": 73039000,
    "ebitda": 274897000,
    "ebitdaratio": 0.2128397421,
    "operatingIncome": 211372000,
    "operatingIncomeRatio": 0.1636553399,
    "totalOtherIncomeExpensesNet": -41891000,
    "incomeBeforeTax": 169481000,
    "incomeBeforeTaxRatio": 0.1312211204,
    "incomeTaxExpense": 30612000,
    "netIncome": 135664000,
    "netIncomeRatio": 0.1050382171,
    "eps": 1.21,
    "epsdiluted": 1.2,
    "weightedAverageShsOut": 111996000,
    "weightedAverageShsOutDil": 112872000,
    "link": "https://www.sec.gov/Archives/edgar/data/51253/000005125319000018/0000051253-19-000018-index.htm",
    "finalLink": "https://www.sec.gov/Archives/edgar/data/51253/000005125319000018/iff10-q219.htm"
  },
  {
    "date": "2019-03-31",
    "symbol": "IFF",
    "reportedCurrency": "USD",
    "cik": "0000051253",
    "fillingDate": "2019-05-06",
    "acceptedDate": "2019-05-06 17:12:10",
    "calendarYear": "2019",
    "period": "Q1",
    "revenue": 1297402000,
    "costOfRevenue": 810545000,
    "grossProfit": 486857000,
    "grossProfitRatio": 0.3752553179,
    "researchAndDevelopmentExpenses": 90596000,
    "generalAndAdministrativeExpenses": 0,
    "sellingAndMarketingExpenses": 0,
    "sellingGeneralAndAdministrativeExpenses": 211482000,
    "otherExpenses": 0,
    "operatingExpenses": 302078000,
    "costAndExpenses": 1112623000,
    "interestIncome": 0,
    "interestExpense": 36356000,
    "depreciationAndAmortization": 81775000,
    "ebitda": 252707000,
    "ebitdaratio": 0.1947792589,
    "operatingIncome": 184779000,
    "operatingIncomeRatio": 0.1424223178,
    "totalOtherIncomeExpensesNet": -50203000,
    "incomeBeforeTax": 134576000,
    "incomeBeforeTaxRatio": 0.103727295,
    "incomeTaxExpense": 23362000,
    "netIncome": 109099000,
    "netIncomeRatio": 0.084090359,
    "eps": 0.97,
    "epsdiluted": 0.96,
    "weightedAverageShsOut": 111864000,
    "weightedAverageShsOutDil": 113389000,
    "link": "https://www.sec.gov/Archives/edgar/data/51253/000005125319000008/0000051253-19-000008-index.htm",
    "finalLink": "https://www.sec.gov/Archives/edgar/data/51253/000005125319000008/iff10-q119.htm"
  },
  {
    "date": "2018-12-31",
    "symbol": "IFF",
    "reportedCurrency": "USD",
    "cik": "0000051253",
    "fillingDate": "2019-02-26",
    "acceptedDate": "2019-02-26 16:33:04",
    "calendarYear": "2018",
    "period": "Q4",
    "revenue": 1219047000,
    "costOfRevenue": 762041000,
    "grossProfit": 457006000,
    "grossProfitRatio": 0.3748879247,
    "researchAndDevelopmentExpenses": 83038000,
    "generalAndAdministrativeExpenses": 0,
    "sellingAndMarketingExpenses": 0,
    "sellingGeneralAndAdministrativeExpenses": 202910000,
    "otherExpenses": 0,
    "operatingExpenses": 285948000,
    "costAndExpenses": 1047989000,
    "interestIncome": 0,
    "interestExpense": 38588000,
    "depreciationAndAmortization": 77798000,
    "ebitda": 9109000,
    "ebitdaratio": 0.0074722304,
    "operatingIncome": 171058000,
    "operatingIncomeRatio": 0.1403210869,
    "totalOtherIncomeExpensesNet": -104758000,
    "incomeBeforeTax": 66300000,
    "incomeBeforeTaxRatio": 0.0543867464,
    "incomeTaxExpense": 50800000,
    "netIncome": 9773000,
    "netIncomeRatio": 0.0080169181,
    "eps": 0.09,
    "epsdiluted": 0.09,
    "weightedAverageShsOut": 110871000,
    "weightedAverageShsOutDil": 112155000,
    "link": "https://www.sec.gov/Archives/edgar/data/51253/000005125319000004/0000051253-19-000004-index.htm",
    "finalLink": "https://www.sec.gov/Archives/edgar/data/51253/000005125319000004/iff10k2018.htm"
  },
  {
    "date": "2018-09-30",
    "symbol": "IFF",
    "reportedCurrency": "USD",
    "cik": "0000051253",
    "fillingDate": "2018-11-05",
    "acceptedDate": "2018-11-05 17:10:37",
    "calendarYear": "2018",
    "period": "Q3",
    "revenue": 907548000,
    "costOfRevenue": 511735000,
    "grossProfit": 395813000,
    "grossProfitRatio": 0.4361345075,
    "researchAndDevelopmentExpenses": 75302000,
    "generalAndAdministrativeExpenses": 0,
    "sellingAndMarketingExpenses": 0,
    "sellingGeneralAndAdministrativeExpenses": 143455000,
    "otherExpenses": 0,
    "operatingExpenses": 218757000,
    "costAndExpenses": 730492000,
    "interestIncome": 0,
    "interestExpense": 48987000,
    "depreciationAndAmortization": 31026000,
    "ebitda": 180715000,
    "ebitdaratio": 0.199124454,
    "operatingIncome": 177056000,
    "operatingIncomeRatio": 0.1950927113,
    "totalOtherIncomeExpensesNet": -76354000,
    "incomeBeforeTax": 100702000,
    "incomeBeforeTaxRatio": 0.1109605222,
    "incomeTaxExpense": 4986000,
    "netIncome": 95616000,
    "netIncomeRatio": 0.1053564109,
    "eps": 1.18,
    "epsdiluted": 1.17,
    "weightedAverageShsOut": 81263000,
    "weightedAverageShsOutDil": 81647000,
    "link": "https://www.sec.gov/Archives/edgar/data/51253/000005125318000020/0000051253-18-000020-index.htm",
    "finalLink": "https://www.sec.gov/Archives/edgar/data/51253/000005125318000020/iff10-q318.htm"
  },
  {
    "date": "2018-06-30",
    "symbol": "IFF",
    "reportedCurrency": "USD",
    "cik": "0000051253",
    "fillingDate": "2018-08-07",
    "acceptedDate": "2018-08-07 16:53:41",
    "calendarYear": "2018",
    "period": "Q2",
    "revenue": 920016000,
    "costOfRevenue": 527157000,
    "grossProfit": 392859000,
    "grossProfitRatio": 0.4270132259,
    "researchAndDevelopmentExpenses": 74767000,
    "generalAndAdministrativeExpenses": 0,
    "sellingAndMarketingExpenses": 0,
    "sellingGeneralAndAdministrativeExpenses": 157403000,
    "otherExpenses": 0,
    "operatingExpenses": 232170000,
    "costAndExpenses": 759327000,
    "interestIncome": 0,
    "interestExpense": 28093000,
    "depreciationAndAmortization": 31584000,
    "ebitda": 181595000,
    "ebitdaratio": 0.1973824368,
    "operatingIncome": 160689000,
    "operatingIncomeRatio": 0.174658919,
    "totalOtherIncomeExpensesNet": -38771000,
    "incomeBeforeTax": 121918000,
    "incomeBeforeTaxRatio": 0.1325172606,
    "incomeTaxExpense": 22769000,
    "netIncome": 98949000,
    "netIncomeRatio": 0.1075513904,
    "eps": 1.25,
    "epsdiluted": 1.25,
    "weightedAverageShsOut": 79065000,
    "weightedAverageShsOutDil": 79303000,
    "link": "https://www.sec.gov/Archives/edgar/data/51253/000005125318000017/0000051253-18-000017-index.htm",
    "finalLink": "https://www.sec.gov/Archives/edgar/data/51253/000005125318000017/iff10-q218.htm"
  },
  {
    "date": "2018-03-31",
    "symbol": "IFF",
    "reportedCurrency": "USD",
    "cik": "0000051253",
    "fillingDate": "2018-05-07",
    "acceptedDate": "2018-05-07 17:03:46",
    "calendarYear": "2018",
    "period": "Q1",
    "revenue": 930928000,
    "costOfRevenue": 528578999,
    "grossProfit": 402349000,
    "grossProfitRatio": 0.4322020607,
    "researchAndDevelopmentExpenses": 78476000,
    "generalAndAdministrativeExpenses": 0,
    "sellingAndMarketingExpenses": 0,
    "sellingGeneralAndAdministrativeExpenses": 142130000,
    "otherExpenses": 0,
    "operatingExpenses": 220606000,
    "costAndExpenses": 749185000,
    "interestIncome": 0,
    "interestExpense": 16379000,
    "depreciationAndAmortization": 33384000,
    "ebitda": 208600000,
    "ebitdaratio": 0.2240774797,
    "operatingIncome": 181743000,
    "operatingIncomeRatio": 0.1952277727,
    "totalOtherIncomeExpensesNet": -22906000,
    "incomeBeforeTax": 158837000,
    "incomeBeforeTaxRatio": 0.1706222178,
    "incomeTaxExpense": 29421000,
    "netIncome": 129116000,
    "netIncomeRatio": 0.1386960109,
    "eps": 1.63,
    "epsdiluted": 1.63,
    "weightedAverageShsOut": 79018000,
    "weightedAverageShsOutDil": 79393000,
    "link": "https://www.sec.gov/Archives/edgar/data/51253/000005125318000009/0000051253-18-000009-index.htm",
    "finalLink": "https://www.sec.gov/Archives/edgar/data/51253/000005125318000009/iff10-q118.htm"
  },
  {
    "date": "2017-12-31",
    "symbol": "IFF",
    "reportedCurrency": "USD",
    "cik": "0000051253",
    "fillingDate": "2018-02-27",
    "acceptedDate": "2018-02-27 16:22:08",
    "calendarYear": "2017",
    "period": "Q4",
    "revenue": 854625000,
    "costOfRevenue": 499153000,
    "grossProfit": 355472000,
    "grossProfitRatio": 0.4159391546,
    "researchAndDevelopmentExpenses": 76820000,
    "generalAndAdministrativeExpenses": 0,
    "sellingAndMarketingExpenses": 0,
    "sellingGeneralAndAdministrativeExpenses": 132669000,
    "otherExpenses": 0,
    "operatingExpenses": 209489000,
    "costAndExpenses": 708642000,
    "interestIncome": 0,
    "interestExpense": 15563000,
    "depreciationAndAmortization": 32521000,
    "ebitda": 163276000,
    "ebitdaratio": 0.1910498757,
    "operatingIncome": 145983000,
    "operatingIncomeRatio": 0.1708152699,
    "totalOtherIncomeExpensesNet": -30791000,
    "incomeBeforeTax": 115192000,
    "incomeBeforeTaxRatio": 0.1347866023,
    "incomeTaxExpense": 155347000,
    "netIncome": -40355000,
    "netIncomeRatio": -0.0472195407,
    "eps": -0.51,
    "epsdiluted": -0.51,
    "weightedAverageShsOut": 79056000,
    "weightedAverageShsOutDil": 79056000,
    "link": "https://www.sec.gov/Archives/edgar/data/51253/000005125318000005/0000051253-18-000005-index.htm",
    "finalLink": "https://www.sec.gov/Archives/edgar/data/51253/000005125318000005/iff10k2017.htm"
  },
  {
    "date": "2017-09-30",
    "symbol": "IFF",
    "reportedCurrency": "USD",
    "cik": "0000051253",
    "fillingDate": "2017-11-07",
    "acceptedDate": "2017-11-06 17:49:10",
    "calendarYear": "2017",
    "period": "Q3",
    "revenue": 872940000,
    "costOfRevenue": 502136000,
    "grossProfit": 370804000,
    "grossProfitRatio": 0.4247760442,
    "researchAndDevelopmentExpenses": 73762000,
    "generalAndAdministrativeExpenses": 0,
    "sellingAndMarketingExpenses": 0,
    "sellingGeneralAndAdministrativeExpenses": 145652000,
    "otherExpenses": 0,
    "operatingExpenses": 219414000,
    "costAndExpenses": 721550000,
    "interestIncome": 0,
    "interestExpense": 19005000,
    "depreciationAndAmortization": 29641000,
    "ebitda": 189972000,
    "ebitdaratio": 0.2176232043,
    "operatingIncome": 151390000,
    "operatingIncomeRatio": 0.1734254359,
    "totalOtherIncomeExpensesNet": -10064000,
    "incomeBeforeTax": 141326000,
    "incomeBeforeTaxRatio": 0.1618965794,
    "incomeTaxExpense": 31065000,
    "netIncome": 110061000,
    "netIncomeRatio": 0.1260808303,
    "eps": 1.39,
    "epsdiluted": 1.39,
    "weightedAverageShsOut": 79063000,
    "weightedAverageShsOutDil": 79362000,
    "link": "https://www.sec.gov/Archives/edgar/data/51253/000005125317000015/0000051253-17-000015-index.htm",
    "finalLink": "https://www.sec.gov/Archives/edgar/data/51253/000005125317000015/iff9302017-10q.htm"
  },
  {
    "date": "2017-06-30",
    "symbol": "IFF",
    "reportedCurrency": "USD",
    "cik": "0000051253",
    "fillingDate": "2017-08-08",
    "acceptedDate": "2017-08-08 16:45:33",
    "calendarYear": "2017",
    "period": "Q2",
    "revenue": 842861000,
    "costOfRevenue": 478984000,
    "grossProfit": 363877000,
    "grossProfitRatio": 0.4317164989,
    "researchAndDevelopmentExpenses": 72761000,
    "generalAndAdministrativeExpenses": 0,
    "sellingAndMarketingExpenses": 0,
    "sellingGeneralAndAdministrativeExpenses": 138300000,
    "otherExpenses": -19000,
    "operatingExpenses": 211080000,
    "costAndExpenses": 690064000,
    "interestIncome": 0,
    "interestExpense": 17370000,
    "depreciationAndAmortization": 29003000,
    "ebitda": 188413000,
    "ebitdaratio": 0.2235398245,
    "operatingIncome": 152797000,
    "operatingIncomeRatio": 0.1812837467,
    "totalOtherIncomeExpensesNet": -10757000,
    "incomeBeforeTax": 142040000,
    "incomeBeforeTaxRatio": 0.1685212627,
    "incomeTaxExpense": 32245000,
    "netIncome": 109595000,
    "netIncomeRatio": 0.1300273711,
    "eps": 1.39,
    "epsdiluted": 1.38,
    "weightedAverageShsOut": 79072000,
    "weightedAverageShsOutDil": 79305000,
    "link": "https://www.sec.gov/Archives/edgar/data/51253/000005125317000012/0000051253-17-000012-index.htm",
    "finalLink": "https://www.sec.gov/Archives/edgar/data/51253/000005125317000012/iff6302017-10q.htm"
  },
  {
    "date": "2017-03-31",
    "symbol": "IFF",
    "reportedCurrency": "USD",
    "cik": "0000051253",
    "fillingDate": "2017-05-08",
    "acceptedDate": "2017-05-08 16:49:58",
    "calendarYear": "2017",
    "period": "Q1",
    "revenue": 828293000,
    "costOfRevenue": 470596000,
    "grossProfit": 357697000,
    "grossProfitRatio": 0.4318483918,
    "researchAndDevelopmentExpenses": 69711000,
    "generalAndAdministrativeExpenses": 0,
    "sellingAndMarketingExpenses": 0,
    "sellingGeneralAndAdministrativeExpenses": 125000000,
    "otherExpenses": -5350000,
    "operatingExpenses": 200061000,
    "costAndExpenses": 670657000,
    "interestIncome": 0,
    "interestExpense": 12619000,
    "depreciationAndAmortization": 26802000,
    "ebitda": 177908000,
    "ebitdaratio": 0.2147887281,
    "operatingIncome": 157636000,
    "operatingIncomeRatio": 0.190314297,
    "totalOtherIncomeExpensesNet": -19149000,
    "incomeBeforeTax": 138487000,
    "incomeBeforeTaxRatio": 0.1671956663,
    "incomeTaxExpense": 22723000,
    "netIncome": 115464000,
    "netIncomeRatio": 0.1393999466,
    "eps": 1.46,
    "epsdiluted": 1.45,
    "weightedAverageShsOut": 79098000,
    "weightedAverageShsOutDil": 79409000,
    "link": "https://www.sec.gov/Archives/edgar/data/51253/000005125317000007/0000051253-17-000007-index.htm",
    "finalLink": "https://www.sec.gov/Archives/edgar/data/51253/000005125317000007/iff3312017-10q.htm"
  },
  {
    "date": "2016-12-31",
    "symbol": "IFF",
    "reportedCurrency": "USD",
    "cik": "0000051253",
    "fillingDate": "2017-02-28",
    "acceptedDate": "2017-02-28 17:23:52",
    "calendarYear": "2016",
    "period": "Q4",
    "revenue": 762560000,
    "costOfRevenue": 435232000,
    "grossProfit": 327328000,
    "grossProfitRatio": 0.429248846,
    "researchAndDevelopmentExpenses": 63211000,
    "generalAndAdministrativeExpenses": 0,
    "sellingAndMarketingExpenses": 0,
    "sellingGeneralAndAdministrativeExpenses": 131714000,
    "otherExpenses": 0,
    "operatingExpenses": 194925000,
    "costAndExpenses": 630157000,
    "interestIncome": 0,
    "interestExpense": 12173000,
    "depreciationAndAmortization": 27360000,
    "ebitda": 132077000,
    "ebitdaratio": 0.1732021087,
    "operatingIncome": 132402999,
    "operatingIncomeRatio": 0.1736296147,
    "totalOtherIncomeExpensesNet": -29022999,
    "incomeBeforeTax": 103381000,
    "incomeBeforeTaxRatio": 0.1355709715,
    "incomeTaxExpense": 23463000,
    "netIncome": 79717000,
    "netIncomeRatio": 0.1045386593,
    "eps": 1,
    "epsdiluted": 1,
    "weightedAverageShsOut": 79399000,
    "weightedAverageShsOutDil": 79713000,
    "link": "https://www.sec.gov/Archives/edgar/data/51253/000005125317000004/0000051253-17-000004-index.htm",
    "finalLink": "https://www.sec.gov/Archives/edgar/data/51253/000005125317000004/internationalflavors10k2016.htm"
  },
  {
    "date": "2016-09-30",
    "symbol": "IFF",
    "reportedCurrency": "USD",
    "cik": "0000051253",
    "fillingDate": "2016-11-07",
    "acceptedDate": "2016-11-07 16:44:43",
    "calendarYear": "2016",
    "period": "Q3",
    "revenue": 777001000,
    "costOfRevenue": 434665000,
    "grossProfit": 342336000,
    "grossProfitRatio": 0.4405863056,
    "researchAndDevelopmentExpenses": 64415000,
    "generalAndAdministrativeExpenses": 0,
    "sellingAndMarketingExpenses": 0,
    "sellingGeneralAndAdministrativeExpenses": 126260000,
    "otherExpenses": 0,
    "operatingExpenses": 190675000,
    "costAndExpenses": 625340000,
    "interestIncome": 0,
    "interestExpense": 12940000,
    "depreciationAndAmortization": 25366000,
    "ebitda": 151696000,
    "ebitdaratio": 0.195232696,
    "operatingIncome": 151661000,
    "operatingIncomeRatio": 0.195187651,
    "totalOtherIncomeExpensesNet": -38271000,
    "incomeBeforeTax": 113390000,
    "incomeBeforeTaxRatio": 0.1459328881,
    "incomeTaxExpense": 23613000,
    "netIncome": 89577000,
    "netIncomeRatio": 0.1152855659,
    "eps": 1.13,
    "epsdiluted": 1.12,
    "weightedAverageShsOut": 79580000,
    "weightedAverageShsOutDil": 79935000,
    "link": "https://www.sec.gov/Archives/edgar/data/51253/000005125316000045/0000051253-16-000045-index.htm",
    "finalLink": "https://www.sec.gov/Archives/edgar/data/51253/000005125316000045/iff9302016-10q.htm"
  },
  {
    "date": "2016-06-30",
    "symbol": "IFF",
    "reportedCurrency": "USD",
    "cik": "0000051253",
    "fillingDate": "2016-08-08",
    "acceptedDate": "2016-08-08 17:23:58",
    "calendarYear": "2016",
    "period": "Q2",
    "revenue": 793478000,
    "costOfRevenue": 427837000,
    "grossProfit": 365641000,
    "grossProfitRatio": 0.4608079871,
    "researchAndDevelopmentExpenses": 63252000,
    "generalAndAdministrativeExpenses": 132784000,
    "sellingAndMarketingExpenses": 0,
    "sellingGeneralAndAdministrativeExpenses": 132784000,
    "otherExpenses": 2635000,
    "operatingExpenses": 201166000,
    "costAndExpenses": 629003000,
    "interestIncome": 0,
    "interestExpense": 15060000,
    "depreciationAndAmortization": 23046000,
    "ebitda": 190156000,
    "ebitdaratio": 0.2396487363,
    "operatingIncome": 164475000,
    "operatingIncomeRatio": 0.2072836298,
    "totalOtherIncomeExpensesNet": -12622000,
    "incomeBeforeTax": 152050000,
    "incomeBeforeTaxRatio": 0.1916247205,
    "incomeTaxExpense": 35317000,
    "netIncome": 116733000,
    "netIncomeRatio": 0.14711561,
    "eps": 1.46,
    "epsdiluted": 1.46,
    "weightedAverageShsOut": 79764000,
    "weightedAverageShsOutDil": 80040000,
    "link": "https://www.sec.gov/Archives/edgar/data/51253/000005125316000042/0000051253-16-000042-index.htm",
    "finalLink": "https://www.sec.gov/Archives/edgar/data/51253/000005125316000042/iff6302016-10q.htm"
  },
  {
    "date": "2016-03-31",
    "symbol": "IFF",
    "reportedCurrency": "USD",
    "cik": "0000051253",
    "fillingDate": "2016-05-09",
    "acceptedDate": "2016-05-09 16:44:06",
    "calendarYear": "2016",
    "period": "Q1",
    "revenue": 783312000,
    "costOfRevenue": 423103000,
    "grossProfit": 360209000,
    "grossProfitRatio": 0.4598538003,
    "researchAndDevelopmentExpenses": 63385000,
    "generalAndAdministrativeExpenses": 123543000,
    "sellingAndMarketingExpenses": 0,
    "sellingGeneralAndAdministrativeExpenses": 123543000,
    "otherExpenses": 154000,
    "operatingExpenses": 192989000,
    "costAndExpenses": 616092000,
    "interestIncome": 0,
    "interestExpense": 12478000,
    "depreciationAndAmortization": 26697000,
    "ebitda": 194071000,
    "ebitdaratio": 0.2477569602,
    "operatingIncome": 167220000,
    "operatingIncomeRatio": 0.2134781543,
    "totalOtherIncomeExpensesNet": -15037000,
    "incomeBeforeTax": 154896000,
    "incomeBeforeTaxRatio": 0.1977449599,
    "incomeTaxExpense": 36293000,
    "netIncome": 118603000,
    "netIncomeRatio": 0.1514122087,
    "eps": 1.48,
    "epsdiluted": 1.47,
    "weightedAverageShsOut": 79666000,
    "weightedAverageShsOutDil": 80055000,
    "link": "https://www.sec.gov/Archives/edgar/data/51253/000005125316000035/0000051253-16-000035-index.htm",
    "finalLink": "https://www.sec.gov/Archives/edgar/data/51253/000005125316000035/iff3312016-10q.htm"
  },
  {
    "date": "2015-12-31",
    "symbol": "IFF",
    "reportedCurrency": "USD",
    "cik": "0000051253",
    "fillingDate": "2016-03-01",
    "acceptedDate": "2016-03-01 16:27:53",
    "calendarYear": "2015",
    "period": "Q4",
    "revenue": 715649000,
    "costOfRevenue": 402493000,
    "grossProfit": 313156000,
    "grossProfitRatio": 0.4375832286,
    "researchAndDevelopmentExpenses": 57376000,
    "generalAndAdministrativeExpenses": 126997000,
    "sellingAndMarketingExpenses": 10530000,
    "sellingGeneralAndAdministrativeExpenses": 137527000,
    "otherExpenses": 0,
    "operatingExpenses": 194903000,
    "costAndExpenses": 597396000,
    "interestIncome": 0,
    "interestExpense": 11705000,
    "depreciationAndAmortization": 24498000,
    "ebitda": 139018000,
    "ebitdaratio": 0.194254446,
    "operatingIncome": 110489000,
    "operatingIncomeRatio": 0.1543899314,
    "totalOtherIncomeExpensesNet": -18204000,
    "incomeBeforeTax": 92285000,
    "incomeBeforeTaxRatio": 0.1289528805,
    "incomeTaxExpense": 20700000,
    "netIncome": 71585000,
    "netIncomeRatio": 0.1000280864,
    "eps": 0.89,
    "epsdiluted": 0.89,
    "weightedAverageShsOut": 79978000,
    "weightedAverageShsOutDil": 80400000,
    "link": "https://www.sec.gov/Archives/edgar/data/51253/000005125316000026/0000051253-16-000026-index.htm",
    "finalLink": "https://www.sec.gov/Archives/edgar/data/51253/000005125316000026/internationalflavors10k2015.htm"
  },
  {
    "date": "2015-09-30",
    "symbol": "IFF",
    "reportedCurrency": "USD",
    "cik": "0000051253",
    "fillingDate": "2015-11-09",
    "acceptedDate": "2015-11-09 16:53:01",
    "calendarYear": "2015",
    "period": "Q3",
    "revenue": 765092000,
    "costOfRevenue": 417966000,
    "grossProfit": 347126000,
    "grossProfitRatio": 0.4537049139,
    "researchAndDevelopmentExpenses": 62750000,
    "generalAndAdministrativeExpenses": 127663000,
    "sellingAndMarketingExpenses": 0,
    "sellingGeneralAndAdministrativeExpenses": 127663000,
    "otherExpenses": 0,
    "operatingExpenses": 190413000,
    "costAndExpenses": 608379000,
    "interestIncome": 0,
    "interestExpense": 11855000,
    "depreciationAndAmortization": 24058000,
    "ebitda": 178812000,
    "ebitdaratio": 0.2337130698,
    "operatingIncome": 156713000,
    "operatingIncomeRatio": 0.2048289617,
    "totalOtherIncomeExpensesNet": -13814000,
    "incomeBeforeTax": 142899000,
    "incomeBeforeTaxRatio": 0.1867736168,
    "incomeTaxExpense": 36452000,
    "netIncome": 106447000,
    "netIncomeRatio": 0.1391296733,
    "eps": 1.32,
    "epsdiluted": 1.31,
    "weightedAverageShsOut": 80330000,
    "weightedAverageShsOutDil": 80737000,
    "link": "https://www.sec.gov/Archives/edgar/data/51253/000005125315000022/0000051253-15-000022-index.htm",
    "finalLink": "https://www.sec.gov/Archives/edgar/data/51253/000005125315000022/iff9302015-10q.htm"
  },
  {
    "date": "2015-06-30",
    "symbol": "IFF",
    "reportedCurrency": "USD",
    "cik": "0000051253",
    "fillingDate": "2015-08-10",
    "acceptedDate": "2015-08-10 17:05:33",
    "calendarYear": "2015",
    "period": "Q2",
    "revenue": 767541000,
    "costOfRevenue": 422501000,
    "grossProfit": 345040000,
    "grossProfitRatio": 0.4495395034,
    "researchAndDevelopmentExpenses": 62514000,
    "generalAndAdministrativeExpenses": 134063000,
    "sellingAndMarketingExpenses": 0,
    "sellingGeneralAndAdministrativeExpenses": 134063000,
    "otherExpenses": -436000,
    "operatingExpenses": 196577000,
    "costAndExpenses": 619078000,
    "interestIncome": 0,
    "interestExpense": 11407000,
    "depreciationAndAmortization": 21056000,
    "ebitda": 169441000,
    "ebitdaratio": 0.2207582396,
    "operatingIncome": 148821000,
    "operatingIncomeRatio": 0.1938932252,
    "totalOtherIncomeExpensesNet": -11843000,
    "incomeBeforeTax": 136978000,
    "incomeBeforeTaxRatio": 0.1784634306,
    "incomeTaxExpense": 31604000,
    "netIncome": 105374000,
    "netIncomeRatio": 0.1372877801,
    "eps": 1.3,
    "epsdiluted": 1.29,
    "weightedAverageShsOut": 80790000,
    "weightedAverageShsOutDil": 81192000,
    "link": "https://www.sec.gov/Archives/edgar/data/51253/000005125315000015/0000051253-15-000015-index.htm",
    "finalLink": "https://www.sec.gov/Archives/edgar/data/51253/000005125315000015/iff6302015-10q.htm"
  },
  {
    "date": "2015-03-31",
    "symbol": "IFF",
    "reportedCurrency": "USD",
    "cik": "0000051253",
    "fillingDate": "2015-05-12",
    "acceptedDate": "2015-05-12 07:30:50",
    "calendarYear": "2015",
    "period": "Q1",
    "revenue": 774907000,
    "costOfRevenue": 428630000,
    "grossProfit": 346277000,
    "grossProfitRatio": 0.4468626558,
    "researchAndDevelopmentExpenses": 63462000,
    "generalAndAdministrativeExpenses": 120835000,
    "sellingAndMarketingExpenses": 0,
    "sellingGeneralAndAdministrativeExpenses": 120835000,
    "otherExpenses": 0,
    "operatingExpenses": 184297000,
    "costAndExpenses": 612927000,
    "interestIncome": 0,
    "interestExpense": 11095000,
    "depreciationAndAmortization": 19985000,
    "ebitda": 187488000,
    "ebitdaratio": 0.2419490339,
    "operatingIncome": 161793000,
    "operatingIncomeRatio": 0.2087902161,
    "totalOtherIncomeExpensesNet": -5385000,
    "incomeBeforeTax": 156408000,
    "incomeBeforeTaxRatio": 0.2018409951,
    "incomeTaxExpense": 28150000,
    "netIncome": 128258000,
    "netIncomeRatio": 0.1655140552,
    "eps": 1.58,
    "epsdiluted": 1.57,
    "weightedAverageShsOut": 80654000,
    "weightedAverageShsOutDil": 81195000,
    "link": "https://www.sec.gov/Archives/edgar/data/51253/000005125315000008/0000051253-15-000008-index.htm",
    "finalLink": "https://www.sec.gov/Archives/edgar/data/51253/000005125315000008/iff3312015-10q.htm"
  },
  {
    "date": "2014-12-31",
    "symbol": "IFF",
    "reportedCurrency": "USD",
    "cik": "0000051253",
    "fillingDate": "2015-03-02",
    "acceptedDate": "2015-03-02 17:29:35",
    "calendarYear": "2014",
    "period": "Q4",
    "revenue": 756082000,
    "costOfRevenue": 428102000,
    "grossProfit": 327980000,
    "grossProfitRatio": 0.4337889277,
    "researchAndDevelopmentExpenses": 62005000,
    "generalAndAdministrativeExpenses": 135027000,
    "sellingAndMarketingExpenses": 0,
    "sellingGeneralAndAdministrativeExpenses": 135027000,
    "otherExpenses": -954000,
    "operatingExpenses": 197032000,
    "costAndExpenses": 625134000,
    "interestIncome": 0,
    "interestExpense": 12019000,
    "depreciationAndAmortization": 20676000,
    "ebitda": 150284000,
    "ebitdaratio": 0.1987668004,
    "operatingIncome": 130948000,
    "operatingIncomeRatio": 0.1731928547,
    "totalOtherIncomeExpensesNet": -13359000,
    "incomeBeforeTax": 117589000,
    "incomeBeforeTaxRatio": 0.1555241363,
    "incomeTaxExpense": 27454000,
    "netIncome": 90135000,
    "netIncomeRatio": 0.1192132599,
    "eps": 1.11,
    "epsdiluted": 1.1,
    "weightedAverageShsOut": 80810000,
    "weightedAverageShsOutDil": 81312000,
    "link": "https://www.sec.gov/Archives/edgar/data/51253/000005125315000004/0000051253-15-000004-index.htm",
    "finalLink": "https://www.sec.gov/Archives/edgar/data/51253/000005125315000004/internationalflavors10k2014.htm"
  },
  {
    "date": "2014-09-30",
    "symbol": "IFF",
    "reportedCurrency": "USD",
    "cik": "0000051253",
    "fillingDate": "2014-11-04",
    "acceptedDate": "2014-11-04 07:35:35",
    "calendarYear": "2014",
    "period": "Q3",
    "revenue": 773813000,
    "costOfRevenue": 433702000,
    "grossProfit": 340111000,
    "grossProfitRatio": 0.4395260871,
    "researchAndDevelopmentExpenses": 63701000,
    "generalAndAdministrativeExpenses": 123212000,
    "sellingAndMarketingExpenses": 0,
    "sellingGeneralAndAdministrativeExpenses": 123212000,
    "otherExpenses": 563000,
    "operatingExpenses": 186913000,
    "costAndExpenses": 620615000,
    "interestIncome": 0,
    "interestExpense": 10968000,
    "depreciationAndAmortization": 19547000,
    "ebitda": 172700000,
    "ebitdaratio": 0.2231805359,
    "operatingIncome": 153198000,
    "operatingIncomeRatio": 0.1979780645,
    "totalOtherIncomeExpensesNet": -11013000,
    "incomeBeforeTax": 142185000,
    "incomeBeforeTaxRatio": 0.1837459438,
    "incomeTaxExpense": 34770000,
    "netIncome": 107415000,
    "netIncomeRatio": 0.1388126072,
    "eps": 1.32,
    "epsdiluted": 1.31,
    "weightedAverageShsOut": 80942000,
    "weightedAverageShsOutDil": 81508000,
    "link": "https://www.sec.gov/Archives/edgar/data/51253/000005125314000017/0000051253-14-000017-index.htm",
    "finalLink": "https://www.sec.gov/Archives/edgar/data/51253/000005125314000017/iff9302014-10q.htm"
  },
  {
    "date": "2014-06-30",
    "symbol": "IFF",
    "reportedCurrency": "USD",
    "cik": "0000051253",
    "fillingDate": "2014-08-05",
    "acceptedDate": "2014-08-05 07:31:45",
    "calendarYear": "2014",
    "period": "Q2",
    "revenue": 788414000,
    "costOfRevenue": 435767000,
    "grossProfit": 352647000,
    "grossProfitRatio": 0.4472865779,
    "researchAndDevelopmentExpenses": 66431000,
    "generalAndAdministrativeExpenses": 132919000,
    "sellingAndMarketingExpenses": 0,
    "sellingGeneralAndAdministrativeExpenses": 132919000,
    "otherExpenses": 0,
    "operatingExpenses": 199350000,
    "costAndExpenses": 635117000,
    "interestIncome": 0,
    "interestExpense": 11403000,
    "depreciationAndAmortization": 26301000,
    "ebitda": 184057000,
    "ebitdaratio": 0.2334522218,
    "operatingIncome": 153297000,
    "operatingIncomeRatio": 0.1944371866,
    "totalOtherIncomeExpensesNet": -10057000,
    "incomeBeforeTax": 146353000,
    "incomeBeforeTaxRatio": 0.1856296311,
    "incomeTaxExpense": 36068000,
    "netIncome": 110285000,
    "netIncomeRatio": 0.1398820924,
    "eps": 1.35,
    "epsdiluted": 1.35,
    "weightedAverageShsOut": 80949000,
    "weightedAverageShsOutDil": 81430000,
    "link": "https://www.sec.gov/Archives/edgar/data/51253/000005125314000012/0000051253-14-000012-index.htm",
    "finalLink": "https://www.sec.gov/Archives/edgar/data/51253/000005125314000012/iff6302014-10q.htm"
  },
  {
    "date": "2014-03-31",
    "symbol": "IFF",
    "reportedCurrency": "USD",
    "cik": "0000051253",
    "fillingDate": "2014-05-06",
    "acceptedDate": "2014-05-06 07:30:56",
    "calendarYear": "2014",
    "period": "Q1",
    "revenue": 770224000,
    "costOfRevenue": 428812000,
    "grossProfit": 341412000,
    "grossProfitRatio": 0.4432632585,
    "researchAndDevelopmentExpenses": 61504000,
    "generalAndAdministrativeExpenses": 123733000,
    "sellingAndMarketingExpenses": 0,
    "sellingGeneralAndAdministrativeExpenses": 123733000,
    "otherExpenses": -1443000,
    "operatingExpenses": 185237000,
    "costAndExpenses": 614049000,
    "interestIncome": 0,
    "interestExpense": 11677000,
    "depreciationAndAmortization": 22830000,
    "ebitda": 177440000,
    "ebitdaratio": 0.2303745404,
    "operatingIncome": 156175000,
    "operatingIncomeRatio": 0.2027656889,
    "totalOtherIncomeExpensesNet": -13242000,
    "incomeBeforeTax": 142933000,
    "incomeBeforeTaxRatio": 0.1855732878,
    "incomeTaxExpense": 36226000,
    "netIncome": 106707000,
    "netIncomeRatio": 0.1385402169,
    "eps": 1.31,
    "epsdiluted": 1.3,
    "weightedAverageShsOut": 81053000,
    "weightedAverageShsOutDil": 81732000,
    "link": "https://www.sec.gov/Archives/edgar/data/51253/000005125314000008/0000051253-14-000008-index.htm",
    "finalLink": "https://www.sec.gov/Archives/edgar/data/51253/000005125314000008/iff3312014-10q.htm"
  },
  {
    "date": "2013-12-31",
    "symbol": "IFF",
    "reportedCurrency": "USD",
    "cik": "0000051253",
    "fillingDate": "2014-02-25",
    "acceptedDate": "2014-02-25 16:51:59",
    "calendarYear": "2013",
    "period": "Q4",
    "revenue": 725169000,
    "costOfRevenue": 411714000,
    "grossProfit": 313455000,
    "grossProfitRatio": 0.4322509649,
    "researchAndDevelopmentExpenses": 70409000,
    "generalAndAdministrativeExpenses": 148190000,
    "sellingAndMarketingExpenses": 0,
    "sellingGeneralAndAdministrativeExpenses": 148190000,
    "otherExpenses": -723000,
    "operatingExpenses": 218599000,
    "costAndExpenses": 630313000,
    "interestIncome": 0,
    "interestExpense": 11129000,
    "depreciationAndAmortization": 22143000,
    "ebitda": 33004000,
    "ebitdaratio": 0.0455121496,
    "operatingIncome": 94855000,
    "operatingIncomeRatio": 0.1308039919,
    "totalOtherIncomeExpensesNet": -11897000,
    "incomeBeforeTax": 82958000,
    "incomeBeforeTaxRatio": 0.114398161,
    "incomeTaxExpense": 21479000,
    "netIncome": 61479000,
    "netIncomeRatio": 0.0847788584,
    "eps": 0.75,
    "epsdiluted": 0.75,
    "weightedAverageShsOut": 81242000,
    "weightedAverageShsOutDil": 81843000,
    "link": "https://www.sec.gov/Archives/edgar/data/51253/000005125314000004/0000051253-14-000004-index.htm",
    "finalLink": "https://www.sec.gov/Archives/edgar/data/51253/000005125314000004/internationalflavors10k2013.htm"
  },
  {
    "date": "2013-09-30",
    "symbol": "IFF",
    "reportedCurrency": "USD",
    "cik": "0000051253",
    "fillingDate": "2013-11-05",
    "acceptedDate": "2013-11-05 08:02:34",
    "calendarYear": "2013",
    "period": "Q3",
    "revenue": 742256000,
    "costOfRevenue": 416852000,
    "grossProfit": 325404000,
    "grossProfitRatio": 0.4383986118,
    "researchAndDevelopmentExpenses": 65654000,
    "generalAndAdministrativeExpenses": 118221000,
    "sellingAndMarketingExpenses": 0,
    "sellingGeneralAndAdministrativeExpenses": 118221000,
    "otherExpenses": 0,
    "operatingExpenses": 183875000,
    "costAndExpenses": 600727000,
    "interestIncome": 0,
    "interestExpense": 11625000,
    "depreciationAndAmortization": 21277000,
    "ebitda": 166886000,
    "ebitdaratio": 0.2248361751,
    "operatingIncome": 141529000,
    "operatingIncomeRatio": 0.190674107,
    "totalOtherIncomeExpensesNet": -7545000,
    "incomeBeforeTax": 133984000,
    "incomeBeforeTaxRatio": 0.1805091505,
    "incomeTaxExpense": 34938000,
    "netIncome": 99046000,
    "netIncomeRatio": 0.1334391369,
    "eps": 1.21,
    "epsdiluted": 1.2,
    "weightedAverageShsOut": 81437000,
    "weightedAverageShsOutDil": 82043000,
    "link": "https://www.sec.gov/Archives/edgar/data/51253/000005125313000003/0000051253-13-000003-index.htm",
    "finalLink": "https://www.sec.gov/Archives/edgar/data/51253/000005125313000003/iff9302013-10q.htm"
  },
  {
    "date": "2013-06-30",
    "symbol": "IFF",
    "reportedCurrency": "USD",
    "cik": "0000051253",
    "fillingDate": "2013-08-06",
    "acceptedDate": "2013-08-06 07:53:54",
    "calendarYear": "2013",
    "period": "Q2",
    "revenue": 757635000,
    "costOfRevenue": 423649000,
    "grossProfit": 333986000,
    "grossProfitRatio": 0.4408270473,
    "researchAndDevelopmentExpenses": 64672000,
    "generalAndAdministrativeExpenses": 124813000,
    "sellingAndMarketingExpenses": 0,
    "sellingGeneralAndAdministrativeExpenses": 124813000,
    "otherExpenses": 0,
    "operatingExpenses": 189485000,
    "costAndExpenses": 613134000,
    "interestIncome": 0,
    "interestExpense": 12860000,
    "depreciationAndAmortization": 20402000,
    "ebitda": 174007000,
    "ebitdaratio": 0.2296712797,
    "operatingIncome": 144501000,
    "operatingIncomeRatio": 0.1907264052,
    "totalOtherIncomeExpensesNet": -3756000,
    "incomeBeforeTax": 140745000,
    "incomeBeforeTaxRatio": 0.1857688729,
    "incomeTaxExpense": 38423000,
    "netIncome": 102322000,
    "netIncomeRatio": 0.1350544787,
    "eps": 1.25,
    "epsdiluted": 1.24,
    "weightedAverageShsOut": 81309000,
    "weightedAverageShsOutDil": 82041000,
    "link": "https://www.sec.gov/Archives/edgar/data/51253/000119312513320349/0001193125-13-320349-index.htm",
    "finalLink": "https://www.sec.gov/Archives/edgar/data/51253/000119312513320349/d546766d10q.htm"
  },
  {
    "date": "2013-03-31",
    "symbol": "IFF",
    "reportedCurrency": "USD",
    "cik": "0000051253",
    "fillingDate": "2013-05-07",
    "acceptedDate": "2013-05-07 08:20:45",
    "calendarYear": "2013",
    "period": "Q1",
    "revenue": 727836000,
    "costOfRevenue": 416476000,
    "grossProfit": 311360000,
    "grossProfitRatio": 0.4277886777,
    "researchAndDevelopmentExpenses": 59101000,
    "generalAndAdministrativeExpenses": 114653000,
    "sellingAndMarketingExpenses": 0,
    "sellingGeneralAndAdministrativeExpenses": 114653000,
    "otherExpenses": 1069000,
    "operatingExpenses": 173754000,
    "costAndExpenses": 590230000,
    "interestIncome": 0,
    "interestExpense": 11152000,
    "depreciationAndAmortization": 19405000,
    "ebitda": 158080000,
    "ebitdaratio": 0.217191785,
    "operatingIncome": 137606000,
    "operatingIncomeRatio": 0.1890618216,
    "totalOtherIncomeExpensesNet": -11281000,
    "incomeBeforeTax": 127523000,
    "incomeBeforeTaxRatio": 0.1752084261,
    "incomeTaxExpense": 36826000,
    "netIncome": 90697000,
    "netIncomeRatio": 0.1246118631,
    "eps": 1.11,
    "epsdiluted": 1.1,
    "weightedAverageShsOut": 81291000,
    "weightedAverageShsOutDil": 82024000,
    "link": "https://www.sec.gov/Archives/edgar/data/51253/000119312513203099/0001193125-13-203099-index.htm",
    "finalLink": "https://www.sec.gov/Archives/edgar/data/51253/000119312513203099/d515945d10q.htm"
  },
  {
    "date": "2012-12-31",
    "symbol": "IFF",
    "reportedCurrency": "USD",
    "cik": "0000051253",
    "fillingDate": "2013-02-26",
    "acceptedDate": "2013-02-26 16:43:13",
    "calendarYear": "2012",
    "period": "Q4",
    "revenue": 680558000,
    "costOfRevenue": 393490000,
    "grossProfit": 287068000,
    "grossProfitRatio": 0.421812689,
    "researchAndDevelopmentExpenses": 62245000,
    "generalAndAdministrativeExpenses": 125593000,
    "sellingAndMarketingExpenses": 1000,
    "sellingGeneralAndAdministrativeExpenses": 125594000,
    "otherExpenses": -116000,
    "operatingExpenses": 187839000,
    "costAndExpenses": 581329000,
    "interestIncome": 0,
    "interestExpense": 10423000,
    "depreciationAndAmortization": 20335000,
    "ebitda": 119447000,
    "ebitdaratio": 0.1755133288,
    "operatingIncome": 99229000,
    "operatingIncomeRatio": 0.1458053538,
    "totalOtherIncomeExpensesNet": -10540000,
    "incomeBeforeTax": 88690000,
    "incomeBeforeTaxRatio": 0.1303195319,
    "incomeTaxExpense": 20571000,
    "netIncome": 68119000,
    "netIncomeRatio": 0.100092865,
    "eps": 0.83,
    "epsdiluted": 0.83,
    "weightedAverageShsOut": 81318000,
    "weightedAverageShsOutDil": 81998000,
    "link": "https://www.sec.gov/Archives/edgar/data/51253/000119312513077028/0001193125-13-077028-index.htm",
    "finalLink": "https://www.sec.gov/Archives/edgar/data/51253/000119312513077028/d458316d10k.htm"
  },
  {
    "date": "2012-09-30",
    "symbol": "IFF",
    "reportedCurrency": "USD",
    "cik": "0000051253",
    "fillingDate": "2012-11-06",
    "acceptedDate": "2012-11-06 08:05:23",
    "calendarYear": "2012",
    "period": "Q3",
    "revenue": 708955000,
    "costOfRevenue": 407431000,
    "grossProfit": 301524000,
    "grossProfitRatio": 0.4253076711,
    "researchAndDevelopmentExpenses": 57658000,
    "generalAndAdministrativeExpenses": 109691000,
    "sellingAndMarketingExpenses": 0,
    "sellingGeneralAndAdministrativeExpenses": 109691000,
    "otherExpenses": 0,
    "operatingExpenses": 167349000,
    "costAndExpenses": 574780000,
    "interestIncome": 0,
    "interestExpense": 9907000,
    "depreciationAndAmortization": 19238000,
    "ebitda": 150989000,
    "ebitdaratio": 0.2129740251,
    "operatingIncome": 134175000,
    "operatingIncomeRatio": 0.1892574282,
    "totalOtherIncomeExpensesNet": -12331000,
    "incomeBeforeTax": 121844000,
    "incomeBeforeTaxRatio": 0.1718642227,
    "incomeTaxExpense": 105481000,
    "netIncome": 16363000,
    "netIncomeRatio": 0.0230804494,
    "eps": 0.2,
    "epsdiluted": 0.2,
    "weightedAverageShsOut": 81246000,
    "weightedAverageShsOutDil": 81898000,
    "link": "https://www.sec.gov/Archives/edgar/data/51253/000119312512453233/0001193125-12-453233-index.htm",
    "finalLink": "https://www.sec.gov/Archives/edgar/data/51253/000119312512453233/d412119d10q.htm"
  },
  {
    "date": "2012-06-30",
    "symbol": "IFF",
    "reportedCurrency": "USD",
    "cik": "0000051253",
    "fillingDate": "2012-08-08",
    "acceptedDate": "2012-08-08 08:39:39",
    "calendarYear": "2012",
    "period": "Q2",
    "revenue": 721317000,
    "costOfRevenue": 419774000,
    "grossProfit": 301543000,
    "grossProfitRatio": 0.4180450482,
    "researchAndDevelopmentExpenses": 56400000,
    "generalAndAdministrativeExpenses": 112835000,
    "sellingAndMarketingExpenses": 0,
    "sellingGeneralAndAdministrativeExpenses": 112835000,
    "otherExpenses": 0,
    "operatingExpenses": 169235000,
    "costAndExpenses": 589009000,
    "interestIncome": 0,
    "interestExpense": 10613000,
    "depreciationAndAmortization": 18055000,
    "ebitda": 151208000,
    "ebitdaratio": 0.2096276672,
    "operatingIncome": 132308000,
    "operatingIncomeRatio": 0.1834255951,
    "totalOtherIncomeExpensesNet": -9768000,
    "incomeBeforeTax": 122540000,
    "incomeBeforeTaxRatio": 0.1698836988,
    "incomeTaxExpense": 33944000,
    "netIncome": 88596000,
    "netIncomeRatio": 0.122825332,
    "eps": 1.09,
    "epsdiluted": 1.08,
    "weightedAverageShsOut": 81095000,
    "weightedAverageShsOutDil": 81782000,
    "link": "https://www.sec.gov/Archives/edgar/data/51253/000119312512342596/0001193125-12-342596-index.htm",
    "finalLink": "https://www.sec.gov/Archives/edgar/data/51253/000119312512342596/d367459d10q.htm"
  },
  {
    "date": "2012-03-31",
    "symbol": "IFF",
    "reportedCurrency": "USD",
    "cik": "0000051253",
    "fillingDate": "2012-05-08",
    "acceptedDate": "2012-05-08 07:44:45",
    "calendarYear": "2012",
    "period": "Q1",
    "revenue": 710616000,
    "costOfRevenue": 425217000,
    "grossProfit": 285399000,
    "grossProfitRatio": 0.401621973,
    "researchAndDevelopmentExpenses": 57408000,
    "generalAndAdministrativeExpenses": 105416000,
    "sellingAndMarketingExpenses": 0,
    "sellingGeneralAndAdministrativeExpenses": 105416000,
    "otherExpenses": 0,
    "operatingExpenses": 162824000,
    "costAndExpenses": 588041000,
    "interestIncome": 0,
    "interestExpense": 10811000,
    "depreciationAndAmortization": 19039000,
    "ebitda": 140192000,
    "ebitdaratio": 0.1972823578,
    "operatingIncome": 122575000,
    "operatingIncomeRatio": 0.1724911907,
    "totalOtherIncomeExpensesNet": -12233000,
    "incomeBeforeTax": 110342000,
    "incomeBeforeTaxRatio": 0.1552765488,
    "incomeTaxExpense": 29286000,
    "netIncome": 81056000,
    "netIncomeRatio": 0.1140644174,
    "eps": 1,
    "epsdiluted": 0.99,
    "weightedAverageShsOut": 80777000,
    "weightedAverageShsOutDil": 81667000,
    "link": "https://www.sec.gov/Archives/edgar/data/51253/000119312512216690/0001193125-12-216690-index.htm",
    "finalLink": "https://www.sec.gov/Archives/edgar/data/51253/000119312512216690/d329923d10q.htm"
  },
  {
    "date": "2011-12-31",
    "symbol": "IFF",
    "reportedCurrency": "USD",
    "cik": "0000051253",
    "fillingDate": "2012-02-28",
    "acceptedDate": "2012-02-28 15:01:51",
    "calendarYear": "2011",
    "period": "Q4",
    "revenue": 644383000,
    "costOfRevenue": 399985000,
    "grossProfit": 244398000,
    "grossProfitRatio": 0.3792744377,
    "researchAndDevelopmentExpenses": 52459000,
    "generalAndAdministrativeExpenses": 134348000,
    "sellingAndMarketingExpenses": 0,
    "sellingGeneralAndAdministrativeExpenses": 134348000,
    "otherExpenses": 0,
    "operatingExpenses": 186807000,
    "costAndExpenses": 586792000,
    "interestIncome": 0,
    "interestExpense": 10670000,
    "depreciationAndAmortization": 19082000,
    "ebitda": -5045000,
    "ebitdaratio": -0.0078291947,
    "operatingIncome": 57591000,
    "operatingIncomeRatio": 0.0893738662,
    "totalOtherIncomeExpensesNet": -17061000,
    "incomeBeforeTax": 40530000,
    "incomeBeforeTaxRatio": 0.0628973762,
    "incomeTaxExpense": 16136000,
    "netIncome": 24394000,
    "netIncomeRatio": 0.037856368,
    "eps": 0.3,
    "epsdiluted": 0.3,
    "weightedAverageShsOut": 80681000,
    "weightedAverageShsOutDil": 80777000,
    "link": "https://www.sec.gov/Archives/edgar/data/51253/000119312512084851/0001193125-12-084851-index.htm",
    "finalLink": "https://www.sec.gov/Archives/edgar/data/51253/000119312512084851/d280956d10k.htm"
  },
  {
    "date": "2011-09-30",
    "symbol": "IFF",
    "reportedCurrency": "USD",
    "cik": "0000051253",
    "fillingDate": "2011-11-08",
    "acceptedDate": "2011-11-08 07:55:34",
    "calendarYear": "2011",
    "period": "Q3",
    "revenue": 713775000,
    "costOfRevenue": 435400000,
    "grossProfit": 278375000,
    "grossProfitRatio": 0.3900038528,
    "researchAndDevelopmentExpenses": 53637000,
    "generalAndAdministrativeExpenses": 96783000,
    "sellingAndMarketingExpenses": 0,
    "sellingGeneralAndAdministrativeExpenses": 96783000,
    "otherExpenses": 0,
    "operatingExpenses": 150420000,
    "costAndExpenses": 585820000,
    "interestIncome": 0,
    "interestExpense": 10280000,
    "depreciationAndAmortization": 18889000,
    "ebitda": 141643000,
    "ebitdaratio": 0.1984420861,
    "operatingIncome": 127955000,
    "operatingIncomeRatio": 0.1792651746,
    "totalOtherIncomeExpensesNet": -15481000,
    "incomeBeforeTax": 112474000,
    "incomeBeforeTaxRatio": 0.157576267,
    "incomeTaxExpense": 30233000,
    "netIncome": 82241000,
    "netIncomeRatio": 0.1152197821,
    "eps": 1.01,
    "epsdiluted": 1,
    "weightedAverageShsOut": 80644000,
    "weightedAverageShsOutDil": 81628000,
    "link": "https://www.sec.gov/Archives/edgar/data/51253/000119312511300995/0001193125-11-300995-index.htm",
    "finalLink": "https://www.sec.gov/Archives/edgar/data/51253/000119312511300995/d234286d10q.htm"
  },
  {
    "date": "2011-06-30",
    "symbol": "IFF",
    "reportedCurrency": "USD",
    "cik": "0000051253",
    "fillingDate": "2011-08-09",
    "acceptedDate": "2011-08-09 07:36:47",
    "calendarYear": "2011",
    "period": "Q2",
    "revenue": 715589000,
    "costOfRevenue": 431166000,
    "grossProfit": 284423000,
    "grossProfitRatio": 0.3974669817,
    "researchAndDevelopmentExpenses": 56229000,
    "generalAndAdministrativeExpenses": 106224000,
    "sellingAndMarketingExpenses": 0,
    "sellingGeneralAndAdministrativeExpenses": 106224000,
    "otherExpenses": 0,
    "operatingExpenses": 162453000,
    "costAndExpenses": 593619000,
    "interestIncome": 0,
    "interestExpense": 12009000,
    "depreciationAndAmortization": 19394000,
    "ebitda": 136324000,
    "ebitdaratio": 0.1905060027,
    "operatingIncome": 121970000,
    "operatingIncomeRatio": 0.1704470024,
    "totalOtherIncomeExpensesNet": -17049000,
    "incomeBeforeTax": 104921000,
    "incomeBeforeTaxRatio": 0.1466218737,
    "incomeTaxExpense": 28733000,
    "netIncome": 76188000,
    "netIncomeRatio": 0.1064689368,
    "eps": 0.94,
    "epsdiluted": 0.93,
    "weightedAverageShsOut": 80451000,
    "weightedAverageShsOutDil": 81489000,
    "link": "https://www.sec.gov/Archives/edgar/data/51253/000119312511215300/0001193125-11-215300-index.htm",
    "finalLink": "https://www.sec.gov/Archives/edgar/data/51253/000119312511215300/d10q.htm"
  },
  {
    "date": "2011-03-31",
    "symbol": "IFF",
    "reportedCurrency": "USD",
    "cik": "0000051253",
    "fillingDate": "2011-05-10",
    "acceptedDate": "2011-05-10 07:34:42",
    "calendarYear": "2011",
    "period": "Q1",
    "revenue": 714271000,
    "costOfRevenue": 416811000,
    "grossProfit": 297460000,
    "grossProfitRatio": 0.4164525789,
    "researchAndDevelopmentExpenses": 57456000,
    "generalAndAdministrativeExpenses": 106619000,
    "sellingAndMarketingExpenses": 0,
    "sellingGeneralAndAdministrativeExpenses": 106619000,
    "otherExpenses": 0,
    "operatingExpenses": 164075000,
    "costAndExpenses": 580886000,
    "interestIncome": 0,
    "interestExpense": 11680000,
    "depreciationAndAmortization": 17962000,
    "ebitda": 145263000,
    "ebitdaratio": 0.2033723895,
    "operatingIncome": 133385000,
    "operatingIncomeRatio": 0.1867428469,
    "totalOtherIncomeExpensesNet": -17764000,
    "incomeBeforeTax": 115621000,
    "incomeBeforeTaxRatio": 0.1618727346,
    "incomeTaxExpense": 31578000,
    "netIncome": 84043000,
    "netIncomeRatio": 0.1176626239,
    "eps": 1.04,
    "epsdiluted": 1.03,
    "weightedAverageShsOut": 80049000,
    "weightedAverageShsOutDil": 81150000,
    "link": "https://www.sec.gov/Archives/edgar/data/51253/000095012311047825/0000950123-11-047825-index.htm",
    "finalLink": "https://www.sec.gov/Archives/edgar/data/51253/000095012311047825/c15560e10vq.htm"
  },
  {
    "date": "2010-12-31",
    "symbol": "IFF",
    "reportedCurrency": "USD",
    "cik": "0000051253",
    "fillingDate": "2011-02-24",
    "acceptedDate": "2011-02-24 17:03:26",
    "calendarYear": "2010",
    "period": "Q4",
    "revenue": 629869000,
    "costOfRevenue": 377523000,
    "grossProfit": 252346000,
    "grossProfitRatio": 0.4006325125,
    "researchAndDevelopmentExpenses": 57084000,
    "generalAndAdministrativeExpenses": 110905000,
    "sellingAndMarketingExpenses": 0,
    "sellingGeneralAndAdministrativeExpenses": 110905000,
    "otherExpenses": -1538000,
    "operatingExpenses": 167989000,
    "costAndExpenses": 545512000,
    "interestIncome": 0,
    "interestExpense": 11678000,
    "depreciationAndAmortization": 19105000,
    "ebitda": 22237000,
    "ebitdaratio": 0.0353041664,
    "operatingIncome": 84357000,
    "operatingIncomeRatio": 0.1339278485,
    "totalOtherIncomeExpensesNet": -13661000,
    "incomeBeforeTax": 70696000,
    "incomeBeforeTaxRatio": 0.1122392116,
    "incomeTaxExpense": 15119000,
    "netIncome": 55577000,
    "netIncomeRatio": 0.0882358078,
    "eps": 0.69,
    "epsdiluted": 0.69,
    "weightedAverageShsOut": 80049000,
    "weightedAverageShsOutDil": 80049000,
    "link": "https://www.sec.gov/Archives/edgar/data/51253/000095012311017927/0000950123-11-017927-index.htm",
    "finalLink": "https://www.sec.gov/Archives/edgar/data/51253/000095012311017927/c11287e10vk.htm"
  },
  {
    "date": "2010-09-30",
    "symbol": "IFF",
    "reportedCurrency": "USD",
    "cik": "0000051253",
    "fillingDate": "2010-11-04",
    "acceptedDate": "2010-11-04 07:45:07",
    "calendarYear": "2010",
    "period": "Q3",
    "revenue": 673283000,
    "costOfRevenue": 388235000,
    "grossProfit": 285048000,
    "grossProfitRatio": 0.4233702618,
    "researchAndDevelopmentExpenses": 53214000,
    "generalAndAdministrativeExpenses": 108955000,
    "sellingAndMarketingExpenses": 0,
    "sellingGeneralAndAdministrativeExpenses": 108955000,
    "otherExpenses": 0,
    "operatingExpenses": 162169000,
    "costAndExpenses": 550404000,
    "interestIncome": 0,
    "interestExpense": 12244000,
    "depreciationAndAmortization": 19916000,
    "ebitda": 138343000,
    "ebitdaratio": 0.2054752608,
    "operatingIncome": 122879000,
    "operatingIncomeRatio": 0.1825072072,
    "totalOtherIncomeExpensesNet": -16696000,
    "incomeBeforeTax": 106183000,
    "incomeBeforeTaxRatio": 0.1577093139,
    "incomeTaxExpense": 29145000,
    "netIncome": 77038000,
    "netIncomeRatio": 0.1144214246,
    "eps": 0.96,
    "epsdiluted": 0.95,
    "weightedAverageShsOut": 79357000,
    "weightedAverageShsOutDil": 80266000,
    "link": "https://www.sec.gov/Archives/edgar/data/51253/000095012310100516/0000950123-10-100516-index.htm",
    "finalLink": "https://www.sec.gov/Archives/edgar/data/51253/000095012310100516/c07030e10vq.htm"
  },
  {
    "date": "2010-06-30",
    "symbol": "IFF",
    "reportedCurrency": "USD",
    "cik": "0000051253",
    "fillingDate": "2010-08-05",
    "acceptedDate": "2010-08-05 07:37:41",
    "calendarYear": "2010",
    "period": "Q2",
    "revenue": 665800000,
    "costOfRevenue": 380799000,
    "grossProfit": 285001000,
    "grossProfitRatio": 0.4280579754,
    "researchAndDevelopmentExpenses": 55844000,
    "generalAndAdministrativeExpenses": 119523000,
    "sellingAndMarketingExpenses": 0,
    "sellingGeneralAndAdministrativeExpenses": 119523000,
    "otherExpenses": 0,
    "operatingExpenses": 175367000,
    "costAndExpenses": 556166000,
    "interestIncome": 0,
    "interestExpense": 12051000,
    "depreciationAndAmortization": 20189000,
    "ebitda": 125873000,
    "ebitdaratio": 0.1890552719,
    "operatingIncome": 109634000,
    "operatingIncomeRatio": 0.1646650646,
    "totalOtherIncomeExpensesNet": -16001000,
    "incomeBeforeTax": 93633000,
    "incomeBeforeTaxRatio": 0.140632322,
    "incomeTaxExpense": 26481000,
    "netIncome": 67152000,
    "netIncomeRatio": 0.1008591169,
    "eps": 0.84,
    "epsdiluted": 0.83,
    "weightedAverageShsOut": 79188000,
    "weightedAverageShsOutDil": 80111000,
    "link": "https://www.sec.gov/Archives/edgar/data/51253/000095012310072927/0000950123-10-072927-index.htm",
    "finalLink": "https://www.sec.gov/Archives/edgar/data/51253/000095012310072927/c03489e10vq.htm"
  },
  {
    "date": "2010-03-31",
    "symbol": "IFF",
    "reportedCurrency": "USD",
    "cik": "0000051253",
    "fillingDate": "2010-05-06",
    "acceptedDate": "2010-05-06 07:56:54",
    "calendarYear": "2010",
    "period": "Q1",
    "revenue": 653909000,
    "costOfRevenue": 383702000,
    "grossProfit": 270207000,
    "grossProfitRatio": 0.4132180472,
    "researchAndDevelopmentExpenses": 52631000,
    "generalAndAdministrativeExpenses": 106471000,
    "sellingAndMarketingExpenses": 0,
    "sellingGeneralAndAdministrativeExpenses": 106471000,
    "otherExpenses": 1538000,
    "operatingExpenses": 160640000,
    "costAndExpenses": 544342000,
    "interestIncome": 0,
    "interestExpense": 12736000,
    "depreciationAndAmortization": 20032000,
    "ebitda": 121849000,
    "ebitdaratio": 0.1863393836,
    "operatingIncome": 109567000,
    "operatingIncomeRatio": 0.1675569536,
    "totalOtherIncomeExpensesNet": -20486000,
    "incomeBeforeTax": 89081000,
    "incomeBeforeTaxRatio": 0.1362284355,
    "incomeTaxExpense": 25292000,
    "netIncome": 63789000,
    "netIncomeRatio": 0.0975502708,
    "eps": 0.8,
    "epsdiluted": 0.8,
    "weightedAverageShsOut": 78767000,
    "weightedAverageShsOutDil": 79692000,
    "link": "https://www.sec.gov/Archives/edgar/data/51253/000095012310045041/0000950123-10-045041-index.htm",
    "finalLink": "https://www.sec.gov/Archives/edgar/data/51253/000095012310045041/y03454e10vq.htm"
  },
  {
    "date": "2009-12-31",
    "symbol": "IFF",
    "reportedCurrency": "USD",
    "cik": "0000051253",
    "fillingDate": "2010-02-25",
    "acceptedDate": "2010-02-25 17:20:33",
    "calendarYear": "2009",
    "period": "Q4",
    "revenue": 585633000,
    "costOfRevenue": 349774000,
    "grossProfit": 235859000,
    "grossProfitRatio": 0.4027419903,
    "researchAndDevelopmentExpenses": 42621000,
    "generalAndAdministrativeExpenses": 96157000,
    "sellingAndMarketingExpenses": 0,
    "sellingGeneralAndAdministrativeExpenses": 96157000,
    "otherExpenses": 1538000,
    "operatingExpenses": 140316000,
    "costAndExpenses": 490090000,
    "interestIncome": 0,
    "interestExpense": 14487000,
    "depreciationAndAmortization": 20451000,
    "ebitda": 110759000,
    "ebitdaratio": 0.1891269788,
    "operatingIncome": 95543000,
    "operatingIncomeRatio": 0.1631448364,
    "totalOtherIncomeExpensesNet": -19722000,
    "incomeBeforeTax": 75821000,
    "incomeBeforeTaxRatio": 0.1294684555,
    "incomeTaxExpense": 28373000,
    "netIncome": 47448000,
    "netIncomeRatio": 0.0810200245,
    "eps": 0.6,
    "epsdiluted": 0.6,
    "weightedAverageShsOut": 78574000,
    "weightedAverageShsOutDil": 78767000,
    "link": "https://www.sec.gov/Archives/edgar/data/51253/000119312510040927/0001193125-10-040927-index.htm",
    "finalLink": "https://www.sec.gov/Archives/edgar/data/51253/000119312510040927/d10k.htm"
  },
  {
    "date": "2009-09-30",
    "symbol": "IFF",
    "reportedCurrency": "USD",
    "cik": "0000051253",
    "fillingDate": "2009-11-04",
    "acceptedDate": "2009-11-04 07:26:15",
    "calendarYear": "2009",
    "period": "Q3",
    "revenue": 612634000,
    "costOfRevenue": 363665000,
    "grossProfit": 248969000,
    "grossProfitRatio": 0.4063910916,
    "researchAndDevelopmentExpenses": 52272000,
    "generalAndAdministrativeExpenses": 97947000,
    "sellingAndMarketingExpenses": 0,
    "sellingGeneralAndAdministrativeExpenses": 97947000,
    "otherExpenses": 1537000,
    "operatingExpenses": 151756000,
    "costAndExpenses": 515421000,
    "interestIncome": 0,
    "interestExpense": 13503000,
    "depreciationAndAmortization": 19811000,
    "ebitda": 107598000,
    "ebitdaratio": 0.1756317801,
    "operatingIncome": 97213000,
    "operatingIncomeRatio": 0.1586803867,
    "totalOtherIncomeExpensesNet": -23979000,
    "incomeBeforeTax": 73234000,
    "incomeBeforeTaxRatio": 0.119539562,
    "incomeTaxExpense": 20434000,
    "netIncome": 52800000,
    "netIncomeRatio": 0.0861852264,
    "eps": 0.67,
    "epsdiluted": 0.66,
    "weightedAverageShsOut": 78491000,
    "weightedAverageShsOutDil": 79159000,
    "link": "https://www.sec.gov/Archives/edgar/data/51253/000095012309057240/0000950123-09-057240-index.htm",
    "finalLink": "https://www.sec.gov/Archives/edgar/data/51253/000095012309057240/y02504e10vq.htm"
  },
  {
    "date": "2009-06-30",
    "symbol": "IFF",
    "reportedCurrency": "USD",
    "cik": "0000051253",
    "fillingDate": "2009-08-05",
    "acceptedDate": "2009-08-05 07:42:56",
    "calendarYear": "2009",
    "period": "Q2",
    "revenue": 568261000,
    "costOfRevenue": 340164000,
    "grossProfit": 228097000,
    "grossProfitRatio": 0.4013947816,
    "researchAndDevelopmentExpenses": 48761000,
    "generalAndAdministrativeExpenses": 93012000,
    "sellingAndMarketingExpenses": 0,
    "sellingGeneralAndAdministrativeExpenses": 93012000,
    "otherExpenses": 1539000,
    "operatingExpenses": 143312000,
    "costAndExpenses": 483476000,
    "interestIncome": 0,
    "interestExpense": 14047000,
    "depreciationAndAmortization": 19632000,
    "ebitda": 101593000,
    "ebitdaratio": 0.1787787654,
    "operatingIncome": 84785000,
    "operatingIncomeRatio": 0.1492008074,
    "totalOtherIncomeExpensesNet": -19720000,
    "incomeBeforeTax": 65065000,
    "incomeBeforeTaxRatio": 0.1144984435,
    "incomeTaxExpense": 16982000,
    "netIncome": 48083000,
    "netIncomeRatio": 0.0846142882,
    "eps": 0.61,
    "epsdiluted": 0.6,
    "weightedAverageShsOut": 78352000,
    "weightedAverageShsOutDil": 79050000,
    "link": "https://www.sec.gov/Archives/edgar/data/51253/000095012309029974/0000950123-09-029974-index.htm",
    "finalLink": "https://www.sec.gov/Archives/edgar/data/51253/000095012309029974/y02036e10vq.htm"
  },
  {
    "date": "2009-03-31",
    "symbol": "IFF",
    "reportedCurrency": "USD",
    "cik": "0000051253",
    "fillingDate": "2009-04-30",
    "acceptedDate": "2009-04-30 06:14:56",
    "calendarYear": "2009",
    "period": "Q1",
    "revenue": 559630000,
    "costOfRevenue": 337430000,
    "grossProfit": 222200000,
    "grossProfitRatio": 0.3970480496,
    "researchAndDevelopmentExpenses": 50189000,
    "generalAndAdministrativeExpenses": 89424000,
    "sellingAndMarketingExpenses": 0,
    "sellingGeneralAndAdministrativeExpenses": 89424000,
    "otherExpenses": 1538000,
    "operatingExpenses": 141151000,
    "costAndExpenses": 478581000,
    "interestIncome": 0,
    "interestExpense": 19781000,
    "depreciationAndAmortization": 18631000,
    "ebitda": 101642000,
    "ebitdaratio": 0.1816235727,
    "operatingIncome": 81049000,
    "operatingIncomeRatio": 0.1448260458,
    "totalOtherIncomeExpensesNet": -18619000,
    "incomeBeforeTax": 62430000,
    "incomeBeforeTaxRatio": 0.1115558494,
    "incomeTaxExpense": 15233000,
    "netIncome": 47197000,
    "netIncomeRatio": 0.0843360792,
    "eps": 0.6,
    "epsdiluted": 0.6,
    "weightedAverageShsOut": 78195000,
    "weightedAverageShsOutDil": 78747000,
    "link": "https://www.sec.gov/Archives/edgar/data/51253/000095012309007525/0000950123-09-007525-index.htm",
    "finalLink": "https://www.sec.gov/Archives/edgar/data/51253/000095012309007525/y01573e10vq.htm"
  },
  {
    "date": "2008-12-31",
    "symbol": "IFF",
    "reportedCurrency": "USD",
    "cik": "0000051253",
    "fillingDate": "2009-02-26",
    "acceptedDate": "2009-02-26 16:49:21",
    "calendarYear": "2008",
    "period": "Q4",
    "revenue": 539103000,
    "costOfRevenue": 324465000,
    "grossProfit": 214638000,
    "grossProfitRatio": 0.3981391311,
    "researchAndDevelopmentExpenses": 52344000,
    "generalAndAdministrativeExpenses": 94564000,
    "sellingAndMarketingExpenses": 0,
    "sellingGeneralAndAdministrativeExpenses": 94564000,
    "otherExpenses": 1538000,
    "operatingExpenses": 148446000,
    "costAndExpenses": 472911000,
    "interestIncome": 0,
    "interestExpense": 74008000,
    "depreciationAndAmortization": 15970000,
    "ebitda": 66747000,
    "ebitdaratio": 0.1238112197,
    "operatingIncome": 66192000,
    "operatingIncomeRatio": 0.1227817319,
    "totalOtherIncomeExpensesNet": -27463000,
    "incomeBeforeTax": 38729000,
    "incomeBeforeTaxRatio": 0.0718397041,
    "incomeTaxExpense": -10240000,
    "netIncome": 48969000,
    "netIncomeRatio": 0.0908342191,
    "eps": 0.63,
    "epsdiluted": 0.63,
    "weightedAverageShsOut": 78126000,
    "weightedAverageShsOutDil": 78195000,
    "link": "https://www.sec.gov/Archives/edgar/data/51253/000095012309003569/0000950123-09-003569-index.htm",
    "finalLink": "https://www.sec.gov/Archives/edgar/data/51253/000095012309003569/y01146e10vk.htm"
  },
  {
    "date": "2008-09-30",
    "symbol": "IFF",
    "reportedCurrency": "USD",
    "cik": "0000051253",
    "fillingDate": "2008-10-30",
    "acceptedDate": "2008-10-30 07:02:53",
    "calendarYear": "2008",
    "period": "Q3",
    "revenue": 617538000,
    "costOfRevenue": 370799000,
    "grossProfit": 246739000,
    "grossProfitRatio": 0.3995527401,
    "researchAndDevelopmentExpenses": 52129000,
    "generalAndAdministrativeExpenses": 92465000,
    "sellingAndMarketingExpenses": 0,
    "sellingGeneralAndAdministrativeExpenses": 92465000,
    "otherExpenses": 1537000,
    "operatingExpenses": 146131000,
    "costAndExpenses": 516930000,
    "interestIncome": 0,
    "interestExpense": 18037000,
    "depreciationAndAmortization": 17487000,
    "ebitda": 121100000,
    "ebitdaratio": 0.1961012926,
    "operatingIncome": 100608000,
    "operatingIncomeRatio": 0.1629179095,
    "totalOtherIncomeExpensesNet": -21042000,
    "incomeBeforeTax": 79566000,
    "incomeBeforeTaxRatio": 0.128843893,
    "incomeTaxExpense": 21882000,
    "netIncome": 57684000,
    "netIncomeRatio": 0.0934096363,
    "eps": 0.73,
    "epsdiluted": 0.73,
    "weightedAverageShsOut": 78077000,
    "weightedAverageShsOutDil": 78799000,
    "link": "https://www.sec.gov/Archives/edgar/data/51253/000095012308013895/0000950123-08-013895-index.htm",
    "finalLink": "https://www.sec.gov/Archives/edgar/data/51253/000095012308013895/y00415e10vq.htm"
  },
  {
    "date": "2008-06-30",
    "symbol": "IFF",
    "reportedCurrency": "USD",
    "cik": "0000051253",
    "fillingDate": "2008-07-30",
    "acceptedDate": "2008-07-30 17:21:55",
    "calendarYear": "2008",
    "period": "Q2",
    "revenue": 636126000,
    "costOfRevenue": 372345000,
    "grossProfit": 263781000,
    "grossProfitRatio": 0.4146678488,
    "researchAndDevelopmentExpenses": 56166000,
    "generalAndAdministrativeExpenses": 104662000,
    "sellingAndMarketingExpenses": 0,
    "sellingGeneralAndAdministrativeExpenses": 104662000,
    "otherExpenses": 1539000,
    "operatingExpenses": 162367000,
    "costAndExpenses": 534712000,
    "interestIncome": 0,
    "interestExpense": 18545000,
    "depreciationAndAmortization": 23035000,
    "ebitda": 120077000,
    "ebitdaratio": 0.188762918,
    "operatingIncome": 101669000,
    "operatingIncomeRatio": 0.1598252547,
    "totalOtherIncomeExpensesNet": -14428000,
    "incomeBeforeTax": 87241000,
    "incomeBeforeTaxRatio": 0.1371442136,
    "incomeTaxExpense": 20209000,
    "netIncome": 67032000,
    "netIncomeRatio": 0.1053753502,
    "eps": 0.84,
    "epsdiluted": 0.83,
    "weightedAverageShsOut": 79627000,
    "weightedAverageShsOutDil": 80371000,
    "link": "https://www.sec.gov/Archives/edgar/data/51253/000116923208002800/0001169232-08-002800-index.htm",
    "finalLink": "https://www.sec.gov/Archives/edgar/data/51253/000116923208002800/d74634_10q.htm"
  },
  {
    "date": "2008-03-31",
    "symbol": "IFF",
    "reportedCurrency": "USD",
    "cik": "0000051253",
    "fillingDate": "2008-05-01",
    "acceptedDate": "2008-04-30 19:23:51",
    "calendarYear": "2008",
    "period": "Q1",
    "revenue": 596605000,
    "costOfRevenue": 351123000,
    "grossProfit": 245482000,
    "grossProfitRatio": 0.4114648721,
    "researchAndDevelopmentExpenses": 52056000,
    "generalAndAdministrativeExpenses": 90149000,
    "sellingAndMarketingExpenses": 0,
    "sellingGeneralAndAdministrativeExpenses": 90149000,
    "otherExpenses": 1538000,
    "operatingExpenses": 143743000,
    "costAndExpenses": 494866000,
    "interestIncome": 0,
    "interestExpense": 18219000,
    "depreciationAndAmortization": 19494000,
    "ebitda": 112704000,
    "ebitdaratio": 0.1889089096,
    "operatingIncome": 95517000,
    "operatingIncomeRatio": 0.1601009043,
    "totalOtherIncomeExpensesNet": -20526000,
    "incomeBeforeTax": 74991000,
    "incomeBeforeTaxRatio": 0.1256962312,
    "incomeTaxExpense": 19043000,
    "netIncome": 55948000,
    "netIncomeRatio": 0.0937772898,
    "eps": 0.69,
    "epsdiluted": 0.69,
    "weightedAverageShsOut": 80296000,
    "weightedAverageShsOutDil": 81079000,
    "link": "https://www.sec.gov/Archives/edgar/data/51253/000121465908000969/0001214659-08-000969-index.htm",
    "finalLink": "https://www.sec.gov/Archives/edgar/data/51253/000121465908000969/s4298010q.htm"
  },
  {
    "date": "2007-12-31",
    "symbol": "IFF",
    "reportedCurrency": "USD",
    "cik": "0000051253",
    "fillingDate": "2008-02-27",
    "acceptedDate": "2008-02-27 12:26:03",
    "calendarYear": "2007",
    "period": "Q4",
    "revenue": 553498000,
    "costOfRevenue": 328199000,
    "grossProfit": 225299000,
    "grossProfitRatio": 0.4070457346,
    "researchAndDevelopmentExpenses": 53898000,
    "generalAndAdministrativeExpenses": 98354000,
    "sellingAndMarketingExpenses": 0,
    "sellingGeneralAndAdministrativeExpenses": 98354000,
    "otherExpenses": 2212000,
    "operatingExpenses": 154464000,
    "costAndExpenses": 482663000,
    "interestIncome": 0,
    "interestExpense": 0,
    "depreciationAndAmortization": 19963000,
    "ebitda": 90798000,
    "ebitdaratio": 0.1640439532,
    "operatingIncome": 70835000,
    "operatingIncomeRatio": 0.1279769755,
    "totalOtherIncomeExpensesNet": -6840000,
    "incomeBeforeTax": 63995000,
    "incomeBeforeTaxRatio": 0.1156192073,
    "incomeTaxExpense": 16772000,
    "netIncome": 47223000,
    "netIncomeRatio": 0.0853173815,
    "eps": 0.59,
    "epsdiluted": 0.59,
    "weightedAverageShsOut": 80296000,
    "weightedAverageShsOutDil": 80296000,
    "link": "https://www.sec.gov/Archives/edgar/data/51253/000095013608000919/0000950136-08-000919-index.htm",
    "finalLink": "https://www.sec.gov/Archives/edgar/data/51253/000095013608000919/file1.htm"
  },
  {
    "date": "2007-09-30",
    "symbol": "IFF",
    "reportedCurrency": "USD",
    "cik": "0000051253",
    "fillingDate": "2007-10-31",
    "acceptedDate": "2007-10-30 20:50:22",
    "calendarYear": "2007",
    "period": "Q3",
    "revenue": 583313000,
    "costOfRevenue": 339175000,
    "grossProfit": 244138000,
    "grossProfitRatio": 0.4185368747,
    "researchAndDevelopmentExpenses": 49733000,
    "generalAndAdministrativeExpenses": 94464000,
    "sellingAndMarketingExpenses": 0,
    "sellingGeneralAndAdministrativeExpenses": 94464000,
    "otherExpenses": 3555000,
    "operatingExpenses": 147752000,
    "costAndExpenses": 486927000,
    "interestIncome": 0,
    "interestExpense": 8596000,
    "depreciationAndAmortization": 20538000,
    "ebitda": 116924000,
    "ebitdaratio": 0.2004481299,
    "operatingIncome": 96386000,
    "operatingIncomeRatio": 0.1652389026,
    "totalOtherIncomeExpensesNet": -15778000,
    "incomeBeforeTax": 80608000,
    "incomeBeforeTaxRatio": 0.1381899598,
    "incomeTaxExpense": 21764000,
    "netIncome": 58844000,
    "netIncomeRatio": 0.1008789449,
    "eps": 0.68,
    "epsdiluted": 0.67,
    "weightedAverageShsOut": 87063000,
    "weightedAverageShsOutDil": 88056000,
    "link": "https://www.sec.gov/Archives/edgar/data/51253/000095013607007320/0000950136-07-007320-index.htm",
    "finalLink": "https://www.sec.gov/Archives/edgar/data/51253/000095013607007320/file1.htm"
  },
  {
    "date": "2007-06-30",
    "symbol": "IFF",
    "reportedCurrency": "USD",
    "cik": "0000051253",
    "fillingDate": "2007-08-07",
    "acceptedDate": "2007-08-06 19:19:16",
    "calendarYear": "2007",
    "period": "Q2",
    "revenue": 573726000,
    "costOfRevenue": 327668000,
    "grossProfit": 246058000,
    "grossProfitRatio": 0.4288771992,
    "researchAndDevelopmentExpenses": 48760000,
    "generalAndAdministrativeExpenses": 91198000,
    "sellingAndMarketingExpenses": 0,
    "sellingGeneralAndAdministrativeExpenses": 91198000,
    "otherExpenses": 3555000,
    "operatingExpenses": 143513000,
    "costAndExpenses": 471181000,
    "interestIncome": 0,
    "interestExpense": 0,
    "depreciationAndAmortization": 21148000,
    "ebitda": 123693000,
    "ebitdaratio": 0.2155959465,
    "operatingIncome": 102545000,
    "operatingIncomeRatio": 0.1787351453,
    "totalOtherIncomeExpensesNet": -5577000,
    "incomeBeforeTax": 96968000,
    "incomeBeforeTaxRatio": 0.1690144773,
    "incomeTaxExpense": 18596000,
    "netIncome": 78372000,
    "netIncomeRatio": 0.1366017925,
    "eps": 0.88,
    "epsdiluted": 0.87,
    "weightedAverageShsOut": 89174000,
    "weightedAverageShsOutDil": 90124000,
    "link": "https://www.sec.gov/Archives/edgar/data/51253/000005125307000022/0000051253-07-000022-index.htm",
    "finalLink": "https://www.sec.gov/Archives/edgar/data/51253/000005125307000022/a10q2q2007.txt"
  },
  {
    "date": "2007-03-31",
    "symbol": "IFF",
    "reportedCurrency": "USD",
    "cik": "0000051253",
    "fillingDate": "2007-05-03",
    "acceptedDate": "2007-05-02 17:50:51",
    "calendarYear": "2007",
    "period": "Q1",
    "revenue": 566101000,
    "costOfRevenue": 329382000,
    "grossProfit": 236719000,
    "grossProfitRatio": 0.4181568307,
    "researchAndDevelopmentExpenses": 46632000,
    "generalAndAdministrativeExpenses": 91271000,
    "sellingAndMarketingExpenses": 0,
    "sellingGeneralAndAdministrativeExpenses": 91271000,
    "otherExpenses": 3556000,
    "operatingExpenses": 141459000,
    "costAndExpenses": 470841000,
    "interestIncome": 0,
    "interestExpense": 0,
    "depreciationAndAmortization": 21139000,
    "ebitda": 116399000,
    "ebitdaratio": 0.2056152524,
    "operatingIncome": 95260000,
    "operatingIncomeRatio": 0.1682738593,
    "totalOtherIncomeExpensesNet": -8147000,
    "incomeBeforeTax": 87113000,
    "incomeBeforeTaxRatio": 0.1538824344,
    "incomeTaxExpense": 24424000,
    "netIncome": 62689000,
    "netIncomeRatio": 0.1107381898,
    "eps": 0.7,
    "epsdiluted": 0.69,
    "weightedAverageShsOut": 89378000,
    "weightedAverageShsOutDil": 90658000,
    "link": "https://www.sec.gov/Archives/edgar/data/51253/000005125307000010/0000051253-07-000010-index.htm",
    "finalLink": "https://www.sec.gov/Archives/edgar/data/51253/000005125307000010/a10q1q2007.txt"
  },
  {
    "date": "2006-12-31",
    "symbol": "IFF",
    "reportedCurrency": "USD",
    "cik": "0000051253",
    "fillingDate": "2007-02-23",
    "acceptedDate": "2007-02-22 21:52:47",
    "calendarYear": "2006",
    "period": "Q4",
    "revenue": 514318000,
    "costOfRevenue": 303403000,
    "grossProfit": 210915000,
    "grossProfitRatio": 0.4100867557,
    "researchAndDevelopmentExpenses": 48031000,
    "generalAndAdministrativeExpenses": 90559000,
    "sellingAndMarketingExpenses": 0,
    "sellingGeneralAndAdministrativeExpenses": 90559000,
    "otherExpenses": 3709000,
    "operatingExpenses": 142299000,
    "costAndExpenses": 445702000,
    "interestIncome": 0,
    "interestExpense": 25549000,
    "depreciationAndAmortization": 22823000,
    "ebitda": 91439000,
    "ebitdaratio": 0.1777868945,
    "operatingIncome": 66609000,
    "operatingIncomeRatio": 0.1295093697,
    "totalOtherIncomeExpensesNet": -4193000,
    "incomeBeforeTax": 62416000,
    "incomeBeforeTaxRatio": 0.1213568259,
    "incomeTaxExpense": 14434000,
    "netIncome": 47982000,
    "netIncomeRatio": 0.0932924766,
    "eps": 0.54,
    "epsdiluted": 0.54,
    "weightedAverageShsOut": 89378000,
    "weightedAverageShsOutDil": 89378000,
    "link": "https://www.sec.gov/Archives/edgar/data/51253/000095013607001053/0000950136-07-001053-index.htm",
    "finalLink": "https://www.sec.gov/Archives/edgar/data/51253/000095013607001053/file1.htm"
  },
  {
    "date": "2006-09-30",
    "symbol": "IFF",
    "reportedCurrency": "USD",
    "cik": "0000051253",
    "fillingDate": "2006-09-30",
    "acceptedDate": "2006-09-29 20:00:00",
    "calendarYear": "2006",
    "period": "Q3",
    "revenue": 539135000,
    "costOfRevenue": 310149000,
    "grossProfit": 228986000,
    "grossProfitRatio": 0.4247285003,
    "researchAndDevelopmentExpenses": 46471000,
    "generalAndAdministrativeExpenses": 88092000,
    "sellingAndMarketingExpenses": 0,
    "sellingGeneralAndAdministrativeExpenses": 88092000,
    "otherExpenses": 3713000,
    "operatingExpenses": 138276000,
    "costAndExpenses": 448425000,
    "interestIncome": 0,
    "interestExpense": 0,
    "depreciationAndAmortization": 22308000,
    "ebitda": 113018000,
    "ebitdaratio": 0.2096283862,
    "operatingIncome": 90394000,
    "operatingIncomeRatio": 0.1676648706,
    "totalOtherIncomeExpensesNet": 308000,
    "incomeBeforeTax": 90702000,
    "incomeBeforeTaxRatio": 0.1682361561,
    "incomeTaxExpense": 27056000,
    "netIncome": 63646000,
    "netIncomeRatio": 0.1180520649,
    "eps": 0.71,
    "epsdiluted": 0.7,
    "weightedAverageShsOut": 90053000,
    "weightedAverageShsOutDil": 90988000,
    "link": "",
    "finalLink": ""
  },
  {
    "date": "2006-06-30",
    "symbol": "IFF",
    "reportedCurrency": "USD",
    "cik": "0000051253",
    "fillingDate": "2006-08-07",
    "acceptedDate": "2006-08-07 17:03:40",
    "calendarYear": "2006",
    "period": "Q2",
    "revenue": 530505000,
    "costOfRevenue": 302889000,
    "grossProfit": 227616000,
    "grossProfitRatio": 0.4290553341,
    "researchAndDevelopmentExpenses": 45588000,
    "generalAndAdministrativeExpenses": 87684000,
    "sellingAndMarketingExpenses": 0,
    "sellingGeneralAndAdministrativeExpenses": 87684000,
    "otherExpenses": 3711000,
    "operatingExpenses": 136983000,
    "costAndExpenses": 439872000,
    "interestIncome": 0,
    "interestExpense": 0,
    "depreciationAndAmortization": 22341000,
    "ebitda": 112974000,
    "ebitdaratio": 0.2129555801,
    "operatingIncome": 90937000,
    "operatingIncomeRatio": 0.171415915,
    "totalOtherIncomeExpensesNet": -6014000,
    "incomeBeforeTax": 84923000,
    "incomeBeforeTaxRatio": 0.1600795468,
    "incomeTaxExpense": 23741000,
    "netIncome": 61182000,
    "netIncomeRatio": 0.115327848,
    "eps": 0.67,
    "epsdiluted": 0.67,
    "weightedAverageShsOut": 90869000,
    "weightedAverageShsOutDil": 91787000,
    "link": "https://www.sec.gov/Archives/edgar/data/51253/000005125306000028/0000051253-06-000028-index.htm",
    "finalLink": "https://www.sec.gov/Archives/edgar/data/51253/000005125306000028/a10q2q2006.txt"
  },
  {
    "date": "2006-03-31",
    "symbol": "IFF",
    "reportedCurrency": "USD",
    "cik": "0000051253",
    "fillingDate": "2006-05-08",
    "acceptedDate": "2006-05-08 17:14:18",
    "calendarYear": "2006",
    "period": "Q1",
    "revenue": 511432000,
    "costOfRevenue": 294818000,
    "grossProfit": 216614000,
    "grossProfitRatio": 0.423544088,
    "researchAndDevelopmentExpenses": 45602000,
    "generalAndAdministrativeExpenses": 85588000,
    "sellingAndMarketingExpenses": 0,
    "sellingGeneralAndAdministrativeExpenses": 85588000,
    "otherExpenses": 3710000,
    "operatingExpenses": 134900000,
    "costAndExpenses": 429718000,
    "interestIncome": 0,
    "interestExpense": 0,
    "depreciationAndAmortization": 22261000,
    "ebitda": 103975000,
    "ebitdaratio": 0.2033017097,
    "operatingIncome": 81053000,
    "operatingIncomeRatio": 0.1584824571,
    "totalOtherIncomeExpensesNet": -5812000,
    "incomeBeforeTax": 75241000,
    "incomeBeforeTaxRatio": 0.1471182875,
    "incomeTaxExpense": 21551000,
    "netIncome": 53690000,
    "netIncomeRatio": 0.1049797432,
    "eps": 0.59,
    "epsdiluted": 0.58,
    "weightedAverageShsOut": 91535000,
    "weightedAverageShsOutDil": 92207000,
    "link": "https://www.sec.gov/Archives/edgar/data/51253/000005125306000019/0000051253-06-000019-index.htm",
    "finalLink": "https://www.sec.gov/Archives/edgar/data/51253/000005125306000019/a10q1q2006.txt"
  },
  {
    "date": "2005-12-31",
    "symbol": "IFF",
    "reportedCurrency": "USD",
    "cik": "0000051253",
    "fillingDate": "2006-03-13",
    "acceptedDate": "2006-03-13 17:32:33",
    "calendarYear": "2005",
    "period": "Q4",
    "revenue": 461645000,
    "costOfRevenue": 274818000,
    "grossProfit": 186827000,
    "grossProfitRatio": 0.4046984154,
    "researchAndDevelopmentExpenses": 46028000,
    "generalAndAdministrativeExpenses": 85691000,
    "sellingAndMarketingExpenses": 0,
    "sellingGeneralAndAdministrativeExpenses": 85691000,
    "otherExpenses": 3768000,
    "operatingExpenses": 135487000,
    "costAndExpenses": 410305000,
    "interestIncome": 0,
    "interestExpense": 0,
    "depreciationAndAmortization": 22382000,
    "ebitda": 73722000,
    "ebitdaratio": 0.1596941373,
    "operatingIncome": 28021000,
    "operatingIncomeRatio": 0.0606981555,
    "totalOtherIncomeExpensesNet": -6452000,
    "incomeBeforeTax": 21569000,
    "incomeBeforeTaxRatio": 0.0467220483,
    "incomeTaxExpense": 6331000,
    "netIncome": 15238000,
    "netIncomeRatio": 0.0330080473,
    "eps": 0.17,
    "epsdiluted": 0.17,
    "weightedAverageShsOut": 91535000,
    "weightedAverageShsOutDil": 91535000,
    "link": "https://www.sec.gov/Archives/edgar/data/51253/000095013606001885/0000950136-06-001885-index.htm",
    "finalLink": "https://www.sec.gov/Archives/edgar/data/51253/000095013606001885/file001.htm"
  },
  {
    "date": "2005-09-30",
    "symbol": "IFF",
    "reportedCurrency": "USD",
    "cik": "0000051253",
    "fillingDate": "2005-11-09",
    "acceptedDate": "2005-11-08 17:41:30",
    "calendarYear": "2005",
    "period": "Q3",
    "revenue": 493118000,
    "costOfRevenue": 286712000,
    "grossProfit": 206406000,
    "grossProfitRatio": 0.4185732421,
    "researchAndDevelopmentExpenses": 44651000,
    "generalAndAdministrativeExpenses": 86022000,
    "sellingAndMarketingExpenses": 0,
    "sellingGeneralAndAdministrativeExpenses": 86022000,
    "otherExpenses": 3768000,
    "operatingExpenses": 134441000,
    "costAndExpenses": 421153000,
    "interestIncome": 0,
    "interestExpense": 0,
    "depreciationAndAmortization": 23117000,
    "ebitda": 95082000,
    "ebitdaratio": 0.1928179462,
    "operatingIncome": 71965000,
    "operatingIncomeRatio": 0.1459387003,
    "totalOtherIncomeExpensesNet": -5712000,
    "incomeBeforeTax": 66253000,
    "incomeBeforeTaxRatio": 0.1343552659,
    "incomeTaxExpense": -2319000,
    "netIncome": 68572000,
    "netIncomeRatio": 0.1390579942,
    "eps": 0.73,
    "epsdiluted": 0.72,
    "weightedAverageShsOut": 93380000,
    "weightedAverageShsOutDil": 94622000,
    "link": "https://www.sec.gov/Archives/edgar/data/51253/000005125305000024/0000051253-05-000024-index.htm",
    "finalLink": "https://www.sec.gov/Archives/edgar/data/51253/000005125305000024/a10q3q2005.txt"
  },
  {
    "date": "2005-06-30",
    "symbol": "IFF",
    "reportedCurrency": "USD",
    "cik": "0000051253",
    "fillingDate": "2005-08-05",
    "acceptedDate": "2005-08-05 12:46:05",
    "calendarYear": "2005",
    "period": "Q2",
    "revenue": 515578000,
    "costOfRevenue": 299065000,
    "grossProfit": 216513000,
    "grossProfitRatio": 0.4199422784,
    "researchAndDevelopmentExpenses": 44380000,
    "generalAndAdministrativeExpenses": 82866000,
    "sellingAndMarketingExpenses": 0,
    "sellingGeneralAndAdministrativeExpenses": 82866000,
    "otherExpenses": 3767000,
    "operatingExpenses": 131013000,
    "costAndExpenses": 430078000,
    "interestIncome": 0,
    "interestExpense": 0,
    "depreciationAndAmortization": 23540000,
    "ebitda": 109040000,
    "ebitdaratio": 0.2114907929,
    "operatingIncome": 85500000,
    "operatingIncomeRatio": 0.1658332978,
    "totalOtherIncomeExpensesNet": -3504000,
    "incomeBeforeTax": 81996000,
    "incomeBeforeTaxRatio": 0.1590370419,
    "incomeTaxExpense": 25283000,
    "netIncome": 56713000,
    "netIncomeRatio": 0.109998875,
    "eps": 0.6,
    "epsdiluted": 0.6,
    "weightedAverageShsOut": 93876000,
    "weightedAverageShsOutDil": 95255000,
    "link": "https://www.sec.gov/Archives/edgar/data/51253/000005125305000020/0000051253-05-000020-index.htm",
    "finalLink": "https://www.sec.gov/Archives/edgar/data/51253/000005125305000020/a10q2q2005final.txt"
  },
  {
    "date": "2005-03-31",
    "symbol": "IFF",
    "reportedCurrency": "USD",
    "cik": "0000051253",
    "fillingDate": "2005-05-05",
    "acceptedDate": "2005-05-05 13:15:02",
    "calendarYear": "2005",
    "period": "Q1",
    "revenue": 523052000,
    "costOfRevenue": 308397000,
    "grossProfit": 214655000,
    "grossProfitRatio": 0.4103894068,
    "researchAndDevelopmentExpenses": 44753000,
    "generalAndAdministrativeExpenses": 84744000,
    "sellingAndMarketingExpenses": 0,
    "sellingGeneralAndAdministrativeExpenses": 84744000,
    "otherExpenses": 3768000,
    "operatingExpenses": 133265000,
    "costAndExpenses": 441662000,
    "interestIncome": 0,
    "interestExpense": 0,
    "depreciationAndAmortization": 22889000,
    "ebitda": 104279000,
    "ebitdaratio": 0.199366411,
    "operatingIncome": 81390000,
    "operatingIncomeRatio": 0.1556059436,
    "totalOtherIncomeExpensesNet": -5020000,
    "incomeBeforeTax": 76370000,
    "incomeBeforeTaxRatio": 0.1460084275,
    "incomeTaxExpense": 23827000,
    "netIncome": 52543000,
    "netIncomeRatio": 0.1004546393,
    "eps": 0.56,
    "epsdiluted": 0.55,
    "weightedAverageShsOut": 94325000,
    "weightedAverageShsOutDil": 96025000,
    "link": "https://www.sec.gov/Archives/edgar/data/51253/000005125305000006/0000051253-05-000006-index.htm",
    "finalLink": "https://www.sec.gov/Archives/edgar/data/51253/000005125305000006/lj10q1q2005.txt"
  },
  {
    "date": "2004-12-31",
    "symbol": "IFF",
    "reportedCurrency": "USD",
    "cik": "0000051253",
    "fillingDate": "2005-03-14",
    "acceptedDate": "2005-03-14 17:14:03",
    "calendarYear": "2004",
    "period": "Q4",
    "revenue": 468232000,
    "costOfRevenue": 268681000,
    "grossProfit": 199551000,
    "grossProfitRatio": 0.426179757,
    "researchAndDevelopmentExpenses": 43059000,
    "generalAndAdministrativeExpenses": 84702000,
    "sellingAndMarketingExpenses": 0,
    "sellingGeneralAndAdministrativeExpenses": 84702000,
    "otherExpenses": 3713000,
    "operatingExpenses": 131474000,
    "costAndExpenses": 400155000,
    "interestIncome": 0,
    "interestExpense": 0,
    "depreciationAndAmortization": 22608000,
    "ebitda": 90685000,
    "ebitdaratio": 0.1936753575,
    "operatingIncome": 63913000,
    "operatingIncomeRatio": 0.1364985734,
    "totalOtherIncomeExpensesNet": -7611000,
    "incomeBeforeTax": 56302000,
    "incomeBeforeTaxRatio": 0.1202438108,
    "incomeTaxExpense": 15396000,
    "netIncome": 40906000,
    "netIncomeRatio": 0.0873626749,
    "eps": 0.43,
    "epsdiluted": 0.43,
    "weightedAverageShsOut": 94325000,
    "weightedAverageShsOutDil": 94325000,
    "link": "https://www.sec.gov/Archives/edgar/data/51253/000095013605001337/0000950136-05-001337-index.htm",
    "finalLink": "https://www.sec.gov/Archives/edgar/data/51253/000095013605001337/file001.htm"
  },
  {
    "date": "2004-09-30",
    "symbol": "IFF",
    "reportedCurrency": "USD",
    "cik": "0000051253",
    "fillingDate": "2004-11-09",
    "acceptedDate": "2004-11-09 14:15:25",
    "calendarYear": "2004",
    "period": "Q3",
    "revenue": 506229000,
    "costOfRevenue": 289052000,
    "grossProfit": 217177000,
    "grossProfitRatio": 0.4290094009,
    "researchAndDevelopmentExpenses": 43124000,
    "generalAndAdministrativeExpenses": 83694000,
    "sellingAndMarketingExpenses": 0,
    "sellingGeneralAndAdministrativeExpenses": 83694000,
    "otherExpenses": 3709000,
    "operatingExpenses": 130527000,
    "costAndExpenses": 419579000,
    "interestIncome": 0,
    "interestExpense": 0,
    "depreciationAndAmortization": 22306000,
    "ebitda": 108956000,
    "ebitdaratio": 0.2152306565,
    "operatingIncome": 66700000,
    "operatingIncomeRatio": 0.131758552,
    "totalOtherIncomeExpensesNet": -6365000,
    "incomeBeforeTax": 60335000,
    "incomeBeforeTaxRatio": 0.1191851909,
    "incomeTaxExpense": 18030000,
    "netIncome": 42305000,
    "netIncomeRatio": 0.0835688987,
    "eps": 0.45,
    "epsdiluted": 0.44,
    "weightedAverageShsOut": 94172000,
    "weightedAverageShsOutDil": 95498000,
    "link": "https://www.sec.gov/Archives/edgar/data/51253/000095013604003793/0000950136-04-003793-index.htm",
    "finalLink": "https://www.sec.gov/Archives/edgar/data/51253/000095013604003793/file001.htm"
  },
  {
    "date": "2004-06-30",
    "symbol": "IFF",
    "reportedCurrency": "USD",
    "cik": "0000051253",
    "fillingDate": "2004-08-06",
    "acceptedDate": "2004-08-06 11:41:19",
    "calendarYear": "2004",
    "period": "Q2",
    "revenue": 524177000,
    "costOfRevenue": 295716000,
    "grossProfit": 228461000,
    "grossProfitRatio": 0.4358470517,
    "researchAndDevelopmentExpenses": 44342000,
    "generalAndAdministrativeExpenses": 83184000,
    "sellingAndMarketingExpenses": 0,
    "sellingGeneralAndAdministrativeExpenses": 83184000,
    "otherExpenses": 3709000,
    "operatingExpenses": 131235000,
    "costAndExpenses": 426951000,
    "interestIncome": 0,
    "interestExpense": 0,
    "depreciationAndAmortization": 23098000,
    "ebitda": 120324000,
    "ebitdaratio": 0.2295484159,
    "operatingIncome": 89510000,
    "operatingIncomeRatio": 0.1707629293,
    "totalOtherIncomeExpensesNet": -7419000,
    "incomeBeforeTax": 82091000,
    "incomeBeforeTaxRatio": 0.1566093133,
    "incomeTaxExpense": 25589000,
    "netIncome": 56502000,
    "netIncomeRatio": 0.1077918337,
    "eps": 0.6,
    "epsdiluted": 0.59,
    "weightedAverageShsOut": 94136000,
    "weightedAverageShsOutDil": 95330000,
    "link": "https://www.sec.gov/Archives/edgar/data/51253/000095013604002479/0000950136-04-002479-index.htm",
    "finalLink": "https://www.sec.gov/Archives/edgar/data/51253/000095013604002479/file001.txt"
  },
  {
    "date": "2004-03-31",
    "symbol": "IFF",
    "reportedCurrency": "USD",
    "cik": "0000051253",
    "fillingDate": "2004-05-07",
    "acceptedDate": "2004-05-07 12:12:09",
    "calendarYear": "2004",
    "period": "Q1",
    "revenue": 535015000,
    "costOfRevenue": 306786000,
    "grossProfit": 228229000,
    "grossProfitRatio": 0.4265843014,
    "researchAndDevelopmentExpenses": 44648000,
    "generalAndAdministrativeExpenses": 89726000,
    "sellingAndMarketingExpenses": 0,
    "sellingGeneralAndAdministrativeExpenses": 89726000,
    "otherExpenses": 3699000,
    "operatingExpenses": 138073000,
    "costAndExpenses": 444859000,
    "interestIncome": 0,
    "interestExpense": 0,
    "depreciationAndAmortization": 22984000,
    "ebitda": 113140000,
    "ebitdaratio": 0.2114707064,
    "operatingIncome": 90156000,
    "operatingIncomeRatio": 0.1685111632,
    "totalOtherIncomeExpensesNet": -7882000,
    "incomeBeforeTax": 82274000,
    "incomeBeforeTaxRatio": 0.153778866,
    "incomeTaxExpense": 25916000,
    "netIncome": 56358000,
    "netIncomeRatio": 0.1053391026,
    "eps": 0.6,
    "epsdiluted": 0.59,
    "weightedAverageShsOut": 94033000,
    "weightedAverageShsOutDil": 95126000,
    "link": "https://www.sec.gov/Archives/edgar/data/51253/000095013604001450/0000950136-04-001450-index.htm",
    "finalLink": "https://www.sec.gov/Archives/edgar/data/51253/000095013604001450/file001.txt"
  },
  {
    "date": "2003-12-31",
    "symbol": "IFF",
    "reportedCurrency": "USD",
    "cik": "0000051253",
    "fillingDate": "2004-03-11",
    "acceptedDate": "2004-03-11 11:02:26",
    "calendarYear": "2003",
    "period": "Q4",
    "revenue": 471799000,
    "costOfRevenue": 268583000,
    "grossProfit": 203216000,
    "grossProfitRatio": 0.4307257964,
    "researchAndDevelopmentExpenses": 42243000,
    "generalAndAdministrativeExpenses": 84310000,
    "sellingAndMarketingExpenses": 0,
    "sellingGeneralAndAdministrativeExpenses": 84310000,
    "otherExpenses": 3158000,
    "operatingExpenses": 129711000,
    "costAndExpenses": 398294000,
    "interestIncome": 0,
    "interestExpense": 0,
    "depreciationAndAmortization": 22296000,
    "ebitda": 95801000,
    "ebitdaratio": 0.2030546907,
    "operatingIncome": 62104000,
    "operatingIncomeRatio": 0.1316323265,
    "totalOtherIncomeExpensesNet": -6861000,
    "incomeBeforeTax": 55243000,
    "incomeBeforeTaxRatio": 0.1170901168,
    "incomeTaxExpense": 17132000,
    "netIncome": 38111000,
    "netIncomeRatio": 0.0807780432,
    "eps": 0.41,
    "epsdiluted": 0.41,
    "weightedAverageShsOut": 94005870,
    "weightedAverageShsOutDil": 94033000,
    "link": "https://www.sec.gov/Archives/edgar/data/51253/000095013604000700/0000950136-04-000700-index.htm",
    "finalLink": "https://www.sec.gov/Archives/edgar/data/51253/000095013604000700/file001.txt"
  },
  {
    "date": "2003-09-30",
    "symbol": "IFF",
    "reportedCurrency": "USD",
    "cik": "0000051253",
    "fillingDate": "2003-11-12",
    "acceptedDate": "2003-11-12 16:48:52",
    "calendarYear": "2003",
    "period": "Q3",
    "revenue": 480886000,
    "costOfRevenue": 278191000,
    "grossProfit": 202695000,
    "grossProfitRatio": 0.4215032253,
    "researchAndDevelopmentExpenses": 39184000,
    "generalAndAdministrativeExpenses": 75638000,
    "sellingAndMarketingExpenses": 0,
    "sellingGeneralAndAdministrativeExpenses": 75638000,
    "otherExpenses": 3158000,
    "operatingExpenses": 117980000,
    "costAndExpenses": 396171000,
    "interestIncome": 0,
    "interestExpense": 0,
    "depreciationAndAmortization": 21407000,
    "ebitda": 106122000,
    "ebitdaratio": 0.2206801612,
    "operatingIncome": 80799000,
    "operatingIncomeRatio": 0.168021111,
    "totalOtherIncomeExpensesNet": -6086000,
    "incomeBeforeTax": 74713000,
    "incomeBeforeTaxRatio": 0.1553653049,
    "incomeTaxExpense": 23642000,
    "netIncome": 51071000,
    "netIncomeRatio": 0.1062018857,
    "eps": 0.55,
    "epsdiluted": 0.54,
    "weightedAverageShsOut": 93265000,
    "weightedAverageShsOutDil": 93793000,
    "link": "https://www.sec.gov/Archives/edgar/data/51253/000095013603002763/0000950136-03-002763-index.htm",
    "finalLink": "https://www.sec.gov/Archives/edgar/data/51253/000095013603002763/file001.txt"
  },
  {
    "date": "2003-06-30",
    "symbol": "IFF",
    "reportedCurrency": "USD",
    "cik": "0000051253",
    "fillingDate": "2003-08-12",
    "acceptedDate": "2003-08-12 15:09:10",
    "calendarYear": "2003",
    "period": "Q2",
    "revenue": 482611000,
    "costOfRevenue": 275235000,
    "grossProfit": 207376000,
    "grossProfitRatio": 0.4296959663,
    "researchAndDevelopmentExpenses": 38897000,
    "generalAndAdministrativeExpenses": 72888000,
    "sellingAndMarketingExpenses": 0,
    "sellingGeneralAndAdministrativeExpenses": 72888000,
    "otherExpenses": 3158000,
    "operatingExpenses": 114943000,
    "costAndExpenses": 390178000,
    "interestIncome": 0,
    "interestExpense": 0,
    "depreciationAndAmortization": 21615000,
    "ebitda": 114048000,
    "ebitdaratio": 0.2363145473,
    "operatingIncome": 92433000,
    "operatingIncomeRatio": 0.1915269233,
    "totalOtherIncomeExpensesNet": -17043000,
    "incomeBeforeTax": 75390000,
    "incomeBeforeTaxRatio": 0.1562127676,
    "incomeTaxExpense": 23992000,
    "netIncome": 51398000,
    "netIncomeRatio": 0.1064998518,
    "eps": 0.55,
    "epsdiluted": 0.54,
    "weightedAverageShsOut": 93782000,
    "weightedAverageShsOutDil": 94874000,
    "link": "https://www.sec.gov/Archives/edgar/data/51253/000095013603001975/0000950136-03-001975-index.htm",
    "finalLink": "https://www.sec.gov/Archives/edgar/data/51253/000095013603001975/file001.txt"
  },
  {
    "date": "2003-03-31",
    "symbol": "IFF",
    "reportedCurrency": "USD",
    "cik": "0000051253",
    "fillingDate": "2003-05-13",
    "acceptedDate": "2003-05-13 17:01:08",
    "calendarYear": "2003",
    "period": "Q1",
    "revenue": 466224000,
    "costOfRevenue": 270447000,
    "grossProfit": 195777000,
    "grossProfitRatio": 0.4199204674,
    "researchAndDevelopmentExpenses": 38962000,
    "generalAndAdministrativeExpenses": 76115000,
    "sellingAndMarketingExpenses": 0,
    "sellingGeneralAndAdministrativeExpenses": 76115000,
    "otherExpenses": 3158000,
    "operatingExpenses": 118235000,
    "costAndExpenses": 388682000,
    "interestIncome": 0,
    "interestExpense": 0,
    "depreciationAndAmortization": 21403000,
    "ebitda": 98945000,
    "ebitdaratio": 0.2122263118,
    "operatingIncome": 77542000,
    "operatingIncomeRatio": 0.1663191942,
    "totalOtherIncomeExpensesNet": -31028000,
    "incomeBeforeTax": 46514000,
    "incomeBeforeTaxRatio": 0.0997674937,
    "incomeTaxExpense": 14497000,
    "netIncome": 32017000,
    "netIncomeRatio": 0.0686729984,
    "eps": 0.34,
    "epsdiluted": 0.34,
    "weightedAverageShsOut": 94158000,
    "weightedAverageShsOutDil": 95281000,
    "link": "https://www.sec.gov/Archives/edgar/data/51253/000095013603001204/0000950136-03-001204-index.htm",
    "finalLink": "https://www.sec.gov/Archives/edgar/data/51253/000095013603001204/file001.txt"
  },
  {
    "date": "2002-12-31",
    "symbol": "IFF",
    "reportedCurrency": "USD",
    "cik": "0000051253",
    "fillingDate": "2003-03-25",
    "acceptedDate": "2003-03-25 13:21:32",
    "calendarYear": "2002",
    "period": "Q4",
    "revenue": 424292000,
    "costOfRevenue": 242284000,
    "grossProfit": 182008000,
    "grossProfitRatio": 0.4289687291,
    "researchAndDevelopmentExpenses": 36171000,
    "generalAndAdministrativeExpenses": 75707000,
    "sellingAndMarketingExpenses": 0,
    "sellingGeneralAndAdministrativeExpenses": 75707000,
    "otherExpenses": 3158000,
    "operatingExpenses": 115036000,
    "costAndExpenses": 357320000,
    "interestIncome": 0,
    "interestExpense": 0,
    "depreciationAndAmortization": 21067000,
    "ebitda": 88039000,
    "ebitdaratio": 0.2074962526,
    "operatingIncome": 66972000,
    "operatingIncomeRatio": 0.1578441262,
    "totalOtherIncomeExpensesNet": -8110000,
    "incomeBeforeTax": 58862000,
    "incomeBeforeTaxRatio": 0.1387299313,
    "incomeTaxExpense": 19866000,
    "netIncome": 38996000,
    "netIncomeRatio": 0.0919084027,
    "eps": 0.41,
    "epsdiluted": 0.41,
    "weightedAverageShsOut": 94158000,
    "weightedAverageShsOutDil": 94158000,
    "link": "https://www.sec.gov/Archives/edgar/data/51253/000095013603000643/0000950136-03-000643-index.htm",
    "finalLink": "https://www.sec.gov/Archives/edgar/data/51253/000095013603000643/file001.txt"
  },
  {
    "date": "2002-09-30",
    "symbol": "IFF",
    "reportedCurrency": "USD",
    "cik": "0000051253",
    "fillingDate": "2002-11-12",
    "acceptedDate": "2002-11-12 15:42:24",
    "calendarYear": "2002",
    "period": "Q3",
    "revenue": 462777000,
    "costOfRevenue": 261075000,
    "grossProfit": 201702000,
    "grossProfitRatio": 0.4358513928,
    "researchAndDevelopmentExpenses": 37664000,
    "generalAndAdministrativeExpenses": 75142000,
    "sellingAndMarketingExpenses": 0,
    "sellingGeneralAndAdministrativeExpenses": 75142000,
    "otherExpenses": 3158000,
    "operatingExpenses": 115964000,
    "costAndExpenses": 377039000,
    "interestIncome": 0,
    "interestExpense": 0,
    "depreciationAndAmortization": 20993000,
    "ebitda": 106731000,
    "ebitdaratio": 0.2306316001,
    "operatingIncome": 85738000,
    "operatingIncomeRatio": 0.1852684987,
    "totalOtherIncomeExpensesNet": -10881000,
    "incomeBeforeTax": 74857000,
    "incomeBeforeTaxRatio": 0.1617560942,
    "incomeTaxExpense": 25258000,
    "netIncome": 49599000,
    "netIncomeRatio": 0.1071768908,
    "eps": 0.52,
    "epsdiluted": 0.52,
    "weightedAverageShsOut": 94628000,
    "weightedAverageShsOutDil": 95665000,
    "link": "https://www.sec.gov/Archives/edgar/data/51253/000095013602003151/0000950136-02-003151-index.htm",
    "finalLink": "https://www.sec.gov/Archives/edgar/data/51253/000095013602003151/file001.txt"
  },
  {
    "date": "2002-06-30",
    "symbol": "IFF",
    "reportedCurrency": "USD",
    "cik": "0000051253",
    "fillingDate": "2002-08-12",
    "acceptedDate": "2002-08-12 11:14:34",
    "calendarYear": "2002",
    "period": "Q2",
    "revenue": 476336000,
    "costOfRevenue": 272612000,
    "grossProfit": 203724000,
    "grossProfitRatio": 0.427689698,
    "researchAndDevelopmentExpenses": 35022000,
    "generalAndAdministrativeExpenses": 78921000,
    "sellingAndMarketingExpenses": 0,
    "sellingGeneralAndAdministrativeExpenses": 78921000,
    "otherExpenses": 3158000,
    "operatingExpenses": 117101000,
    "costAndExpenses": 389713000,
    "interestIncome": 0,
    "interestExpense": 0,
    "depreciationAndAmortization": 21924000,
    "ebitda": 108547000,
    "ebitdaratio": 0.2278790602,
    "operatingIncome": 86623000,
    "operatingIncomeRatio": 0.1818527258,
    "totalOtherIncomeExpensesNet": -17729000,
    "incomeBeforeTax": 68894000,
    "incomeBeforeTaxRatio": 0.1446332001,
    "incomeTaxExpense": 23493000,
    "netIncome": 45401000,
    "netIncomeRatio": 0.0953129724,
    "eps": 0.48,
    "epsdiluted": 0.47,
    "weightedAverageShsOut": 94572000,
    "weightedAverageShsOutDil": 96029000,
    "link": "https://www.sec.gov/Archives/edgar/data/51253/000095013602002297/0000950136-02-002297-index.htm",
    "finalLink": "https://www.sec.gov/Archives/edgar/data/51253/000095013602002297/file001.txt"
  },
  {
    "date": "2002-03-31",
    "symbol": "IFF",
    "reportedCurrency": "USD",
    "cik": "0000051253",
    "fillingDate": "2002-05-10",
    "acceptedDate": "2002-05-10 12:04:02",
    "calendarYear": "2002",
    "period": "Q1",
    "revenue": 445844000,
    "costOfRevenue": 259864000,
    "grossProfit": 185980000,
    "grossProfitRatio": 0.4171414217,
    "researchAndDevelopmentExpenses": 35170000,
    "generalAndAdministrativeExpenses": 75386000,
    "sellingAndMarketingExpenses": 0,
    "sellingGeneralAndAdministrativeExpenses": 75386000,
    "otherExpenses": 3158000,
    "operatingExpenses": 113714000,
    "costAndExpenses": 373578000,
    "interestIncome": 0,
    "interestExpense": 0,
    "depreciationAndAmortization": 20474000,
    "ebitda": 92740000,
    "ebitdaratio": 0.2080099766,
    "operatingIncome": 72266000,
    "operatingIncomeRatio": 0.1620880846,
    "totalOtherIncomeExpensesNet": -8462000,
    "incomeBeforeTax": 63804000,
    "incomeBeforeTaxRatio": 0.1431083518,
    "incomeTaxExpense": 21857000,
    "netIncome": 41947000,
    "netIncomeRatio": 0.094084478,
    "eps": 0.44,
    "epsdiluted": 0.44,
    "weightedAverageShsOut": 94534000,
    "weightedAverageShsOutDil": 96182000,
    "link": "https://www.sec.gov/Archives/edgar/data/51253/000095013002003457/0000950130-02-003457-index.htm",
    "finalLink": "https://www.sec.gov/Archives/edgar/data/51253/000095013002003457/d10q.txt"
  },
  {
    "date": "2001-12-31",
    "symbol": "IFF",
    "reportedCurrency": "USD",
    "cik": "0000051253",
    "fillingDate": "2002-03-27",
    "acceptedDate": "2002-03-27 00:00:00",
    "calendarYear": "2001",
    "period": "Q4",
    "revenue": 419170000,
    "costOfRevenue": 241157000,
    "grossProfit": 178013000,
    "grossProfitRatio": 0.4246797242,
    "researchAndDevelopmentExpenses": 32744000,
    "generalAndAdministrativeExpenses": 73944000,
    "sellingAndMarketingExpenses": 0,
    "sellingGeneralAndAdministrativeExpenses": 73944000,
    "otherExpenses": 11843000,
    "operatingExpenses": 118531000,
    "costAndExpenses": 359688000,
    "interestIncome": 0,
    "interestExpense": 0,
    "depreciationAndAmortization": 30310000,
    "ebitda": 89792000,
    "ebitdaratio": 0.2142138035,
    "operatingIncome": 59482000,
    "operatingIncomeRatio": 0.1419042393,
    "totalOtherIncomeExpensesNet": -12434000,
    "incomeBeforeTax": 47048000,
    "incomeBeforeTaxRatio": 0.1122408569,
    "incomeTaxExpense": 17878000,
    "netIncome": 29170000,
    "netIncomeRatio": 0.0695899039,
    "eps": 0.31,
    "epsdiluted": 0.31,
    "weightedAverageShsOut": 94534000,
    "weightedAverageShsOutDil": 94534000,
    "link": "https://www.sec.gov/Archives/edgar/data/51253/000095013002002044/0000950130-02-002044-index.htm",
    "finalLink": "https://www.sec.gov/Archives/edgar/data/51253/000095013002002044/d10k.txt"
  },
  {
    "date": "2001-09-30",
    "symbol": "IFF",
    "reportedCurrency": "USD",
    "cik": "0000051253",
    "fillingDate": "2001-11-14",
    "acceptedDate": "2001-11-14 00:00:00",
    "calendarYear": "2001",
    "period": "Q3",
    "revenue": 462719000,
    "costOfRevenue": 268631000,
    "grossProfit": 194088000,
    "grossProfitRatio": 0.419451114,
    "researchAndDevelopmentExpenses": 31596000,
    "generalAndAdministrativeExpenses": 72545000,
    "sellingAndMarketingExpenses": 0,
    "sellingGeneralAndAdministrativeExpenses": 72545000,
    "otherExpenses": 11491000,
    "operatingExpenses": 115632000,
    "costAndExpenses": 384263000,
    "interestIncome": 0,
    "interestExpense": 0,
    "depreciationAndAmortization": 30853000,
    "ebitda": 109309000,
    "ebitdaratio": 0.2362319248,
    "operatingIncome": 78456000,
    "operatingIncomeRatio": 0.1695543083,
    "totalOtherIncomeExpensesNet": -23550000,
    "incomeBeforeTax": 54906000,
    "incomeBeforeTaxRatio": 0.1186594888,
    "incomeTaxExpense": 21351000,
    "netIncome": 33555000,
    "netIncomeRatio": 0.0725170136,
    "eps": 0.35,
    "epsdiluted": 0.35,
    "weightedAverageShsOut": 95467000,
    "weightedAverageShsOutDil": 96746000,
    "link": "https://www.sec.gov/Archives/edgar/data/51253/000095013001505372/0000950130-01-505372-index.htm",
    "finalLink": "https://www.sec.gov/Archives/edgar/data/51253/000095013001505372/d10q.txt"
  },
  {
    "date": "2001-06-30",
    "symbol": "IFF",
    "reportedCurrency": "USD",
    "cik": "0000051253",
    "fillingDate": "2001-08-14",
    "acceptedDate": "2001-08-14 00:00:00",
    "calendarYear": "2001",
    "period": "Q2",
    "revenue": 478216000,
    "costOfRevenue": 269506000,
    "grossProfit": 208710000,
    "grossProfitRatio": 0.4364345819,
    "researchAndDevelopmentExpenses": 35502000,
    "generalAndAdministrativeExpenses": 81001000,
    "sellingAndMarketingExpenses": 0,
    "sellingGeneralAndAdministrativeExpenses": 81001000,
    "otherExpenses": 11400000,
    "operatingExpenses": 127903000,
    "costAndExpenses": 397409000,
    "interestIncome": 0,
    "interestExpense": 0,
    "depreciationAndAmortization": 32917000,
    "ebitda": 113724000,
    "ebitdaratio": 0.2378088562,
    "operatingIncome": 80807000,
    "operatingIncomeRatio": 0.1689759439,
    "totalOtherIncomeExpensesNet": -27420000,
    "incomeBeforeTax": 53387000,
    "incomeBeforeTaxRatio": 0.1116378373,
    "incomeTaxExpense": 20382000,
    "netIncome": 33005000,
    "netIncomeRatio": 0.0690169296,
    "eps": 0.34,
    "epsdiluted": 0.34,
    "weightedAverageShsOut": 95756000,
    "weightedAverageShsOutDil": 96735000,
    "link": "https://www.sec.gov/Archives/edgar/data/51253/000095013001503865/0000950130-01-503865-index.htm",
    "finalLink": "https://www.sec.gov/Archives/edgar/data/51253/000095013001503865/d10q.txt"
  },
  {
    "date": "2001-03-31",
    "symbol": "IFF",
    "reportedCurrency": "USD",
    "cik": "0000051253",
    "fillingDate": "2001-05-15",
    "acceptedDate": "2001-05-15 00:00:00",
    "calendarYear": "2001",
    "period": "Q1",
    "revenue": 483661000,
    "costOfRevenue": 284139000,
    "grossProfit": 199522000,
    "grossProfitRatio": 0.4125244748,
    "researchAndDevelopmentExpenses": 35406000,
    "generalAndAdministrativeExpenses": 85845000,
    "sellingAndMarketingExpenses": 0,
    "sellingGeneralAndAdministrativeExpenses": 85845000,
    "otherExpenses": 11355000,
    "operatingExpenses": 132606000,
    "costAndExpenses": 416745000,
    "interestIncome": 0,
    "interestExpense": 0,
    "depreciationAndAmortization": 29413000,
    "ebitda": 96329000,
    "ebitdaratio": 0.1991663583,
    "operatingIncome": 66916000,
    "operatingIncomeRatio": 0.1383531027,
    "totalOtherIncomeExpensesNet": -34480000,
    "incomeBeforeTax": 32436000,
    "incomeBeforeTaxRatio": 0.0670635011,
    "incomeTaxExpense": 12164000,
    "netIncome": 20272000,
    "netIncomeRatio": 0.0419136544,
    "eps": 0.21,
    "epsdiluted": 0.21,
    "weightedAverageShsOut": 96984000,
    "weightedAverageShsOutDil": 97586000,
    "link": "https://www.sec.gov/Archives/edgar/data/51253/000095013001501679/0000950130-01-501679-index.htm",
    "finalLink": "https://www.sec.gov/Archives/edgar/data/51253/000095013001501679/d10q.txt"
  },
  {
    "date": "2000-12-31",
    "symbol": "IFF",
    "reportedCurrency": "USD",
    "cik": "0000051253",
    "fillingDate": "2001-03-30",
    "acceptedDate": "2001-03-30 00:00:00",
    "calendarYear": "2000",
    "period": "Q4",
    "revenue": 384533000,
    "costOfRevenue": 219189000,
    "grossProfit": 165344000,
    "grossProfitRatio": 0.4299865031,
    "researchAndDevelopmentExpenses": 30248000,
    "generalAndAdministrativeExpenses": 61083000,
    "sellingAndMarketingExpenses": 0,
    "sellingGeneralAndAdministrativeExpenses": 61083000,
    "otherExpenses": 24612000,
    "operatingExpenses": 115943000,
    "costAndExpenses": 335132000,
    "interestIncome": 0,
    "interestExpense": 0,
    "depreciationAndAmortization": 24612000,
    "ebitda": 74013000,
    "ebitdaratio": 0.1924750282,
    "operatingIncome": 49401000,
    "operatingIncomeRatio": 0.1284701183,
    "totalOtherIncomeExpensesNet": -46758000,
    "incomeBeforeTax": 2643000,
    "incomeBeforeTaxRatio": 0.0068732723,
    "incomeTaxExpense": 1257000,
    "netIncome": 1386000,
    "netIncomeRatio": 0.0036043721,
    "eps": 0.0143,
    "epsdiluted": 0.0143,
    "weightedAverageShsOut": 96839082,
    "weightedAverageShsOutDil": 96984000,
    "link": "https://www.sec.gov/Archives/edgar/data/51253/000095010901000802/0000950109-01-000802-index.htm",
    "finalLink": "https://www.sec.gov/Archives/edgar/data/51253/000095010901000802/0000950109-01-000802-0001.txt"
  },
  {
    "date": "2000-09-30",
    "symbol": "IFF",
    "reportedCurrency": "USD",
    "cik": "0000051253",
    "fillingDate": "2000-11-14",
    "acceptedDate": "2000-11-14 00:00:00",
    "calendarYear": "2000",
    "period": "Q3",
    "revenue": 339591000,
    "costOfRevenue": 172437000,
    "grossProfit": 167154000,
    "grossProfitRatio": 0.4922215253,
    "researchAndDevelopmentExpenses": 28666000,
    "generalAndAdministrativeExpenses": 66205000,
    "sellingAndMarketingExpenses": 0,
    "sellingGeneralAndAdministrativeExpenses": 66205000,
    "otherExpenses": 15038000,
    "operatingExpenses": 109909000,
    "costAndExpenses": 282346000,
    "interestIncome": 0,
    "interestExpense": 0,
    "depreciationAndAmortization": 15038000,
    "ebitda": 72283000,
    "ebitdaratio": 0.2128531086,
    "operatingIncome": 57245000,
    "operatingIncomeRatio": 0.1685704274,
    "totalOtherIncomeExpensesNet": -14494000,
    "incomeBeforeTax": 42751000,
    "incomeBeforeTaxRatio": 0.1258896732,
    "incomeTaxExpense": 13824000,
    "netIncome": 28927000,
    "netIncomeRatio": 0.0851818806,
    "eps": 0.29,
    "epsdiluted": 0.29,
    "weightedAverageShsOut": 99833000,
    "weightedAverageShsOutDil": 99833000,
    "link": "https://www.sec.gov/Archives/edgar/data/51253/000095011000001239/0000950110-00-001239-index.htm",
    "finalLink": "https://www.sec.gov/Archives/edgar/data/51253/000095011000001239/0000950110-00-001239-0001.txt"
  },
  {
    "date": "2000-06-30",
    "symbol": "IFF",
    "reportedCurrency": "USD",
    "cik": "0000051253",
    "fillingDate": "2000-08-14",
    "acceptedDate": "2000-08-14 00:00:00",
    "calendarYear": "2000",
    "period": "Q2",
    "revenue": 368759000,
    "costOfRevenue": 199292000,
    "grossProfit": 169467000,
    "grossProfitRatio": 0.459560309,
    "researchAndDevelopmentExpenses": 26945000,
    "generalAndAdministrativeExpenses": 66024000,
    "sellingAndMarketingExpenses": 0,
    "sellingGeneralAndAdministrativeExpenses": 66024000,
    "otherExpenses": 0,
    "operatingExpenses": 92969000,
    "costAndExpenses": 292261000,
    "interestIncome": 0,
    "interestExpense": 0,
    "depreciationAndAmortization": 15194000,
    "ebitda": 91692000,
    "ebitdaratio": 0.2486502024,
    "operatingIncome": 76498000,
    "operatingIncomeRatio": 0.2074471403,
    "totalOtherIncomeExpensesNet": -3277000,
    "incomeBeforeTax": 73221000,
    "incomeBeforeTaxRatio": 0.1985605775,
    "incomeTaxExpense": 24305000,
    "netIncome": 48916000,
    "netIncomeRatio": 0.1326503218,
    "eps": 0.48,
    "epsdiluted": 0.48,
    "weightedAverageShsOut": 102359000,
    "weightedAverageShsOutDil": 102387000,
    "link": "https://www.sec.gov/Archives/edgar/data/51253/000095011000000875/0000950110-00-000875-index.htm",
    "finalLink": "https://www.sec.gov/Archives/edgar/data/51253/000095011000000875/0000950110-00-000875-0001.txt"
  },
  {
    "date": "2000-03-31",
    "symbol": "IFF",
    "reportedCurrency": "USD",
    "cik": "0000051253",
    "fillingDate": "2000-05-15",
    "acceptedDate": "2000-05-15 00:00:00",
    "calendarYear": "2000",
    "period": "Q1",
    "revenue": 369912000,
    "costOfRevenue": 186585000,
    "grossProfit": 183327000,
    "grossProfitRatio": 0.4955962499,
    "researchAndDevelopmentExpenses": 26812000,
    "generalAndAdministrativeExpenses": 65341000,
    "sellingAndMarketingExpenses": 0,
    "sellingGeneralAndAdministrativeExpenses": 65341000,
    "otherExpenses": 14500000,
    "operatingExpenses": 106653000,
    "costAndExpenses": 293238000,
    "interestIncome": 0,
    "interestExpense": 0,
    "depreciationAndAmortization": 14500000,
    "ebitda": 91174000,
    "ebitdaratio": 0.2464748373,
    "operatingIncome": 76674000,
    "operatingIncomeRatio": 0.2072763252,
    "totalOtherIncomeExpensesNet": -11162000,
    "incomeBeforeTax": 65512000,
    "incomeBeforeTaxRatio": 0.1771015809,
    "incomeTaxExpense": 21736000,
    "netIncome": 43776000,
    "netIncomeRatio": 0.1183416596,
    "eps": 0.42,
    "epsdiluted": 0.42,
    "weightedAverageShsOut": 104264000,
    "weightedAverageShsOutDil": 104285000,
    "link": "https://www.sec.gov/Archives/edgar/data/51253/000095011000000517/0000950110-00-000517-index.html",
    "finalLink": "https://www.sec.gov/Archives/edgar/data/51253/000095011000000517/"
  },
  {
    "date": "1999-12-31",
    "symbol": "IFF",
    "reportedCurrency": "USD",
    "cik": "0000051253",
    "fillingDate": "2000-03-30",
    "acceptedDate": "2000-03-30 00:00:00",
    "calendarYear": "1999",
    "period": "Q4",
    "revenue": 336000000,
    "costOfRevenue": 164100000,
    "grossProfit": 171900000,
    "grossProfitRatio": 0.5116071429,
    "researchAndDevelopmentExpenses": 26800000,
    "generalAndAdministrativeExpenses": 73000000,
    "sellingAndMarketingExpenses": 0,
    "sellingGeneralAndAdministrativeExpenses": 73000000,
    "otherExpenses": 16600000,
    "operatingExpenses": 116400000,
    "costAndExpenses": 280500000,
    "interestIncome": 0,
    "interestExpense": 0,
    "depreciationAndAmortization": 16600000,
    "ebitda": 72100000,
    "ebitdaratio": 0.2145833333,
    "operatingIncome": 55500000,
    "operatingIncomeRatio": 0.1651785714,
    "totalOtherIncomeExpensesNet": -400000,
    "incomeBeforeTax": 55100000,
    "incomeBeforeTaxRatio": 0.1639880952,
    "incomeTaxExpense": 18500000,
    "netIncome": 36600000,
    "netIncomeRatio": 0.1089285714,
    "eps": 0.35,
    "epsdiluted": 0.35,
    "weightedAverageShsOut": 104264000,
    "weightedAverageShsOutDil": 104264000,
    "link": "https://www.sec.gov/Archives/edgar/data/51253/000095011000000264/0000950110-00-000264-index.html",
    "finalLink": "https://www.sec.gov/Archives/edgar/data/51253/000095011000000264/"
  },
  {
    "date": "1999-09-30",
    "symbol": "IFF",
    "reportedCurrency": "USD",
    "cik": "0000051253",
    "fillingDate": "1999-11-12",
    "acceptedDate": "1999-11-12 00:00:00",
    "calendarYear": "1999",
    "period": "Q3",
    "revenue": 364700000,
    "costOfRevenue": 185100000,
    "grossProfit": 179600000,
    "grossProfitRatio": 0.4924595558,
    "researchAndDevelopmentExpenses": 25100000,
    "generalAndAdministrativeExpenses": 61800000,
    "sellingAndMarketingExpenses": 0,
    "sellingGeneralAndAdministrativeExpenses": 61800000,
    "otherExpenses": 14300000,
    "operatingExpenses": 101200000,
    "costAndExpenses": 286300000,
    "interestIncome": 0,
    "interestExpense": 0,
    "depreciationAndAmortization": 14300000,
    "ebitda": 92700000,
    "ebitdaratio": 0.2541815191,
    "operatingIncome": 78400000,
    "operatingIncomeRatio": 0.2149712092,
    "totalOtherIncomeExpensesNet": -4400000,
    "incomeBeforeTax": 74000000,
    "incomeBeforeTaxRatio": 0.2029064985,
    "incomeTaxExpense": 24800000,
    "netIncome": 49200000,
    "netIncomeRatio": 0.1349054017,
    "eps": 0.46,
    "epsdiluted": 0.46,
    "weightedAverageShsOut": 106003000,
    "weightedAverageShsOutDil": 106271000,
    "link": "https://www.sec.gov/Archives/edgar/data/51253/000095011099001432/0000950110-99-001432-index.html",
    "finalLink": "https://www.sec.gov/Archives/edgar/data/51253/000095011099001432/"
  },
  {
    "date": "1999-06-30",
    "symbol": "IFF",
    "reportedCurrency": "USD",
    "cik": "0000051253",
    "fillingDate": "1999-08-13",
    "acceptedDate": "1999-08-13 00:00:00",
    "calendarYear": "1999",
    "period": "Q2",
    "revenue": 371100000,
    "costOfRevenue": 192400000,
    "grossProfit": 178700000,
    "grossProfitRatio": 0.4815413635,
    "researchAndDevelopmentExpenses": 25900000,
    "generalAndAdministrativeExpenses": 64200000,
    "sellingAndMarketingExpenses": 0,
    "sellingGeneralAndAdministrativeExpenses": 64200000,
    "otherExpenses": 12800000,
    "operatingExpenses": 102900000,
    "costAndExpenses": 295300000,
    "interestIncome": 0,
    "interestExpense": 0,
    "depreciationAndAmortization": 12800000,
    "ebitda": 90106000,
    "ebitdaratio": 0.2428078685,
    "operatingIncome": 75800000,
    "operatingIncomeRatio": 0.2042576125,
    "totalOtherIncomeExpensesNet": -34565000,
    "incomeBeforeTax": 41100000,
    "incomeBeforeTaxRatio": 0.1107518189,
    "incomeTaxExpense": 13700000,
    "netIncome": 27400000,
    "netIncomeRatio": 0.0738345459,
    "eps": 0.26,
    "epsdiluted": 0.26,
    "weightedAverageShsOut": 105928000,
    "weightedAverageShsOutDil": 106127000,
    "link": "https://www.sec.gov/Archives/edgar/data/51253/000095011099001055/0000950110-99-001055-index.html",
    "finalLink": "https://www.sec.gov/Archives/edgar/data/51253/000095011099001055/"
  },
  {
    "date": "1999-03-31",
    "symbol": "IFF",
    "reportedCurrency": "USD",
    "cik": "0000051253",
    "fillingDate": "1999-05-14",
    "acceptedDate": "1999-05-14 00:00:00",
    "calendarYear": "1999",
    "period": "Q1",
    "revenue": 367800000,
    "costOfRevenue": 193800000,
    "grossProfit": 174000000,
    "grossProfitRatio": 0.4730831974,
    "researchAndDevelopmentExpenses": 25900000,
    "generalAndAdministrativeExpenses": 63600000,
    "sellingAndMarketingExpenses": 0,
    "sellingGeneralAndAdministrativeExpenses": 63600000,
    "otherExpenses": 12700000,
    "operatingExpenses": 102200000,
    "costAndExpenses": 296000000,
    "interestIncome": 0,
    "interestExpense": 0,
    "depreciationAndAmortization": 12700000,
    "ebitda": 84465000,
    "ebitdaratio": 0.2296492659,
    "operatingIncome": 71800000,
    "operatingIncomeRatio": 0.1952147906,
    "totalOtherIncomeExpensesNet": 1600000,
    "incomeBeforeTax": 73400000,
    "incomeBeforeTaxRatio": 0.199564981,
    "incomeTaxExpense": 24600000,
    "netIncome": 48800000,
    "netIncomeRatio": 0.1326808048,
    "eps": 0.46,
    "epsdiluted": 0.46,
    "weightedAverageShsOut": 106086957,
    "weightedAverageShsOutDil": 106086957,
    "link": "https://www.sec.gov/Archives/edgar/data/51253/000095011099000739/0000950110-99-000739-index.html",
    "finalLink": "https://www.sec.gov/Archives/edgar/data/51253/"
  },
  {
    "date": "1998-12-31",
    "symbol": "IFF",
    "reportedCurrency": "USD",
    "cik": "0000051253",
    "fillingDate": "1999-03-30",
    "acceptedDate": "1999-03-30 00:00:00",
    "calendarYear": "1998",
    "period": "Q4",
    "revenue": 318800000,
    "costOfRevenue": 164100000,
    "grossProfit": 154700000,
    "grossProfitRatio": 0.4852572146,
    "researchAndDevelopmentExpenses": 25400000,
    "generalAndAdministrativeExpenses": 62600000,
    "sellingAndMarketingExpenses": 0,
    "sellingGeneralAndAdministrativeExpenses": 62600000,
    "otherExpenses": 12700000,
    "operatingExpenses": 100700000,
    "costAndExpenses": 264800000,
    "interestIncome": 0,
    "interestExpense": 0,
    "depreciationAndAmortization": 12700000,
    "ebitda": 66700000,
    "ebitdaratio": 0.2092220828,
    "operatingIncome": 54000000,
    "operatingIncomeRatio": 0.1693851945,
    "totalOtherIncomeExpensesNet": -600000,
    "incomeBeforeTax": 53400000,
    "incomeBeforeTaxRatio": 0.1675031368,
    "incomeTaxExpense": 18400000,
    "netIncome": 35000000,
    "netIncomeRatio": 0.1097867001,
    "eps": 0.33,
    "epsdiluted": 0.33,
    "weightedAverageShsOut": 106086957,
    "weightedAverageShsOutDil": 106086957,
    "link": "https://www.sec.gov/Archives/edgar/data/51253/000095011099000422/0000950110-99-000422-index.html",
    "finalLink": "https://www.sec.gov/Archives/edgar/data/51253/"
  },
  {
    "date": "1998-09-30",
    "symbol": "IFF",
    "reportedCurrency": "USD",
    "cik": "0000051253",
    "fillingDate": "1998-11-13",
    "acceptedDate": "1998-11-13 00:00:00",
    "calendarYear": "1998",
    "period": "Q3",
    "revenue": 349800000,
    "costOfRevenue": 180900000,
    "grossProfit": 168900000,
    "grossProfitRatio": 0.4828473413,
    "researchAndDevelopmentExpenses": 24700000,
    "generalAndAdministrativeExpenses": 58300000,
    "sellingAndMarketingExpenses": 0,
    "sellingGeneralAndAdministrativeExpenses": 58300000,
    "otherExpenses": 12300000,
    "operatingExpenses": 95300000,
    "costAndExpenses": 276200000,
    "interestIncome": 0,
    "interestExpense": 0,
    "depreciationAndAmortization": 12300000,
    "ebitda": 85900000,
    "ebitdaratio": 0.2455688965,
    "operatingIncome": 73600000,
    "operatingIncomeRatio": 0.2104059463,
    "totalOtherIncomeExpensesNet": 1100000,
    "incomeBeforeTax": 74700000,
    "incomeBeforeTaxRatio": 0.2135506003,
    "incomeTaxExpense": 24500000,
    "netIncome": 50200000,
    "netIncomeRatio": 0.1435105775,
    "eps": 0.47,
    "epsdiluted": 0.47,
    "weightedAverageShsOut": 106808511,
    "weightedAverageShsOutDil": 106808511,
    "link": "https://www.sec.gov/Archives/edgar/data/51253/000095011098001295/0000950110-98-001295-index.html",
    "finalLink": "https://www.sec.gov/Archives/edgar/data/51253/"
  },
  {
    "date": "1998-06-30",
    "symbol": "IFF",
    "reportedCurrency": "USD",
    "cik": "0000051253",
    "fillingDate": "1998-08-14",
    "acceptedDate": "1998-08-14 00:00:00",
    "calendarYear": "1998",
    "period": "Q2",
    "revenue": 365300000,
    "costOfRevenue": 183300000,
    "grossProfit": 182000000,
    "grossProfitRatio": 0.4982206406,
    "researchAndDevelopmentExpenses": 24400000,
    "generalAndAdministrativeExpenses": 60500000,
    "sellingAndMarketingExpenses": 0,
    "sellingGeneralAndAdministrativeExpenses": 60500000,
    "otherExpenses": 12000000,
    "operatingExpenses": 96900000,
    "costAndExpenses": 280200000,
    "interestIncome": 0,
    "interestExpense": 0,
    "depreciationAndAmortization": 12000000,
    "ebitda": 97100000,
    "ebitdaratio": 0.2658089242,
    "operatingIncome": 85100000,
    "operatingIncomeRatio": 0.2329592116,
    "totalOtherIncomeExpensesNet": 1000000,
    "incomeBeforeTax": 86100000,
    "incomeBeforeTaxRatio": 0.2356966877,
    "incomeTaxExpense": 30200000,
    "netIncome": 55900000,
    "netIncomeRatio": 0.153024911,
    "eps": 0.52,
    "epsdiluted": 0.52,
    "weightedAverageShsOut": 107500000,
    "weightedAverageShsOutDil": 107500000,
    "link": "https://www.sec.gov/Archives/edgar/data/51253/000095011098000921/0000950110-98-000921-index.html",
    "finalLink": "https://www.sec.gov/Archives/edgar/data/51253/"
  },
  {
    "date": "1998-03-31",
    "symbol": "IFF",
    "reportedCurrency": "USD",
    "cik": "0000051253",
    "fillingDate": "1998-05-15",
    "acceptedDate": "1998-05-15 00:00:00",
    "calendarYear": "1998",
    "period": "Q1",
    "revenue": 373400000,
    "costOfRevenue": 186200000,
    "grossProfit": 187200000,
    "grossProfitRatio": 0.5013390466,
    "researchAndDevelopmentExpenses": 23900000,
    "generalAndAdministrativeExpenses": 57400000,
    "sellingAndMarketingExpenses": 0,
    "sellingGeneralAndAdministrativeExpenses": 57400000,
    "otherExpenses": 12000000,
    "operatingExpenses": 93300000,
    "costAndExpenses": 279500000,
    "interestIncome": 0,
    "interestExpense": 0,
    "depreciationAndAmortization": 12000000,
    "ebitda": 105900000,
    "ebitdaratio": 0.2836100696,
    "operatingIncome": 93900000,
    "operatingIncomeRatio": 0.2514729513,
    "totalOtherIncomeExpensesNet": 2900000,
    "incomeBeforeTax": 96800000,
    "incomeBeforeTaxRatio": 0.2592394215,
    "incomeTaxExpense": 34200000,
    "netIncome": 62600000,
    "netIncomeRatio": 0.1676486342,
    "eps": 0.58,
    "epsdiluted": 0.58,
    "weightedAverageShsOut": 107931034,
    "weightedAverageShsOutDil": 107931034,
    "link": "https://www.sec.gov/Archives/edgar/data/51253/000095011098000638/0000950110-98-000638-index.html",
    "finalLink": "https://www.sec.gov/Archives/edgar/data/51253/"
  },
  {
    "date": "1997-12-31",
    "symbol": "IFF",
    "reportedCurrency": "USD",
    "cik": "0000051253",
    "fillingDate": "1998-03-31",
    "acceptedDate": "1998-03-31 00:00:00",
    "calendarYear": "1997",
    "period": "Q4",
    "revenue": 306300000,
    "costOfRevenue": 157100000,
    "grossProfit": 149200000,
    "grossProfitRatio": 0.4871041463,
    "researchAndDevelopmentExpenses": 24300000,
    "generalAndAdministrativeExpenses": 58900000,
    "sellingAndMarketingExpenses": 0,
    "sellingGeneralAndAdministrativeExpenses": 58900000,
    "otherExpenses": 12800000,
    "operatingExpenses": 96000000,
    "costAndExpenses": 253100000,
    "interestIncome": 0,
    "interestExpense": 0,
    "depreciationAndAmortization": 12800000,
    "ebitda": 66000000,
    "ebitdaratio": 0.2154750245,
    "operatingIncome": 53200000,
    "operatingIncomeRatio": 0.1736859288,
    "totalOtherIncomeExpensesNet": 1100000,
    "incomeBeforeTax": 54300000,
    "incomeBeforeTaxRatio": 0.1772771792,
    "incomeTaxExpense": 19400000,
    "netIncome": 34900000,
    "netIncomeRatio": 0.1139405811,
    "eps": 0.32,
    "epsdiluted": 0.32,
    "weightedAverageShsOut": 107931034,
    "weightedAverageShsOutDil": 107931034,
    "link": "https://www.sec.gov/Archives/edgar/data/51253/000095011098000370/0000950110-98-000370-index.html",
    "finalLink": "https://www.sec.gov/Archives/edgar/data/51253/"
  },
  {
    "date": "1997-09-30",
    "symbol": "IFF",
    "reportedCurrency": "USD",
    "cik": "0000051253",
    "fillingDate": "1997-11-14",
    "acceptedDate": "1997-11-14 00:00:00",
    "calendarYear": "1997",
    "period": "Q3",
    "revenue": 356200000,
    "costOfRevenue": 179300000,
    "grossProfit": 176900000,
    "grossProfitRatio": 0.4966311061,
    "researchAndDevelopmentExpenses": 23100000,
    "generalAndAdministrativeExpenses": 54900000,
    "sellingAndMarketingExpenses": 0,
    "sellingGeneralAndAdministrativeExpenses": 54900000,
    "otherExpenses": 12700000,
    "operatingExpenses": 90700000,
    "costAndExpenses": 270000000,
    "interestIncome": 0,
    "interestExpense": 0,
    "depreciationAndAmortization": 12700000,
    "ebitda": 98900000,
    "ebitdaratio": 0.2776530039,
    "operatingIncome": 86200000,
    "operatingIncomeRatio": 0.241998877,
    "totalOtherIncomeExpensesNet": 1700000,
    "incomeBeforeTax": 87900000,
    "incomeBeforeTaxRatio": 0.2467714767,
    "incomeTaxExpense": 31200000,
    "netIncome": 56700000,
    "netIncomeRatio": 0.1591802358,
    "eps": 0.52,
    "epsdiluted": 0.52,
    "weightedAverageShsOut": 109038462,
    "weightedAverageShsOutDil": 109038462,
    "link": "https://www.sec.gov/Archives/edgar/data/51253/000095011097001537/0000950110-97-001537-index.html",
    "finalLink": "https://www.sec.gov/Archives/edgar/data/51253/"
  },
  {
    "date": "1997-06-30",
    "symbol": "IFF",
    "reportedCurrency": "USD",
    "cik": "0000051253",
    "fillingDate": "1997-08-13",
    "acceptedDate": "1997-08-13 00:00:00",
    "calendarYear": "1997",
    "period": "Q2",
    "revenue": 381500000,
    "costOfRevenue": 191600000,
    "grossProfit": 189900000,
    "grossProfitRatio": 0.4977719528,
    "researchAndDevelopmentExpenses": 23500000,
    "generalAndAdministrativeExpenses": 57000000,
    "sellingAndMarketingExpenses": 0,
    "sellingGeneralAndAdministrativeExpenses": 57000000,
    "otherExpenses": 12500000,
    "operatingExpenses": 93000000,
    "costAndExpenses": 284600000,
    "interestIncome": 0,
    "interestExpense": 0,
    "depreciationAndAmortization": 12500000,
    "ebitda": 109400000,
    "ebitdaratio": 0.2867627785,
    "operatingIncome": 96900000,
    "operatingIncomeRatio": 0.2539973788,
    "totalOtherIncomeExpensesNet": 1900000,
    "incomeBeforeTax": 98800000,
    "incomeBeforeTaxRatio": 0.2589777195,
    "incomeTaxExpense": 35500000,
    "netIncome": 63300000,
    "netIncomeRatio": 0.1659239843,
    "eps": 0.58,
    "epsdiluted": 0.57,
    "weightedAverageShsOut": 109137931,
    "weightedAverageShsOutDil": 111052632,
    "link": "https://www.sec.gov/Archives/edgar/data/51253/000095011097001254/0000950110-97-001254-index.html",
    "finalLink": "https://www.sec.gov/Archives/edgar/data/51253/"
  },
  {
    "date": "1997-03-31",
    "symbol": "IFF",
    "reportedCurrency": "USD",
    "cik": "0000051253",
    "fillingDate": "1997-05-15",
    "acceptedDate": "1997-05-15 00:00:00",
    "calendarYear": "1997",
    "period": "Q1",
    "revenue": 382800000,
    "costOfRevenue": 195000000,
    "grossProfit": 187800000,
    "grossProfitRatio": 0.4905956113,
    "researchAndDevelopmentExpenses": 23600000,
    "generalAndAdministrativeExpenses": 56300000,
    "sellingAndMarketingExpenses": 0,
    "sellingGeneralAndAdministrativeExpenses": 56300000,
    "otherExpenses": 12300000,
    "operatingExpenses": 92200000,
    "costAndExpenses": 287200000,
    "interestIncome": 0,
    "interestExpense": 0,
    "depreciationAndAmortization": 12300000,
    "ebitda": 107900000,
    "ebitdaratio": 0.2818704284,
    "operatingIncome": 95600000,
    "operatingIncomeRatio": 0.249738767,
    "totalOtherIncomeExpensesNet": 3500000,
    "incomeBeforeTax": 99100000,
    "incomeBeforeTaxRatio": 0.2588819227,
    "incomeTaxExpense": 35900000,
    "netIncome": 63200000,
    "netIncomeRatio": 0.1650992685,
    "eps": 0.58,
    "epsdiluted": 0.58,
    "weightedAverageShsOut": 108965517,
    "weightedAverageShsOutDil": 108965517,
    "link": "https://www.sec.gov/Archives/edgar/data/51253/000095011097000956/0000950110-97-000956-index.html",
    "finalLink": "https://www.sec.gov/Archives/edgar/data/51253/"
  },
  {
    "date": "1996-12-31",
    "symbol": "IFF",
    "reportedCurrency": "USD",
    "cik": "0000051253",
    "fillingDate": "1997-03-31",
    "acceptedDate": "1997-03-31 00:00:00",
    "calendarYear": "1996",
    "period": "Q4",
    "revenue": 324100000,
    "costOfRevenue": 166100000,
    "grossProfit": 158000000,
    "grossProfitRatio": 0.4875038568,
    "researchAndDevelopmentExpenses": 0,
    "generalAndAdministrativeExpenses": 81100000,
    "sellingAndMarketingExpenses": 0,
    "sellingGeneralAndAdministrativeExpenses": 81100000,
    "otherExpenses": 13100000,
    "operatingExpenses": 94200000,
    "costAndExpenses": 260300000,
    "interestIncome": 0,
    "interestExpense": 0,
    "depreciationAndAmortization": 13100000,
    "ebitda": 76900000,
    "ebitdaratio": 0.2372724468,
    "operatingIncome": 63800000,
    "operatingIncomeRatio": 0.1968528232,
    "totalOtherIncomeExpensesNet": 1000000,
    "incomeBeforeTax": 64800000,
    "incomeBeforeTaxRatio": 0.1999382907,
    "incomeTaxExpense": 23900000,
    "netIncome": 40900000,
    "netIncomeRatio": 0.1261956186,
    "eps": 0.38,
    "epsdiluted": 0.38,
    "weightedAverageShsOut": 108965517,
    "weightedAverageShsOutDil": 108965517,
    "link": "https://www.sec.gov/Archives/edgar/data/51253/000095011097000547/0000950110-97-000547-index.html",
    "finalLink": "https://www.sec.gov/Archives/edgar/data/51253/"
  },
  {
    "date": "1996-09-30",
    "symbol": "IFF",
    "reportedCurrency": "USD",
    "cik": "0000051253",
    "fillingDate": "1996-11-14",
    "acceptedDate": "1996-11-14 00:00:00",
    "calendarYear": "1996",
    "period": "Q3",
    "revenue": 354900000,
    "costOfRevenue": 182200000,
    "grossProfit": 172700000,
    "grossProfitRatio": 0.4866159482,
    "researchAndDevelopmentExpenses": 0,
    "generalAndAdministrativeExpenses": 79100000,
    "sellingAndMarketingExpenses": 0,
    "sellingGeneralAndAdministrativeExpenses": 79100000,
    "otherExpenses": 11600000,
    "operatingExpenses": 90700000,
    "costAndExpenses": 272900000,
    "interestIncome": 0,
    "interestExpense": 0,
    "depreciationAndAmortization": 11600000,
    "ebitda": 93600000,
    "ebitdaratio": 0.2637362637,
    "operatingIncome": 82000000,
    "operatingIncomeRatio": 0.2310510003,
    "totalOtherIncomeExpensesNet": 1600000,
    "incomeBeforeTax": 83600000,
    "incomeBeforeTaxRatio": 0.2355593125,
    "incomeTaxExpense": 30500000,
    "netIncome": 53100000,
    "netIncomeRatio": 0.1496196112,
    "eps": 0.48,
    "epsdiluted": 0.48,
    "weightedAverageShsOut": 110625000,
    "weightedAverageShsOutDil": 110625000,
    "link": "https://www.sec.gov/Archives/edgar/data/51253/000095011096001393/0000950110-96-001393-index.html",
    "finalLink": "https://www.sec.gov/Archives/edgar/data/51253/"
  },
  {
    "date": "1996-06-30",
    "symbol": "IFF",
    "reportedCurrency": "USD",
    "cik": "0000051253",
    "fillingDate": "1996-08-14",
    "acceptedDate": "1996-08-14 00:00:00",
    "calendarYear": "1996",
    "period": "Q2",
    "revenue": 374400000,
    "costOfRevenue": 190400000,
    "grossProfit": 184000000,
    "grossProfitRatio": 0.4914529915,
    "researchAndDevelopmentExpenses": 0,
    "generalAndAdministrativeExpenses": 78500000,
    "sellingAndMarketingExpenses": 0,
    "sellingGeneralAndAdministrativeExpenses": 78500000,
    "otherExpenses": 11400000,
    "operatingExpenses": 89900000,
    "costAndExpenses": 280300000,
    "interestIncome": 0,
    "interestExpense": 0,
    "depreciationAndAmortization": 11400000,
    "ebitda": 105500000,
    "ebitdaratio": 0.281784188,
    "operatingIncome": 94100000,
    "operatingIncomeRatio": 0.2513354701,
    "totalOtherIncomeExpensesNet": -47700000,
    "incomeBeforeTax": 46400000,
    "incomeBeforeTaxRatio": 0.1239316239,
    "incomeTaxExpense": 16700000,
    "netIncome": 29700000,
    "netIncomeRatio": 0.0793269231,
    "eps": 0.26,
    "epsdiluted": 0.26,
    "weightedAverageShsOut": 114230769,
    "weightedAverageShsOutDil": 114230769,
    "link": "https://www.sec.gov/Archives/edgar/data/51253/000095011096000907/0000950110-96-000907-index.html",
    "finalLink": "https://www.sec.gov/Archives/edgar/data/51253/"
  },
  {
    "date": "1996-03-31",
    "symbol": "IFF",
    "reportedCurrency": "USD",
    "cik": "0000051253",
    "fillingDate": "1996-05-15",
    "acceptedDate": "1996-05-15 00:00:00",
    "calendarYear": "1996",
    "period": "Q1",
    "revenue": 382800000,
    "costOfRevenue": 192400000,
    "grossProfit": 190400000,
    "grossProfitRatio": 0.4973876698,
    "researchAndDevelopmentExpenses": 0,
    "generalAndAdministrativeExpenses": 78200000,
    "sellingAndMarketingExpenses": 0,
    "sellingGeneralAndAdministrativeExpenses": 78200000,
    "otherExpenses": 11700000,
    "operatingExpenses": 89900000,
    "costAndExpenses": 282300000,
    "interestIncome": 0,
    "interestExpense": 0,
    "depreciationAndAmortization": 11700000,
    "ebitda": 112200000,
    "ebitdaratio": 0.2931034483,
    "operatingIncome": 100500000,
    "operatingIncomeRatio": 0.262539185,
    "totalOtherIncomeExpensesNet": 3800000,
    "incomeBeforeTax": 104300000,
    "incomeBeforeTaxRatio": 0.2724660397,
    "incomeTaxExpense": 38100000,
    "netIncome": 66200000,
    "netIncomeRatio": 0.1729362591,
    "eps": 0.6,
    "epsdiluted": 0.59,
    "weightedAverageShsOut": 110333333,
    "weightedAverageShsOutDil": 112203390,
    "link": "https://www.sec.gov/Archives/edgar/data/51253/000095011096000587/0000950110-96-000587-index.html",
    "finalLink": "https://www.sec.gov/Archives/edgar/data/51253/"
  },
  {
    "date": "1995-12-31",
    "symbol": "IFF",
    "reportedCurrency": "USD",
    "cik": "0000051253",
    "fillingDate": "1996-03-28",
    "acceptedDate": "1996-03-28 00:00:00",
    "calendarYear": "1995",
    "period": "Q4",
    "revenue": 311500000,
    "costOfRevenue": 162000000,
    "grossProfit": 149500000,
    "grossProfitRatio": 0.4799357945,
    "researchAndDevelopmentExpenses": 0,
    "generalAndAdministrativeExpenses": 79100000,
    "sellingAndMarketingExpenses": 0,
    "sellingGeneralAndAdministrativeExpenses": 79100000,
    "otherExpenses": 9600000,
    "operatingExpenses": 88700000,
    "costAndExpenses": 250700000,
    "interestIncome": 0,
    "interestExpense": 0,
    "depreciationAndAmortization": 9600000,
    "ebitda": 70400000,
    "ebitdaratio": 0.2260032103,
    "operatingIncome": 60800000,
    "operatingIncomeRatio": 0.1951845907,
    "totalOtherIncomeExpensesNet": 2100000,
    "incomeBeforeTax": 62900000,
    "incomeBeforeTaxRatio": 0.2019261637,
    "incomeTaxExpense": 23100000,
    "netIncome": 39800000,
    "netIncomeRatio": 0.1277688604,
    "eps": 0.36,
    "epsdiluted": 0.36,
    "weightedAverageShsOut": 110333333,
    "weightedAverageShsOutDil": 110333333,
    "link": "https://www.sec.gov/Archives/edgar/data/51253/000095011096000305/0000950110-96-000305-index.html",
    "finalLink": "https://www.sec.gov/Archives/edgar/data/51253/"
  },
  {
    "date": "1995-09-30",
    "symbol": "IFF",
    "reportedCurrency": "USD",
    "cik": "0000051253",
    "fillingDate": "1995-11-14",
    "acceptedDate": "1995-11-14 00:00:00",
    "calendarYear": "1995",
    "period": "Q3",
    "revenue": 360100000,
    "costOfRevenue": 176000000,
    "grossProfit": 184100000,
    "grossProfitRatio": 0.5112468759,
    "researchAndDevelopmentExpenses": 0,
    "generalAndAdministrativeExpenses": 75400000,
    "sellingAndMarketingExpenses": 0,
    "sellingGeneralAndAdministrativeExpenses": 75400000,
    "otherExpenses": 10700000,
    "operatingExpenses": 86100000,
    "costAndExpenses": 262100000,
    "interestIncome": 0,
    "interestExpense": 0,
    "depreciationAndAmortization": 10700000,
    "ebitda": 108700000,
    "ebitdaratio": 0.3018605943,
    "operatingIncome": 98000000,
    "operatingIncomeRatio": 0.2721466259,
    "totalOtherIncomeExpensesNet": 1600000,
    "incomeBeforeTax": 99600000,
    "incomeBeforeTaxRatio": 0.2765898362,
    "incomeTaxExpense": 36300000,
    "netIncome": 63300000,
    "netIncomeRatio": 0.1757845043,
    "eps": 0.57,
    "epsdiluted": 0.57,
    "weightedAverageShsOut": 111052632,
    "weightedAverageShsOutDil": 111052632,
    "link": "https://www.sec.gov/Archives/edgar/data/51253/000095011095000774/0000950110-95-000774-index.html",
    "finalLink": "https://www.sec.gov/Archives/edgar/data/51253/"
  }
]