[
  {
    "date": "2024-12-31",
    "symbol": "IFF",
    "reportedCurrency": "USD",
    "cik": "0000051253",
    "fillingDate": "2025-02-28",
    "acceptedDate": "2025-02-28 16:08:05",
    "calendarYear": "2024",
    "period": "FY",
    "revenue": 11484000000,
    "costOfRevenue": 7972000000,
    "grossProfit": 3512000000,
    "grossProfitRatio": 0.3058167886,
    "researchAndDevelopmentExpenses": 671000000,
    "generalAndAdministrativeExpenses": 0,
    "sellingAndMarketingExpenses": 0,
    "sellingGeneralAndAdministrativeExpenses": 1661000000,
    "otherExpenses": 0,
    "operatingExpenses": 2332000000,
    "costAndExpenses": 10304000000,
    "interestIncome": 0,
    "interestExpense": 305000000,
    "depreciationAndAmortization": 1015000000,
    "ebitda": 1598000000,
    "ebitdaratio": 0.1391501219,
    "operatingIncome": 1180000000,
    "operatingIncomeRatio": 0.1027516545,
    "totalOtherIncomeExpensesNet": -902000000,
    "incomeBeforeTax": 278000000,
    "incomeBeforeTaxRatio": 0.0242075932,
    "incomeTaxExpense": 31000000,
    "netIncome": 243000000,
    "netIncomeRatio": 0.0211598746,
    "eps": 0.95,
    "epsdiluted": 0.95,
    "weightedAverageShsOut": 256000000,
    "weightedAverageShsOutDil": 256000000,
    "link": "https://www.sec.gov/Archives/edgar/data/51253/000005125325000013/0000051253-25-000013-index.htm",
    "finalLink": "https://www.sec.gov/Archives/edgar/data/51253/000005125325000013/iff-20241231.htm"
  },
  {
    "date": "2023-12-31",
    "symbol": "IFF",
    "reportedCurrency": "USD",
    "cik": "0000051253",
    "fillingDate": "2024-02-28",
    "acceptedDate": "2024-02-28 08:35:45",
    "calendarYear": "2023",
    "period": "FY",
    "revenue": 11479000000,
    "costOfRevenue": 8480000000,
    "grossProfit": 2999000000,
    "grossProfitRatio": 0.2612596916,
    "researchAndDevelopmentExpenses": 636000000,
    "generalAndAdministrativeExpenses": 0,
    "sellingAndMarketingExpenses": 0,
    "sellingGeneralAndAdministrativeExpenses": 1532000000,
    "otherExpenses": 0,
    "operatingExpenses": 2168000000,
    "costAndExpenses": 10648000000,
    "interestIncome": 0,
    "interestExpense": 380000000,
    "depreciationAndAmortization": 1142000000,
    "ebitda": -996000000,
    "ebitdaratio": -0.08676714,
    "operatingIncome": 831000000,
    "operatingIncomeRatio": 0.0723930656,
    "totalOtherIncomeExpensesNet": -3349000000,
    "incomeBeforeTax": -2518000000,
    "incomeBeforeTaxRatio": -0.2193570869,
    "incomeTaxExpense": 45000000,
    "netIncome": -2565000000,
    "netIncomeRatio": -0.2234515202,
    "eps": -10.06,
    "epsdiluted": -10.06,
    "weightedAverageShsOut": 255000000,
    "weightedAverageShsOutDil": 255000000,
    "link": "https://www.sec.gov/Archives/edgar/data/51253/000005125324000006/0000051253-24-000006-index.htm",
    "finalLink": "https://www.sec.gov/Archives/edgar/data/51253/000005125324000006/iff-20231231.htm"
  },
  {
    "date": "2022-12-31",
    "symbol": "IFF",
    "reportedCurrency": "USD",
    "cik": "0000051253",
    "fillingDate": "2023-02-27",
    "acceptedDate": "2023-02-27 16:23:47",
    "calendarYear": "2022",
    "period": "FY",
    "revenue": 12440000000,
    "costOfRevenue": 9016000000,
    "grossProfit": 3424000000,
    "grossProfitRatio": 0.2752411576,
    "researchAndDevelopmentExpenses": 603000000,
    "generalAndAdministrativeExpenses": 0,
    "sellingAndMarketingExpenses": 0,
    "sellingGeneralAndAdministrativeExpenses": 1559000000,
    "otherExpenses": 0,
    "operatingExpenses": 2162000000,
    "costAndExpenses": 11178000000,
    "interestIncome": 0,
    "interestExpense": 336000000,
    "depreciationAndAmortization": 1179000000,
    "ebitda": -110000000,
    "ebitdaratio": -0.0088424437,
    "operatingIncome": 1262000000,
    "operatingIncomeRatio": 0.1014469453,
    "totalOtherIncomeExpensesNet": -2887000000,
    "incomeBeforeTax": -1625000000,
    "incomeBeforeTaxRatio": -0.1306270096,
    "incomeTaxExpense": 239000000,
    "netIncome": -1868000000,
    "netIncomeRatio": -0.1501607717,
    "eps": -7.2,
    "epsdiluted": -7.2,
    "weightedAverageShsOut": 255000000,
    "weightedAverageShsOutDil": 255000000,
    "link": "https://www.sec.gov/Archives/edgar/data/51253/000005125323000009/0000051253-23-000009-index.htm",
    "finalLink": "https://www.sec.gov/Archives/edgar/data/51253/000005125323000009/iff-20221231.htm"
  },
  {
    "date": "2021-12-31",
    "symbol": "IFF",
    "reportedCurrency": "USD",
    "cik": "0000051253",
    "fillingDate": "2022-02-28",
    "acceptedDate": "2022-02-28 17:13:46",
    "calendarYear": "2021",
    "period": "FY",
    "revenue": 11656000000,
    "costOfRevenue": 8655000000,
    "grossProfit": 3001000000,
    "grossProfitRatio": 0.2574639671,
    "researchAndDevelopmentExpenses": 629000000,
    "generalAndAdministrativeExpenses": 0,
    "sellingAndMarketingExpenses": 0,
    "sellingGeneralAndAdministrativeExpenses": 1480000000,
    "otherExpenses": 0,
    "operatingExpenses": 2109000000,
    "costAndExpenses": 10764000000,
    "interestIncome": 0,
    "interestExpense": 288000000,
    "depreciationAndAmortization": 1156000000,
    "ebitda": 1798000000,
    "ebitdaratio": 0.1542553191,
    "operatingIncome": 892000000,
    "operatingIncomeRatio": 0.0765271105,
    "totalOtherIncomeExpensesNet": -538000000,
    "incomeBeforeTax": 354000000,
    "incomeBeforeTaxRatio": 0.0303706246,
    "incomeTaxExpense": 75000000,
    "netIncome": 268000000,
    "netIncomeRatio": 0.0229924502,
    "eps": 1.1,
    "epsdiluted": 1.1,
    "weightedAverageShsOut": 243000000,
    "weightedAverageShsOutDil": 243000000,
    "link": "https://www.sec.gov/Archives/edgar/data/51253/000005125322000007/0000051253-22-000007-index.htm",
    "finalLink": "https://www.sec.gov/Archives/edgar/data/51253/000005125322000007/iff-20211231.htm"
  },
  {
    "date": "2020-12-31",
    "symbol": "IFF",
    "reportedCurrency": "USD",
    "cik": "0000051253",
    "fillingDate": "2021-02-22",
    "acceptedDate": "2021-02-22 17:07:48",
    "calendarYear": "2020",
    "period": "FY",
    "revenue": 5084239000,
    "costOfRevenue": 3195178000,
    "grossProfit": 1889061000,
    "grossProfitRatio": 0.3715523601,
    "researchAndDevelopmentExpenses": 356863000,
    "generalAndAdministrativeExpenses": 0,
    "sellingAndMarketingExpenses": 0,
    "sellingGeneralAndAdministrativeExpenses": 808678000,
    "otherExpenses": 0,
    "operatingExpenses": 1165541000,
    "costAndExpenses": 4360719000,
    "interestIncome": 0,
    "interestExpense": 130943999,
    "depreciationAndAmortization": 325360000,
    "ebitda": 897675000,
    "ebitdaratio": 0.1765603466,
    "operatingIncome": 723520000,
    "operatingIncomeRatio": 0.1423064494,
    "totalOtherIncomeExpensesNet": -282149000,
    "incomeBeforeTax": 441371000,
    "incomeBeforeTaxRatio": 0.0868116153,
    "incomeTaxExpense": 73999000,
    "netIncome": 364031000,
    "netIncomeRatio": 0.0715998992,
    "eps": 3.25,
    "epsdiluted": 3.2,
    "weightedAverageShsOut": 112162000,
    "weightedAverageShsOutDil": 113630000,
    "link": "https://www.sec.gov/Archives/edgar/data/51253/000005125321000011/0000051253-21-000011-index.htm",
    "finalLink": "https://www.sec.gov/Archives/edgar/data/51253/000005125321000011/iff-20201231.htm"
  },
  {
    "date": "2019-12-31",
    "symbol": "IFF",
    "reportedCurrency": "USD",
    "cik": "0000051253",
    "fillingDate": "2020-03-03",
    "acceptedDate": "2020-03-03 17:31:14",
    "calendarYear": "2019",
    "period": "FY",
    "revenue": 5140084000,
    "costOfRevenue": 3222908000,
    "grossProfit": 1917176000,
    "grossProfitRatio": 0.3729853442,
    "researchAndDevelopmentExpenses": 346128000,
    "generalAndAdministrativeExpenses": 0,
    "sellingAndMarketingExpenses": 0,
    "sellingGeneralAndAdministrativeExpenses": 788886000,
    "otherExpenses": 0,
    "operatingExpenses": 1135014000,
    "costAndExpenses": 4357922000,
    "interestIncome": 0,
    "interestExpense": 137364000,
    "depreciationAndAmortization": 323330000,
    "ebitda": 1018146000,
    "ebitdaratio": 0.1980796423,
    "operatingIncome": 782162000,
    "operatingIncomeRatio": 0.1521691085,
    "totalOtherIncomeExpensesNet": -224710000,
    "incomeBeforeTax": 557452000,
    "incomeBeforeTaxRatio": 0.1084519241,
    "incomeTaxExpense": 97184000,
    "netIncome": 452776000,
    "netIncomeRatio": 0.0880872764,
    "eps": 4.04,
    "epsdiluted": 4,
    "weightedAverageShsOut": 111966000,
    "weightedAverageShsOutDil": 113307000,
    "link": "https://www.sec.gov/Archives/edgar/data/51253/000005125320000007/0000051253-20-000007-index.htm",
    "finalLink": "https://www.sec.gov/Archives/edgar/data/51253/000005125320000007/iff10k2019.htm"
  },
  {
    "date": "2018-12-31",
    "symbol": "IFF",
    "reportedCurrency": "USD",
    "cik": "0000051253",
    "fillingDate": "2019-02-26",
    "acceptedDate": "2019-02-26 16:33:04",
    "calendarYear": "2018",
    "period": "FY",
    "revenue": 3977539000,
    "costOfRevenue": 2332019000,
    "grossProfit": 1645520000,
    "grossProfitRatio": 0.413703046,
    "researchAndDevelopmentExpenses": 311583000,
    "generalAndAdministrativeExpenses": 0,
    "sellingAndMarketingExpenses": 0,
    "sellingGeneralAndAdministrativeExpenses": 633961000,
    "otherExpenses": 0,
    "operatingExpenses": 945544000,
    "costAndExpenses": 3277563000,
    "interestIncome": 0,
    "interestExpense": 132045999,
    "depreciationAndAmortization": 173792000,
    "ebitda": 753595000,
    "ebitdaratio": 0.18946263,
    "operatingIncome": 699976000,
    "operatingIncomeRatio": 0.175982184,
    "totalOtherIncomeExpensesNet": -252219000,
    "incomeBeforeTax": 447757000,
    "incomeBeforeTaxRatio": 0.1125713664,
    "incomeTaxExpense": 107976000,
    "netIncome": 333454000,
    "netIncomeRatio": 0.0838342503,
    "eps": 3.85,
    "epsdiluted": 3.83,
    "weightedAverageShsOut": 87551000,
    "weightedAverageShsOutDil": 88121000,
    "link": "https://www.sec.gov/Archives/edgar/data/51253/000005125319000004/0000051253-19-000004-index.htm",
    "finalLink": "https://www.sec.gov/Archives/edgar/data/51253/000005125319000004/iff10k2018.htm"
  },
  {
    "date": "2017-12-31",
    "symbol": "IFF",
    "reportedCurrency": "USD",
    "cik": "0000051253",
    "fillingDate": "2018-02-27",
    "acceptedDate": "2018-02-27 16:22:08",
    "calendarYear": "2017",
    "period": "FY",
    "revenue": 3398719000,
    "costOfRevenue": 1951198000,
    "grossProfit": 1447521000,
    "grossProfitRatio": 0.4259019354,
    "researchAndDevelopmentExpenses": 295469000,
    "generalAndAdministrativeExpenses": 0,
    "sellingAndMarketingExpenses": 0,
    "sellingGeneralAndAdministrativeExpenses": 556013000,
    "otherExpenses": -5331000,
    "operatingExpenses": 856813000,
    "costAndExpenses": 2808011000,
    "interestIncome": 0,
    "interestExpense": 64574000,
    "depreciationAndAmortization": 117967000,
    "ebitda": 719586000,
    "ebitdaratio": 0.2117227108,
    "operatingIncome": 590708000,
    "operatingIncomeRatio": 0.1738031299,
    "totalOtherIncomeExpensesNet": -53663000,
    "incomeBeforeTax": 537045000,
    "incomeBeforeTaxRatio": 0.1580139458,
    "incomeTaxExpense": 241380000,
    "netIncome": 294665000,
    "netIncomeRatio": 0.0866988415,
    "eps": 3.73,
    "epsdiluted": 3.72,
    "weightedAverageShsOut": 79070000,
    "weightedAverageShsOutDil": 79370000,
    "link": "https://www.sec.gov/Archives/edgar/data/51253/000005125318000005/0000051253-18-000005-index.htm",
    "finalLink": "https://www.sec.gov/Archives/edgar/data/51253/000005125318000005/iff10k2017.htm"
  },
  {
    "date": "2016-12-31",
    "symbol": "IFF",
    "reportedCurrency": "USD",
    "cik": "0000051253",
    "fillingDate": "2017-02-28",
    "acceptedDate": "2017-02-28 17:23:52",
    "calendarYear": "2016",
    "period": "FY",
    "revenue": 3116350000,
    "costOfRevenue": 1740473000,
    "grossProfit": 1375877000,
    "grossProfitRatio": 0.4415027195,
    "researchAndDevelopmentExpenses": 254263000,
    "generalAndAdministrativeExpenses": 0,
    "sellingAndMarketingExpenses": 0,
    "sellingGeneralAndAdministrativeExpenses": 515458999,
    "otherExpenses": 0,
    "operatingExpenses": 769722000,
    "costAndExpenses": 2510195000,
    "interestIncome": 0,
    "interestExpense": 52394000,
    "depreciationAndAmortization": 102469000,
    "ebitda": 678580000,
    "ebitdaratio": 0.2177483274,
    "operatingIncome": 606155000,
    "operatingIncomeRatio": 0.1945079981,
    "totalOtherIncomeExpensesNet": -82438000,
    "incomeBeforeTax": 523717000,
    "incomeBeforeTaxRatio": 0.1680546152,
    "incomeTaxExpense": 118686000,
    "netIncome": 404031000,
    "netIncomeRatio": 0.1296487878,
    "eps": 5.07,
    "epsdiluted": 5.05,
    "weightedAverageShsOut": 79648000,
    "weightedAverageShsOutDil": 79981000,
    "link": "https://www.sec.gov/Archives/edgar/data/51253/000005125317000004/0000051253-17-000004-index.htm",
    "finalLink": "https://www.sec.gov/Archives/edgar/data/51253/000005125317000004/internationalflavors10k2016.htm"
  },
  {
    "date": "2015-12-31",
    "symbol": "IFF",
    "reportedCurrency": "USD",
    "cik": "0000051253",
    "fillingDate": "2016-03-01",
    "acceptedDate": "2016-03-01 16:27:53",
    "calendarYear": "2015",
    "period": "FY",
    "revenue": 3023189000,
    "costOfRevenue": 1713511000,
    "grossProfit": 1309678000,
    "grossProfitRatio": 0.4332107586,
    "researchAndDevelopmentExpenses": 246101000,
    "generalAndAdministrativeExpenses": 0,
    "sellingAndMarketingExpenses": 0,
    "sellingGeneralAndAdministrativeExpenses": 486338000,
    "otherExpenses": 0,
    "operatingExpenses": 732439000,
    "costAndExpenses": 2445950000,
    "interestIncome": 0,
    "interestExpense": 45788000,
    "depreciationAndAmortization": 89840000,
    "ebitda": 674760000,
    "ebitdaratio": 0.2231947788,
    "operatingIncome": 577239000,
    "operatingIncomeRatio": 0.1909371197,
    "totalOtherIncomeExpensesNet": -38138000,
    "incomeBeforeTax": 528571000,
    "incomeBeforeTaxRatio": 0.174838887,
    "incomeTaxExpense": 116906000,
    "netIncome": 417247000,
    "netIncomeRatio": 0.1380155194,
    "eps": 5.19,
    "epsdiluted": 5.16,
    "weightedAverageShsOut": 80449000,
    "weightedAverageShsOutDil": 80891000,
    "link": "https://www.sec.gov/Archives/edgar/data/51253/000005125316000026/0000051253-16-000026-index.htm",
    "finalLink": "https://www.sec.gov/Archives/edgar/data/51253/000005125316000026/internationalflavors10k2015.htm"
  },
  {
    "date": "2014-12-31",
    "symbol": "IFF",
    "reportedCurrency": "USD",
    "cik": "0000051253",
    "fillingDate": "2015-03-02",
    "acceptedDate": "2015-03-02 17:29:35",
    "calendarYear": "2014",
    "period": "FY",
    "revenue": 3088533000,
    "costOfRevenue": 1714316000,
    "grossProfit": 1374217000,
    "grossProfitRatio": 0.44494166,
    "researchAndDevelopmentExpenses": 253640000,
    "generalAndAdministrativeExpenses": 0,
    "sellingAndMarketingExpenses": 0,
    "sellingGeneralAndAdministrativeExpenses": 514890999,
    "otherExpenses": 0,
    "operatingExpenses": 768531000,
    "costAndExpenses": 2482847000,
    "interestIncome": 0,
    "interestExpense": 45793000,
    "depreciationAndAmortization": 89354000,
    "ebitda": 684208000,
    "ebitdaratio": 0.221531711,
    "operatingIncome": 605686000,
    "operatingIncomeRatio": 0.1961079904,
    "totalOtherIncomeExpensesNet": -56625000,
    "incomeBeforeTax": 549061000,
    "incomeBeforeTaxRatio": 0.1777740435,
    "incomeTaxExpense": 134518000,
    "netIncome": 412143000,
    "netIncomeRatio": 0.1334429647,
    "eps": 5.09,
    "epsdiluted": 5.06,
    "weightedAverageShsOut": 80936000,
    "weightedAverageShsOutDil": 81494000,
    "link": "https://www.sec.gov/Archives/edgar/data/51253/000005125315000004/0000051253-15-000004-index.htm",
    "finalLink": "https://www.sec.gov/Archives/edgar/data/51253/000005125315000004/internationalflavors10k2014.htm"
  },
  {
    "date": "2013-12-31",
    "symbol": "IFF",
    "reportedCurrency": "USD",
    "cik": "0000051253",
    "fillingDate": "2014-02-25",
    "acceptedDate": "2014-02-25 16:51:59",
    "calendarYear": "2013",
    "period": "FY",
    "revenue": 2952896000,
    "costOfRevenue": 1661139000,
    "grossProfit": 1291757000,
    "grossProfitRatio": 0.4374542822,
    "researchAndDevelopmentExpenses": 259838000,
    "generalAndAdministrativeExpenses": 0,
    "sellingAndMarketingExpenses": 0,
    "sellingGeneralAndAdministrativeExpenses": 492866000,
    "otherExpenses": 0,
    "operatingExpenses": 752704000,
    "costAndExpenses": 2413843000,
    "interestIncome": 0,
    "interestExpense": 46562000,
    "depreciationAndAmortization": 83227000,
    "ebitda": 614999000,
    "ebitdaratio": 0.2082697799,
    "operatingIncome": 539053000,
    "operatingIncomeRatio": 0.1825506215,
    "totalOtherIncomeExpensesNet": -53843000,
    "incomeBeforeTax": 485210000,
    "incomeBeforeTaxRatio": 0.1643166573,
    "incomeTaxExpense": 131666000,
    "netIncome": 351244000,
    "netIncomeRatio": 0.1189489911,
    "eps": 4.32,
    "epsdiluted": 4.29,
    "weightedAverageShsOut": 81322000,
    "weightedAverageShsOutDil": 81930000,
    "link": "https://www.sec.gov/Archives/edgar/data/51253/000005125314000004/0000051253-14-000004-index.htm",
    "finalLink": "https://www.sec.gov/Archives/edgar/data/51253/000005125314000004/internationalflavors10k2013.htm"
  },
  {
    "date": "2012-12-31",
    "symbol": "IFF",
    "reportedCurrency": "USD",
    "cik": "0000051253",
    "fillingDate": "2013-02-26",
    "acceptedDate": "2013-02-26 16:43:13",
    "calendarYear": "2012",
    "period": "FY",
    "revenue": 2821446000,
    "costOfRevenue": 1645912000,
    "grossProfit": 1175534000,
    "grossProfitRatio": 0.4166423883,
    "researchAndDevelopmentExpenses": 233713000,
    "generalAndAdministrativeExpenses": 0,
    "sellingAndMarketingExpenses": 0,
    "sellingGeneralAndAdministrativeExpenses": 453535000,
    "otherExpenses": 0,
    "operatingExpenses": 687248000,
    "costAndExpenses": 2333160000,
    "interestIncome": 0,
    "interestExpense": 41753000,
    "depreciationAndAmortization": 76667000,
    "ebitda": 561835000,
    "ebitdaratio": 0.1991301623,
    "operatingIncome": 488286000,
    "operatingIncomeRatio": 0.1730623234,
    "totalOtherIncomeExpensesNet": -44871000,
    "incomeBeforeTax": 443415000,
    "incomeBeforeTaxRatio": 0.157158776,
    "incomeTaxExpense": 189281000,
    "netIncome": 252534000,
    "netIncomeRatio": 0.0895051686,
    "eps": 3.11,
    "epsdiluted": 3.09,
    "weightedAverageShsOut": 81108000,
    "weightedAverageShsOutDil": 81833000,
    "link": "https://www.sec.gov/Archives/edgar/data/51253/000119312513077028/0001193125-13-077028-index.htm",
    "finalLink": "https://www.sec.gov/Archives/edgar/data/51253/000119312513077028/d458316d10k.htm"
  },
  {
    "date": "2011-12-31",
    "symbol": "IFF",
    "reportedCurrency": "USD",
    "cik": "0000051253",
    "fillingDate": "2012-02-28",
    "acceptedDate": "2012-02-28 15:01:51",
    "calendarYear": "2011",
    "period": "FY",
    "revenue": 2788018000,
    "costOfRevenue": 1678206000,
    "grossProfit": 1109812000,
    "grossProfitRatio": 0.3980648618,
    "researchAndDevelopmentExpenses": 219781000,
    "generalAndAdministrativeExpenses": 0,
    "sellingAndMarketingExpenses": 0,
    "sellingGeneralAndAdministrativeExpenses": 410479000,
    "otherExpenses": 0,
    "operatingExpenses": 630260000,
    "costAndExpenses": 2308466000,
    "interestIncome": 0,
    "interestExpense": 44639000,
    "depreciationAndAmortization": 75327000,
    "ebitda": 493512000,
    "ebitdaratio": 0.1770117697,
    "operatingIncome": 479552000,
    "operatingIncomeRatio": 0.1720046284,
    "totalOtherIncomeExpensesNet": -106006000,
    "incomeBeforeTax": 373546000,
    "incomeBeforeTaxRatio": 0.1339826357,
    "incomeTaxExpense": 106680000,
    "netIncome": 265166000,
    "netIncomeRatio": 0.0951091421,
    "eps": 3.3,
    "epsdiluted": 3.26,
    "weightedAverageShsOut": 80456000,
    "weightedAverageShsOutDil": 81467000,
    "link": "https://www.sec.gov/Archives/edgar/data/51253/000119312512084851/0001193125-12-084851-index.htm",
    "finalLink": "https://www.sec.gov/Archives/edgar/data/51253/000119312512084851/d280956d10k.htm"
  },
  {
    "date": "2010-12-31",
    "symbol": "IFF",
    "reportedCurrency": "USD",
    "cik": "0000051253",
    "fillingDate": "2011-02-24",
    "acceptedDate": "2011-02-24 17:03:26",
    "calendarYear": "2010",
    "period": "FY",
    "revenue": 2622862000,
    "costOfRevenue": 1530044000,
    "grossProfit": 1092818000,
    "grossProfitRatio": 0.4166509713,
    "researchAndDevelopmentExpenses": 218772000,
    "generalAndAdministrativeExpenses": 0,
    "sellingAndMarketingExpenses": 0,
    "sellingGeneralAndAdministrativeExpenses": 447392000,
    "otherExpenses": 0,
    "operatingExpenses": 666164000,
    "costAndExpenses": 2196208000,
    "interestIncome": 0,
    "interestExpense": 48709000,
    "depreciationAndAmortization": 79242000,
    "ebitda": 487544000,
    "ebitdaratio": 0.1858824444,
    "operatingIncome": 426654000,
    "operatingIncomeRatio": 0.1626673458,
    "totalOtherIncomeExpensesNet": -67061000,
    "incomeBeforeTax": 359593000,
    "incomeBeforeTaxRatio": 0.1370994738,
    "incomeTaxExpense": 96036000,
    "netIncome": 261857000,
    "netIncomeRatio": 0.099836362,
    "eps": 3.29,
    "epsdiluted": 3.26,
    "weightedAverageShsOut": 79495000,
    "weightedAverageShsOutDil": 80440000,
    "link": "https://www.sec.gov/Archives/edgar/data/51253/000095012311017927/0000950123-11-017927-index.htm",
    "finalLink": "https://www.sec.gov/Archives/edgar/data/51253/000095012311017927/c11287e10vk.htm"
  },
  {
    "date": "2009-12-31",
    "symbol": "IFF",
    "reportedCurrency": "USD",
    "cik": "0000051253",
    "fillingDate": "2010-02-25",
    "acceptedDate": "2010-02-25 17:20:33",
    "calendarYear": "2009",
    "period": "FY",
    "revenue": 2326158000,
    "costOfRevenue": 1397185000,
    "grossProfit": 928973000,
    "grossProfitRatio": 0.3993593728,
    "researchAndDevelopmentExpenses": 193843000,
    "generalAndAdministrativeExpenses": 0,
    "sellingAndMarketingExpenses": 0,
    "sellingGeneralAndAdministrativeExpenses": 370241000,
    "otherExpenses": 0,
    "operatingExpenses": 564084000,
    "costAndExpenses": 1961269000,
    "interestIncome": 0,
    "interestExpense": 57818000,
    "depreciationAndAmortization": 78525000,
    "ebitda": 412892000,
    "ebitdaratio": 0.1774995508,
    "operatingIncome": 364889000,
    "operatingIncomeRatio": 0.1568633773,
    "totalOtherIncomeExpensesNet": -88340000,
    "incomeBeforeTax": 276549000,
    "incomeBeforeTaxRatio": 0.1188865933,
    "incomeTaxExpense": 81023000,
    "netIncome": 194226000,
    "netIncomeRatio": 0.0834964779,
    "eps": 2.48,
    "epsdiluted": 2.46,
    "weightedAverageShsOut": 78403000,
    "weightedAverageShsOutDil": 79094000,
    "link": "https://www.sec.gov/Archives/edgar/data/51253/000119312510040927/0001193125-10-040927-index.htm",
    "finalLink": "https://www.sec.gov/Archives/edgar/data/51253/000119312510040927/d10k.htm"
  },
  {
    "date": "2008-12-31",
    "symbol": "IFF",
    "reportedCurrency": "USD",
    "cik": "0000051253",
    "fillingDate": "2009-02-26",
    "acceptedDate": "2009-02-26 16:49:21",
    "calendarYear": "2008",
    "period": "FY",
    "revenue": 2389372000,
    "costOfRevenue": 1424891000,
    "grossProfit": 964481000,
    "grossProfitRatio": 0.4036546005,
    "researchAndDevelopmentExpenses": 212695000,
    "generalAndAdministrativeExpenses": 0,
    "sellingAndMarketingExpenses": 0,
    "sellingGeneralAndAdministrativeExpenses": 379841000,
    "otherExpenses": 0,
    "operatingExpenses": 592536000,
    "costAndExpenses": 2017427000,
    "interestIncome": 0,
    "interestExpense": 74008000,
    "depreciationAndAmortization": 75986000,
    "ebitda": 430516000,
    "ebitdaratio": 0.1801795618,
    "operatingIncome": 371945000,
    "operatingIncomeRatio": 0.1556664262,
    "totalOtherIncomeExpensesNet": -91423000,
    "incomeBeforeTax": 280522000,
    "incomeBeforeTaxRatio": 0.117404071,
    "incomeTaxExpense": 50894000,
    "netIncome": 229628000,
    "netIncomeRatio": 0.0961039135,
    "eps": 2.89,
    "epsdiluted": 2.86,
    "weightedAverageShsOut": 79032000,
    "weightedAverageShsOutDil": 79723000,
    "link": "https://www.sec.gov/Archives/edgar/data/51253/000095012309003569/0000950123-09-003569-index.htm",
    "finalLink": "https://www.sec.gov/Archives/edgar/data/51253/000095012309003569/y01146e10vk.htm"
  },
  {
    "date": "2007-12-31",
    "symbol": "IFF",
    "reportedCurrency": "USD",
    "cik": "0000051253",
    "fillingDate": "2008-02-27",
    "acceptedDate": "2008-02-27 12:26:03",
    "calendarYear": "2007",
    "period": "FY",
    "revenue": 2276638000,
    "costOfRevenue": 1337302000,
    "grossProfit": 939336000,
    "grossProfitRatio": 0.4125978746,
    "researchAndDevelopmentExpenses": 199023000,
    "generalAndAdministrativeExpenses": 0,
    "sellingAndMarketingExpenses": 0,
    "sellingGeneralAndAdministrativeExpenses": 371287000,
    "otherExpenses": 0,
    "operatingExpenses": 570310000,
    "costAndExpenses": 1907612000,
    "interestIncome": 0,
    "interestExpense": 41535000,
    "depreciationAndAmortization": 82788000,
    "ebitda": 442621000,
    "ebitdaratio": 0.1944186999,
    "operatingIncome": 369026000,
    "operatingIncomeRatio": 0.1620925242,
    "totalOtherIncomeExpensesNet": -40342000,
    "incomeBeforeTax": 328684000,
    "incomeBeforeTaxRatio": 0.1443725353,
    "incomeTaxExpense": 81556000,
    "netIncome": 247128000,
    "netIncomeRatio": 0.1085495366,
    "eps": 2.86,
    "epsdiluted": 2.82,
    "weightedAverageShsOut": 86541000,
    "weightedAverageShsOutDil": 87633000,
    "link": "https://www.sec.gov/Archives/edgar/data/51253/000095013608000919/0000950136-08-000919-index.htm",
    "finalLink": "https://www.sec.gov/Archives/edgar/data/51253/000095013608000919/file1.htm"
  },
  {
    "date": "2006-12-31",
    "symbol": "IFF",
    "reportedCurrency": "USD",
    "cik": "0000051253",
    "fillingDate": "2007-02-23",
    "acceptedDate": "2007-02-22 21:52:47",
    "calendarYear": "2006",
    "period": "FY",
    "revenue": 2095389999,
    "costOfRevenue": 1226102000,
    "grossProfit": 869288000,
    "grossProfitRatio": 0.4148573776,
    "researchAndDevelopmentExpenses": 185692000,
    "generalAndAdministrativeExpenses": 0,
    "sellingAndMarketingExpenses": 0,
    "sellingGeneralAndAdministrativeExpenses": 354923000,
    "otherExpenses": 0,
    "operatingExpenses": 540615000,
    "costAndExpenses": 1766717000,
    "interestIncome": 0,
    "interestExpense": 25549000,
    "depreciationAndAmortization": 89733000,
    "ebitda": 428564000,
    "ebitdaratio": 0.204527081,
    "operatingIncome": 328673000,
    "operatingIncomeRatio": 0.1568552872,
    "totalOtherIncomeExpensesNet": -15391000,
    "incomeBeforeTax": 313282000,
    "incomeBeforeTaxRatio": 0.1495101151,
    "incomeTaxExpense": 86782000,
    "netIncome": 226500000,
    "netIncomeRatio": 0.1080944359,
    "eps": 2.5,
    "epsdiluted": 2.48,
    "weightedAverageShsOut": 90600000,
    "weightedAverageShsOutDil": 91330645,
    "link": "https://www.sec.gov/Archives/edgar/data/51253/000095013607001053/0000950136-07-001053-index.htm",
    "finalLink": "https://www.sec.gov/Archives/edgar/data/51253/000095013607001053/file1.htm"
  },
  {
    "date": "2005-12-31",
    "symbol": "IFF",
    "reportedCurrency": "USD",
    "cik": "0000051253",
    "fillingDate": "2006-03-13",
    "acceptedDate": "2006-03-13 17:32:33",
    "calendarYear": "2005",
    "period": "FY",
    "revenue": 1993393000,
    "costOfRevenue": 1184063000,
    "grossProfit": 809330000,
    "grossProfitRatio": 0.4060062416,
    "researchAndDevelopmentExpenses": 179812000,
    "generalAndAdministrativeExpenses": 0,
    "sellingAndMarketingExpenses": 0,
    "sellingGeneralAndAdministrativeExpenses": 339323000,
    "otherExpenses": 0,
    "operatingExpenses": 519135000,
    "costAndExpenses": 1703198000,
    "interestIncome": 0,
    "interestExpense": 23956000,
    "depreciationAndAmortization": 91928000,
    "ebitda": 402174000,
    "ebitdaratio": 0.2017534927,
    "operatingIncome": 290195000,
    "operatingIncomeRatio": 0.1455784183,
    "totalOtherIncomeExpensesNet": -44007000,
    "incomeBeforeTax": 246188000,
    "incomeBeforeTaxRatio": 0.1235019888,
    "incomeTaxExpense": 53122000,
    "netIncome": 193066000,
    "netIncomeRatio": 0.0968529537,
    "eps": 2.06,
    "epsdiluted": 2.04,
    "weightedAverageShsOut": 93721359,
    "weightedAverageShsOutDil": 94640196,
    "link": "https://www.sec.gov/Archives/edgar/data/51253/000095013606001885/0000950136-06-001885-index.htm",
    "finalLink": "https://www.sec.gov/Archives/edgar/data/51253/000095013606001885/file001.htm"
  },
  {
    "date": "2004-12-31",
    "symbol": "IFF",
    "reportedCurrency": "USD",
    "cik": "0000051253",
    "fillingDate": "2005-03-14",
    "acceptedDate": "2005-03-14 17:14:03",
    "calendarYear": "2004",
    "period": "FY",
    "revenue": 2033653000,
    "costOfRevenue": 1175065000,
    "grossProfit": 858588000,
    "grossProfitRatio": 0.4221900196,
    "researchAndDevelopmentExpenses": 175173000,
    "generalAndAdministrativeExpenses": 0,
    "sellingAndMarketingExpenses": 0,
    "sellingGeneralAndAdministrativeExpenses": 341306000,
    "otherExpenses": 0,
    "operatingExpenses": 516479000,
    "costAndExpenses": 1691544000,
    "interestIncome": 0,
    "interestExpense": 24002000,
    "depreciationAndAmortization": 90996000,
    "ebitda": 470210000,
    "ebitdaratio": 0.2312144697,
    "operatingIncome": 342109000,
    "operatingIncomeRatio": 0.1682238809,
    "totalOtherIncomeExpensesNet": -61107000,
    "incomeBeforeTax": 281002000,
    "incomeBeforeTaxRatio": 0.1381759818,
    "incomeTaxExpense": 84931000,
    "netIncome": 196071000,
    "netIncomeRatio": 0.0964132032,
    "eps": 2.08,
    "epsdiluted": 2.05,
    "weightedAverageShsOut": 94264904,
    "weightedAverageShsOutDil": 95644390,
    "link": "https://www.sec.gov/Archives/edgar/data/51253/000095013605001337/0000950136-05-001337-index.htm",
    "finalLink": "https://www.sec.gov/Archives/edgar/data/51253/000095013605001337/file001.htm"
  },
  {
    "date": "2003-12-31",
    "symbol": "IFF",
    "reportedCurrency": "USD",
    "cik": "0000051253",
    "fillingDate": "2004-03-11",
    "acceptedDate": "2004-03-11 11:02:26",
    "calendarYear": "2003",
    "period": "FY",
    "revenue": 1901520000,
    "costOfRevenue": 1092456000,
    "grossProfit": 809064000,
    "grossProfitRatio": 0.4254827717,
    "researchAndDevelopmentExpenses": 159286000,
    "generalAndAdministrativeExpenses": 308951000,
    "sellingAndMarketingExpenses": 0,
    "sellingGeneralAndAdministrativeExpenses": 308951000,
    "otherExpenses": 12632000,
    "operatingExpenses": 480869000,
    "costAndExpenses": 1573325000,
    "interestIncome": 0,
    "interestExpense": 0,
    "depreciationAndAmortization": 86721000,
    "ebitda": 414916000,
    "ebitdaratio": 0.2182022803,
    "operatingIncome": 285774000,
    "operatingIncomeRatio": 0.1502871387,
    "totalOtherIncomeExpensesNet": -33914000,
    "incomeBeforeTax": 251860000,
    "incomeBeforeTaxRatio": 0.1324519332,
    "incomeTaxExpense": 79263000,
    "netIncome": 172597000,
    "netIncomeRatio": 0.090767912,
    "eps": 1.84,
    "epsdiluted": 1.83,
    "weightedAverageShsOut": 93802717,
    "weightedAverageShsOutDil": 94315301,
    "link": "https://www.sec.gov/Archives/edgar/data/51253/000095013604000700/0000950136-04-000700-index.htm",
    "finalLink": "https://www.sec.gov/Archives/edgar/data/51253/000095013604000700/file001.txt"
  },
  {
    "date": "2002-12-31",
    "symbol": "IFF",
    "reportedCurrency": "USD",
    "cik": "0000051253",
    "fillingDate": "2003-03-25",
    "acceptedDate": "2003-03-25 13:21:32",
    "calendarYear": "2002",
    "period": "FY",
    "revenue": 1809249000,
    "costOfRevenue": 1035835000,
    "grossProfit": 773414000,
    "grossProfitRatio": 0.4274779204,
    "researchAndDevelopmentExpenses": 144027000,
    "generalAndAdministrativeExpenses": 305156000,
    "sellingAndMarketingExpenses": 0,
    "sellingGeneralAndAdministrativeExpenses": 305156000,
    "otherExpenses": 12632000,
    "operatingExpenses": 461815000,
    "costAndExpenses": 1497650000,
    "interestIncome": 0,
    "interestExpense": 0,
    "depreciationAndAmortization": 84458000,
    "ebitda": 396057000,
    "ebitdaratio": 0.2189068503,
    "operatingIncome": 311599000,
    "operatingIncomeRatio": 0.172225603,
    "totalOtherIncomeExpensesNet": -45182000,
    "incomeBeforeTax": 266417000,
    "incomeBeforeTaxRatio": 0.1472528104,
    "incomeTaxExpense": 90473000,
    "netIncome": 175944000,
    "netIncomeRatio": 0.0972469793,
    "eps": 1.86,
    "epsdiluted": 1.84,
    "weightedAverageShsOut": 94593548,
    "weightedAverageShsOutDil": 95621739,
    "link": "https://www.sec.gov/Archives/edgar/data/51253/000095013603000643/0000950136-03-000643-index.htm",
    "finalLink": "https://www.sec.gov/Archives/edgar/data/51253/000095013603000643/file001.txt"
  },
  {
    "date": "2001-12-31",
    "symbol": "IFF",
    "reportedCurrency": "USD",
    "cik": "0000051253",
    "fillingDate": "2002-03-27",
    "acceptedDate": "2002-03-27 00:00:00",
    "calendarYear": "2001",
    "period": "FY",
    "revenue": 1843766000,
    "costOfRevenue": 1063433000,
    "grossProfit": 780333000,
    "grossProfitRatio": 0.4232277849,
    "researchAndDevelopmentExpenses": 135248000,
    "generalAndAdministrativeExpenses": 313335000,
    "sellingAndMarketingExpenses": 0,
    "sellingGeneralAndAdministrativeExpenses": 313335000,
    "otherExpenses": 46089000,
    "operatingExpenses": 494672000,
    "costAndExpenses": 1558105000,
    "interestIncome": 0,
    "interestExpense": 0,
    "depreciationAndAmortization": 123493000,
    "ebitda": 409154000,
    "ebitdaratio": 0.2219121082,
    "operatingIncome": 285661000,
    "operatingIncomeRatio": 0.1549334352,
    "totalOtherIncomeExpensesNet": -97884000,
    "incomeBeforeTax": 187777000,
    "incomeBeforeTaxRatio": 0.1018442687,
    "incomeTaxExpense": 71775000,
    "netIncome": 116002000,
    "netIncomeRatio": 0.062915793,
    "eps": 1.21,
    "epsdiluted": 1.2,
    "weightedAverageShsOut": 95869421,
    "weightedAverageShsOutDil": 96668333,
    "link": "https://www.sec.gov/Archives/edgar/data/51253/000095013002002044/0000950130-02-002044-index.htm",
    "finalLink": "https://www.sec.gov/Archives/edgar/data/51253/000095013002002044/d10k.txt"
  },
  {
    "date": "2000-12-31",
    "symbol": "IFF",
    "reportedCurrency": "USD",
    "cik": "0000051253",
    "fillingDate": "2001-03-30",
    "acceptedDate": "2001-03-30 00:00:00",
    "calendarYear": "2000",
    "period": "FY",
    "revenue": 1462795000,
    "costOfRevenue": 762309000,
    "grossProfit": 700486000,
    "grossProfitRatio": 0.4788681941,
    "researchAndDevelopmentExpenses": 112671000,
    "generalAndAdministrativeExpenses": 258653000,
    "sellingAndMarketingExpenses": 0,
    "sellingGeneralAndAdministrativeExpenses": 258653000,
    "otherExpenses": 69344000,
    "operatingExpenses": 440668000,
    "costAndExpenses": 1202977000,
    "interestIncome": 0,
    "interestExpense": 0,
    "depreciationAndAmortization": 69344000,
    "ebitda": 329162000,
    "ebitdaratio": 0.225022645,
    "operatingIncome": 259818000,
    "operatingIncomeRatio": 0.1776175062,
    "totalOtherIncomeExpensesNet": -75691000,
    "incomeBeforeTax": 184127000,
    "incomeBeforeTaxRatio": 0.1258734136,
    "incomeTaxExpense": 61122000,
    "netIncome": 123005000,
    "netIncomeRatio": 0.0840890214,
    "eps": 1.22,
    "epsdiluted": 1.22,
    "weightedAverageShsOut": 100823770,
    "weightedAverageShsOutDil": 100823770,
    "link": "https://www.sec.gov/Archives/edgar/data/51253/000095010901000802/0000950109-01-000802-index.htm",
    "finalLink": "https://www.sec.gov/Archives/edgar/data/51253/000095010901000802/0000950109-01-000802-0001.txt"
  },
  {
    "date": "1999-12-31",
    "symbol": "IFF",
    "reportedCurrency": "USD",
    "cik": "0000051253",
    "fillingDate": "2000-03-30",
    "acceptedDate": "2000-03-30 00:00:00",
    "calendarYear": "1999",
    "period": "FY",
    "revenue": 1439500000,
    "costOfRevenue": 735400000,
    "grossProfit": 704100000,
    "grossProfitRatio": 0.4891281695,
    "researchAndDevelopmentExpenses": 103800000,
    "generalAndAdministrativeExpenses": 262600000,
    "sellingAndMarketingExpenses": 0,
    "sellingGeneralAndAdministrativeExpenses": 262600000,
    "otherExpenses": 56400000,
    "operatingExpenses": 422800000,
    "costAndExpenses": 1158200000,
    "interestIncome": 0,
    "interestExpense": 0,
    "depreciationAndAmortization": 56400000,
    "ebitda": 337699000,
    "ebitdaratio": 0.2345946509,
    "operatingIncome": 281300000,
    "operatingIncomeRatio": 0.1954150747,
    "totalOtherIncomeExpensesNet": -37799000,
    "incomeBeforeTax": 243500000,
    "incomeBeforeTaxRatio": 0.1691559569,
    "incomeTaxExpense": 81500000,
    "netIncome": 162000000,
    "netIncomeRatio": 0.1125390761,
    "eps": 1.53,
    "epsdiluted": 1.53,
    "weightedAverageShsOut": 105882353,
    "weightedAverageShsOutDil": 105882353,
    "link": "https://www.sec.gov/Archives/edgar/data/51253/000095011000000264/0000950110-00-000264-index.html",
    "finalLink": "https://www.sec.gov/Archives/edgar/data/51253/000095011000000264/"
  },
  {
    "date": "1998-12-31",
    "symbol": "IFF",
    "reportedCurrency": "USD",
    "cik": "0000051253",
    "fillingDate": "1999-03-30",
    "acceptedDate": "1999-03-30 00:00:00",
    "calendarYear": "1998",
    "period": "FY",
    "revenue": 1407300000,
    "costOfRevenue": 714500000,
    "grossProfit": 692800000,
    "grossProfitRatio": 0.4922902011,
    "researchAndDevelopmentExpenses": 98400000,
    "generalAndAdministrativeExpenses": 238700000,
    "sellingAndMarketingExpenses": 0,
    "sellingGeneralAndAdministrativeExpenses": 238700000,
    "otherExpenses": 49000000,
    "operatingExpenses": 386100000,
    "costAndExpenses": 1100600000,
    "interestIncome": 0,
    "interestExpense": 0,
    "depreciationAndAmortization": 49000000,
    "ebitda": 355749000,
    "ebitdaratio": 0.2527883181,
    "operatingIncome": 306700000,
    "operatingIncomeRatio": 0.2179350529,
    "totalOtherIncomeExpensesNet": 4400000,
    "incomeBeforeTax": 311100000,
    "incomeBeforeTaxRatio": 0.2210616073,
    "incomeTaxExpense": 107300000,
    "netIncome": 203800000,
    "netIncomeRatio": 0.1448163149,
    "eps": 1.9,
    "epsdiluted": 1.9,
    "weightedAverageShsOut": 107263158,
    "weightedAverageShsOutDil": 107263158,
    "link": "https://www.sec.gov/Archives/edgar/data/51253/000095011099000422/0000950110-99-000422-index.html",
    "finalLink": "https://www.sec.gov/Archives/edgar/data/51253/"
  },
  {
    "date": "1997-12-31",
    "symbol": "IFF",
    "reportedCurrency": "USD",
    "cik": "0000051253",
    "fillingDate": "1998-03-31",
    "acceptedDate": "1998-03-31 00:00:00",
    "calendarYear": "1997",
    "period": "FY",
    "revenue": 1426800000,
    "costOfRevenue": 722900000,
    "grossProfit": 703900000,
    "grossProfitRatio": 0.4933417438,
    "researchAndDevelopmentExpenses": 94400000,
    "generalAndAdministrativeExpenses": 227100000,
    "sellingAndMarketingExpenses": 0,
    "sellingGeneralAndAdministrativeExpenses": 227100000,
    "otherExpenses": 50300000,
    "operatingExpenses": 371800000,
    "costAndExpenses": 1094700000,
    "interestIncome": 0,
    "interestExpense": 0,
    "depreciationAndAmortization": 50300000,
    "ebitda": 382400000,
    "ebitdaratio": 0.2680123353,
    "operatingIncome": 332100000,
    "operatingIncomeRatio": 0.2327586207,
    "totalOtherIncomeExpensesNet": 8100000,
    "incomeBeforeTax": 340200000,
    "incomeBeforeTaxRatio": 0.2384356602,
    "incomeTaxExpense": 122000000,
    "netIncome": 218200000,
    "netIncomeRatio": 0.1529296327,
    "eps": 2,
    "epsdiluted": 1.99,
    "weightedAverageShsOut": 109100000,
    "weightedAverageShsOutDil": 109648241,
    "link": "https://www.sec.gov/Archives/edgar/data/51253/000095011098000370/0000950110-98-000370-index.html",
    "finalLink": "https://www.sec.gov/Archives/edgar/data/51253/"
  },
  {
    "date": "1996-12-31",
    "symbol": "IFF",
    "reportedCurrency": "USD",
    "cik": "0000051253",
    "fillingDate": "1997-03-31",
    "acceptedDate": "1997-03-31 00:00:00",
    "calendarYear": "1996",
    "period": "FY",
    "revenue": 1436100000,
    "costOfRevenue": 731000000,
    "grossProfit": 705100000,
    "grossProfitRatio": 0.4909825221,
    "researchAndDevelopmentExpenses": 0,
    "generalAndAdministrativeExpenses": 317000000,
    "sellingAndMarketingExpenses": 0,
    "sellingGeneralAndAdministrativeExpenses": 317000000,
    "otherExpenses": 47800000,
    "operatingExpenses": 364800000,
    "costAndExpenses": 1095800000,
    "interestIncome": 0,
    "interestExpense": 0,
    "depreciationAndAmortization": 47800000,
    "ebitda": 388100000,
    "ebitdaratio": 0.2702458046,
    "operatingIncome": 340300000,
    "operatingIncomeRatio": 0.2369612144,
    "totalOtherIncomeExpensesNet": -41200000,
    "incomeBeforeTax": 299100000,
    "incomeBeforeTaxRatio": 0.2082724044,
    "incomeTaxExpense": 109200000,
    "netIncome": 189900000,
    "netIncomeRatio": 0.1322331314,
    "eps": 1.71,
    "epsdiluted": 1.7,
    "weightedAverageShsOut": 111052632,
    "weightedAverageShsOutDil": 111705882,
    "link": "https://www.sec.gov/Archives/edgar/data/51253/000095011097000547/0000950110-97-000547-index.html",
    "finalLink": "https://www.sec.gov/Archives/edgar/data/51253/"
  },
  {
    "date": "1995-12-31",
    "symbol": "IFF",
    "reportedCurrency": "USD",
    "cik": "0000051253",
    "fillingDate": "1996-03-28",
    "acceptedDate": "1996-03-28 00:00:00",
    "calendarYear": "1995",
    "period": "FY",
    "revenue": 1439500000,
    "costOfRevenue": 706300000,
    "grossProfit": 733200000,
    "grossProfitRatio": 0.5093435221,
    "researchAndDevelopmentExpenses": 0,
    "generalAndAdministrativeExpenses": 308500000,
    "sellingAndMarketingExpenses": 0,
    "sellingGeneralAndAdministrativeExpenses": 308500000,
    "otherExpenses": 40700000,
    "operatingExpenses": 349200000,
    "costAndExpenses": 1055500000,
    "interestIncome": 0,
    "interestExpense": 0,
    "depreciationAndAmortization": 40700000,
    "ebitda": 424700000,
    "ebitdaratio": 0.2950329976,
    "operatingIncome": 384000000,
    "operatingIncomeRatio": 0.2667592914,
    "totalOtherIncomeExpensesNet": 9700000,
    "incomeBeforeTax": 393700000,
    "incomeBeforeTaxRatio": 0.2734977423,
    "incomeTaxExpense": 144900000,
    "netIncome": 248800000,
    "netIncomeRatio": 0.1728377909,
    "eps": 2.24,
    "epsdiluted": 2.24,
    "weightedAverageShsOut": 111071429,
    "weightedAverageShsOutDil": 111170213,
    "link": "https://www.sec.gov/Archives/edgar/data/51253/000095011096000305/0000950110-96-000305-index.html",
    "finalLink": "https://www.sec.gov/Archives/edgar/data/51253/"
  },
  {
    "date": "1994-12-31",
    "symbol": "IFF",
    "reportedCurrency": "USD",
    "cik": "0000051253",
    "fillingDate": "1995-03-30",
    "acceptedDate": "1995-03-30 00:00:00",
    "calendarYear": "1994",
    "period": "FY",
    "revenue": 1315200000,
    "costOfRevenue": 641400000,
    "grossProfit": 673800000,
    "grossProfitRatio": 0.5123175182,
    "researchAndDevelopmentExpenses": 0,
    "generalAndAdministrativeExpenses": 288800000,
    "sellingAndMarketingExpenses": 0,
    "sellingGeneralAndAdministrativeExpenses": 288800000,
    "otherExpenses": 36400000,
    "operatingExpenses": 325200000,
    "costAndExpenses": 966600000,
    "interestIncome": 0,
    "interestExpense": 0,
    "depreciationAndAmortization": 36400000,
    "ebitda": 385000000,
    "ebitdaratio": 0.2927311436,
    "operatingIncome": 348600000,
    "operatingIncomeRatio": 0.2650547445,
    "totalOtherIncomeExpensesNet": 11700000,
    "incomeBeforeTax": 360300000,
    "incomeBeforeTaxRatio": 0.2739507299,
    "incomeTaxExpense": 134300000,
    "netIncome": 226000000,
    "netIncomeRatio": 0.171836983,
    "eps": 2.03,
    "epsdiluted": 2.03,
    "weightedAverageShsOut": 111330049,
    "weightedAverageShsOutDil": 111463415,
    "link": "https://www.sec.gov/Archives/edgar/data/51253/000095011095000190/0000950110-95-000190-index.html",
    "finalLink": "https://www.sec.gov/Archives/edgar/data/51253/"
  },
  {
    "date": "1993-12-31",
    "symbol": "IFF",
    "reportedCurrency": "USD",
    "cik": "0000051253",
    "fillingDate": "1993-12-31",
    "acceptedDate": "1993-12-31 00:00:00",
    "calendarYear": "1993",
    "period": "FY",
    "revenue": 1188600000,
    "costOfRevenue": 578700000,
    "grossProfit": 609900000,
    "grossProfitRatio": 0.5131246845,
    "researchAndDevelopmentExpenses": 0,
    "generalAndAdministrativeExpenses": 0,
    "sellingAndMarketingExpenses": 0,
    "sellingGeneralAndAdministrativeExpenses": 268900000,
    "otherExpenses": 35100000,
    "operatingExpenses": 304000000,
    "costAndExpenses": 882700000,
    "interestIncome": 0,
    "interestExpense": 0,
    "depreciationAndAmortization": 35100000,
    "ebitda": 341000000,
    "ebitdaratio": 0.286892142,
    "operatingIncome": 305900000,
    "operatingIncomeRatio": 0.2573616019,
    "totalOtherIncomeExpensesNet": 17900000,
    "incomeBeforeTax": 323800000,
    "incomeBeforeTaxRatio": 0.272421336,
    "incomeTaxExpense": 121300000,
    "netIncome": 202500000,
    "netIncomeRatio": 0.1703685008,
    "eps": 1.78,
    "epsdiluted": 1.77,
    "weightedAverageShsOut": 113764045,
    "weightedAverageShsOutDil": 114406780,
    "link": null,
    "finalLink": null
  },
  {
    "date": "1992-12-31",
    "symbol": "IFF",
    "reportedCurrency": "USD",
    "cik": "0000051253",
    "fillingDate": "1992-12-31",
    "acceptedDate": "1992-12-31 00:00:00",
    "calendarYear": "1992",
    "period": "FY",
    "revenue": 1126400000,
    "costOfRevenue": 548000000,
    "grossProfit": 578400000,
    "grossProfitRatio": 0.5134943182,
    "researchAndDevelopmentExpenses": 0,
    "generalAndAdministrativeExpenses": 0,
    "sellingAndMarketingExpenses": 0,
    "sellingGeneralAndAdministrativeExpenses": 280800000,
    "otherExpenses": 34000000,
    "operatingExpenses": 314800000,
    "costAndExpenses": 862800000,
    "interestIncome": 0,
    "interestExpense": 0,
    "depreciationAndAmortization": 34000000,
    "ebitda": 297600000,
    "ebitdaratio": 0.2642045455,
    "operatingIncome": 263600000,
    "operatingIncomeRatio": 0.2340198864,
    "totalOtherIncomeExpensesNet": 17900000,
    "incomeBeforeTax": 281500000,
    "incomeBeforeTaxRatio": 0.2499112216,
    "incomeTaxExpense": 104800000,
    "netIncome": 170600000,
    "netIncomeRatio": 0.1514559659,
    "eps": 1.48,
    "epsdiluted": 1.48,
    "weightedAverageShsOut": 115270270,
    "weightedAverageShsOutDil": 115270270,
    "link": null,
    "finalLink": null
  },
  {
    "date": "1991-12-31",
    "symbol": "IFF",
    "reportedCurrency": "USD",
    "cik": "0000051253",
    "fillingDate": "1991-12-31",
    "acceptedDate": "1991-12-31 00:00:00",
    "calendarYear": "1991",
    "period": "FY",
    "revenue": 1017000000,
    "costOfRevenue": 498500000,
    "grossProfit": 518500000,
    "grossProfitRatio": 0.5098328417,
    "researchAndDevelopmentExpenses": 0,
    "generalAndAdministrativeExpenses": 0,
    "sellingAndMarketingExpenses": 0,
    "sellingGeneralAndAdministrativeExpenses": 234800000,
    "otherExpenses": 29400000,
    "operatingExpenses": 264200000,
    "costAndExpenses": 762700000,
    "interestIncome": 0,
    "interestExpense": 0,
    "depreciationAndAmortization": 29400000,
    "ebitda": 283700000,
    "ebitdaratio": 0.2789577188,
    "operatingIncome": 254300000,
    "operatingIncomeRatio": 0.2500491642,
    "totalOtherIncomeExpensesNet": 15200000,
    "incomeBeforeTax": 269500000,
    "incomeBeforeTaxRatio": 0.2649950836,
    "incomeTaxExpense": 100800000,
    "netIncome": 168700000,
    "netIncomeRatio": 0.1658800393,
    "eps": 1.47,
    "epsdiluted": 1.47,
    "weightedAverageShsOut": 114761905,
    "weightedAverageShsOutDil": 114761905,
    "link": null,
    "finalLink": null
  },
  {
    "date": "1990-12-31",
    "symbol": "IFF",
    "reportedCurrency": "USD",
    "cik": "0000051253",
    "fillingDate": "1990-12-31",
    "acceptedDate": "1990-12-31 00:00:00",
    "calendarYear": "1990",
    "period": "FY",
    "revenue": 962800000,
    "costOfRevenue": 474600000,
    "grossProfit": 488200000,
    "grossProfitRatio": 0.5070627337,
    "researchAndDevelopmentExpenses": 0,
    "generalAndAdministrativeExpenses": 0,
    "sellingAndMarketingExpenses": 0,
    "sellingGeneralAndAdministrativeExpenses": 220700000,
    "otherExpenses": 28200000,
    "operatingExpenses": 248900000,
    "costAndExpenses": 723500000,
    "interestIncome": 0,
    "interestExpense": 0,
    "depreciationAndAmortization": 28200000,
    "ebitda": 267500000,
    "ebitdaratio": 0.2778354799,
    "operatingIncome": 239300000,
    "operatingIncomeRatio": 0.2485459078,
    "totalOtherIncomeExpensesNet": 12800000,
    "incomeBeforeTax": 252100000,
    "incomeBeforeTaxRatio": 0.2618404653,
    "incomeTaxExpense": 95400000,
    "netIncome": 156700000,
    "netIncomeRatio": 0.1627544661,
    "eps": 1.37,
    "epsdiluted": 1.37,
    "weightedAverageShsOut": 114379562,
    "weightedAverageShsOutDil": 114379562,
    "link": null,
    "finalLink": null
  },
  {
    "date": "1989-12-31",
    "symbol": "IFF",
    "reportedCurrency": "USD",
    "cik": "0000051253",
    "fillingDate": "1989-12-31",
    "acceptedDate": "1989-12-31 00:00:00",
    "calendarYear": "1989",
    "period": "FY",
    "revenue": 869500000,
    "costOfRevenue": 433000000,
    "grossProfit": 436500000,
    "grossProfitRatio": 0.5020126509,
    "researchAndDevelopmentExpenses": 0,
    "generalAndAdministrativeExpenses": 0,
    "sellingAndMarketingExpenses": 0,
    "sellingGeneralAndAdministrativeExpenses": 198100000,
    "otherExpenses": 24300000,
    "operatingExpenses": 222400000,
    "costAndExpenses": 655400000,
    "interestIncome": 0,
    "interestExpense": 0,
    "depreciationAndAmortization": 24300000,
    "ebitda": 238400000,
    "ebitdaratio": 0.2741805635,
    "operatingIncome": 214100000,
    "operatingIncomeRatio": 0.2462334675,
    "totalOtherIncomeExpensesNet": 9000000,
    "incomeBeforeTax": 223100000,
    "incomeBeforeTaxRatio": 0.2565842438,
    "incomeTaxExpense": 84500000,
    "netIncome": 138600000,
    "netIncomeRatio": 0.1594019551,
    "eps": 1.22,
    "epsdiluted": 1.22,
    "weightedAverageShsOut": 113606557,
    "weightedAverageShsOutDil": 113606557,
    "link": null,
    "finalLink": null
  },
  {
    "date": "1988-12-31",
    "symbol": "IFF",
    "reportedCurrency": "USD",
    "cik": "0000051253",
    "fillingDate": "1988-12-31",
    "acceptedDate": "1988-12-30 19:00:00",
    "calendarYear": "1988",
    "period": "FY",
    "revenue": 839500000,
    "costOfRevenue": 414100000,
    "grossProfit": 425400000,
    "grossProfitRatio": 0.5067301965,
    "researchAndDevelopmentExpenses": 0,
    "generalAndAdministrativeExpenses": 0,
    "sellingAndMarketingExpenses": 0,
    "sellingGeneralAndAdministrativeExpenses": 191800000,
    "otherExpenses": 22700000,
    "operatingExpenses": 214500000,
    "costAndExpenses": 628600000,
    "interestIncome": 0,
    "interestExpense": 0,
    "depreciationAndAmortization": 22700000,
    "ebitda": 233600000,
    "ebitdaratio": 0.2782608696,
    "operatingIncome": 210900000,
    "operatingIncomeRatio": 0.2512209649,
    "totalOtherIncomeExpensesNet": -1600000,
    "incomeBeforeTax": 209300000,
    "incomeBeforeTaxRatio": 0.2493150685,
    "incomeTaxExpense": 80600000,
    "netIncome": 128700000,
    "netIncomeRatio": 0.153305539,
    "eps": 1.13,
    "epsdiluted": 1.13,
    "weightedAverageShsOut": 113893805,
    "weightedAverageShsOutDil": 113893805,
    "link": "",
    "finalLink": ""
  },
  {
    "date": "1987-12-31",
    "symbol": "IFF",
    "reportedCurrency": "USD",
    "cik": "0000051253",
    "fillingDate": "1987-12-31",
    "acceptedDate": "1987-12-30 19:00:00",
    "calendarYear": "1987",
    "period": "FY",
    "revenue": 745900000,
    "costOfRevenue": 372600000,
    "grossProfit": 373300000,
    "grossProfitRatio": 0.5004692318,
    "researchAndDevelopmentExpenses": 0,
    "generalAndAdministrativeExpenses": 0,
    "sellingAndMarketingExpenses": 0,
    "sellingGeneralAndAdministrativeExpenses": 173700000,
    "otherExpenses": 20700000,
    "operatingExpenses": 194400000,
    "costAndExpenses": 567000000,
    "interestIncome": 0,
    "interestExpense": 0,
    "depreciationAndAmortization": 20700000,
    "ebitda": 199600000,
    "ebitdaratio": 0.2675961925,
    "operatingIncome": 178900000,
    "operatingIncomeRatio": 0.2398444832,
    "totalOtherIncomeExpensesNet": -3500000,
    "incomeBeforeTax": 175400000,
    "incomeBeforeTaxRatio": 0.2351521652,
    "incomeTaxExpense": 68400000,
    "netIncome": 107000000,
    "netIncomeRatio": 0.1434508647,
    "eps": 0.94,
    "epsdiluted": 0.94,
    "weightedAverageShsOut": 113829787,
    "weightedAverageShsOutDil": 113829787,
    "link": "",
    "finalLink": ""
  },
  {
    "date": "1986-12-31",
    "symbol": "IFF",
    "reportedCurrency": "USD",
    "cik": "0000051253",
    "fillingDate": "1986-12-31",
    "acceptedDate": "1986-12-30 19:00:00",
    "calendarYear": "1986",
    "period": "FY",
    "revenue": 620700000,
    "costOfRevenue": 311000000,
    "grossProfit": 309700000,
    "grossProfitRatio": 0.4989527952,
    "researchAndDevelopmentExpenses": 0,
    "generalAndAdministrativeExpenses": 0,
    "sellingAndMarketingExpenses": 0,
    "sellingGeneralAndAdministrativeExpenses": 151400000,
    "otherExpenses": 18400000,
    "operatingExpenses": 169800000,
    "costAndExpenses": 480800000,
    "interestIncome": 0,
    "interestExpense": 0,
    "depreciationAndAmortization": 18400000,
    "ebitda": 158300000,
    "ebitdaratio": 0.2550346383,
    "operatingIncome": 139900000,
    "operatingIncomeRatio": 0.2253906879,
    "totalOtherIncomeExpensesNet": -600000,
    "incomeBeforeTax": 139300000,
    "incomeBeforeTaxRatio": 0.2244240374,
    "incomeTaxExpense": 53600000,
    "netIncome": 85700000,
    "netIncomeRatio": 0.1380699211,
    "eps": 0.76,
    "epsdiluted": 0.76,
    "weightedAverageShsOut": 112763158,
    "weightedAverageShsOutDil": 112763158,
    "link": "",
    "finalLink": ""
  },
  {
    "date": "1985-12-31",
    "symbol": "IFF",
    "reportedCurrency": "USD",
    "cik": "0000051253",
    "fillingDate": "1985-12-31",
    "acceptedDate": "1985-12-30 19:00:00",
    "calendarYear": "1985",
    "period": "FY",
    "revenue": 501000000,
    "costOfRevenue": 245900000,
    "grossProfit": 255100000,
    "grossProfitRatio": 0.5091816367,
    "researchAndDevelopmentExpenses": 0,
    "generalAndAdministrativeExpenses": 0,
    "sellingAndMarketingExpenses": 0,
    "sellingGeneralAndAdministrativeExpenses": 125700000,
    "otherExpenses": 14600000,
    "operatingExpenses": 140300000,
    "costAndExpenses": 386200000,
    "interestIncome": 0,
    "interestExpense": 0,
    "depreciationAndAmortization": 14600000,
    "ebitda": 129400000,
    "ebitdaratio": 0.2582834331,
    "operatingIncome": 114800000,
    "operatingIncomeRatio": 0.2291417166,
    "totalOtherIncomeExpensesNet": -2200000,
    "incomeBeforeTax": 112600000,
    "incomeBeforeTaxRatio": 0.224750499,
    "incomeTaxExpense": 42900000,
    "netIncome": 69700000,
    "netIncomeRatio": 0.1391217565,
    "eps": 0.63,
    "epsdiluted": 0.63,
    "weightedAverageShsOut": 110634921,
    "weightedAverageShsOutDil": 110634921,
    "link": "",
    "finalLink": ""
  }
]