[
  {
    "date": "2025-06-30",
    "symbol": "INCY",
    "reportedCurrency": "USD",
    "cik": "0000879169",
    "fillingDate": "2025-07-29",
    "acceptedDate": "2025-07-29 16:01:59",
    "calendarYear": "2025",
    "period": "Q2",
    "revenue": 1215529000,
    "costOfRevenue": 78754000,
    "grossProfit": 1136775000,
    "grossProfitRatio": 0.9352101019,
    "researchAndDevelopmentExpenses": 494917000,
    "generalAndAdministrativeExpenses": 331000000,
    "sellingAndMarketingExpenses": 0,
    "sellingGeneralAndAdministrativeExpenses": 331022000,
    "otherExpenses": 0,
    "operatingExpenses": 825939000,
    "costAndExpenses": 904693000,
    "interestIncome": 25136000,
    "interestExpense": 594000,
    "depreciationAndAmortization": 22919000,
    "ebitda": 581525000,
    "ebitdaratio": 0.4784131024,
    "operatingIncome": 530314000,
    "operatingIncomeRatio": 0.4362824745,
    "totalOtherIncomeExpensesNet": 27698000,
    "incomeBeforeTax": 558012000,
    "incomeBeforeTaxRatio": 0.4590692612,
    "incomeTaxExpense": 153013000,
    "netIncome": 404999000,
    "netIncomeRatio": 0.3331874435,
    "eps": 2.09,
    "epsdiluted": 2.04,
    "weightedAverageShsOut": 193853000,
    "weightedAverageShsOutDil": 198526000,
    "link": "https://www.sec.gov/Archives/edgar/data/879169/000087916925000103/0000879169-25-000103-index.htm",
    "finalLink": "https://www.sec.gov/Archives/edgar/data/879169/000087916925000103/incy-20250630.htm"
  },
  {
    "date": "2025-03-31",
    "symbol": "INCY",
    "reportedCurrency": "USD",
    "cik": "0000879169",
    "fillingDate": "2025-04-29",
    "acceptedDate": "2025-04-29 16:02:13",
    "calendarYear": "2025",
    "period": "Q1",
    "revenue": 1052898000,
    "costOfRevenue": 73200000,
    "grossProfit": 979698000,
    "grossProfitRatio": 0.9304775961,
    "researchAndDevelopmentExpenses": 437279000,
    "generalAndAdministrativeExpenses": 325700000,
    "sellingAndMarketingExpenses": 0,
    "sellingGeneralAndAdministrativeExpenses": 325691000,
    "otherExpenses": 11560000,
    "operatingExpenses": 774530000,
    "costAndExpenses": 847730000,
    "interestIncome": 22929000,
    "interestExpense": 660000,
    "depreciationAndAmortization": 22362000,
    "ebitda": 257212000,
    "ebitdaratio": 0.2442895703,
    "operatingIncome": 205168000,
    "operatingIncomeRatio": 0.1948602809,
    "totalOtherIncomeExpensesNet": 29022000,
    "incomeBeforeTax": 234190000,
    "incomeBeforeTaxRatio": 0.2224242044,
    "incomeTaxExpense": 75987000,
    "netIncome": 158203000,
    "netIncomeRatio": 0.1502548205,
    "eps": 0.82,
    "epsdiluted": 0.8,
    "weightedAverageShsOut": 193712000,
    "weightedAverageShsOutDil": 198197000,
    "link": "https://www.sec.gov/Archives/edgar/data/879169/000087916925000056/0000879169-25-000056-index.htm",
    "finalLink": "https://www.sec.gov/Archives/edgar/data/879169/000087916925000056/incy-20250331.htm"
  },
  {
    "date": "2024-12-31",
    "symbol": "INCY",
    "reportedCurrency": "USD",
    "cik": "0000879169",
    "fillingDate": "2025-02-10",
    "acceptedDate": "2025-02-10 16:01:48",
    "calendarYear": "2024",
    "period": "Q4",
    "revenue": 1178698000,
    "costOfRevenue": 88500000,
    "grossProfit": 1090198000,
    "grossProfitRatio": 0.9249171544,
    "researchAndDevelopmentExpenses": 466034000,
    "generalAndAdministrativeExpenses": 326800000,
    "sellingAndMarketingExpenses": 0,
    "sellingGeneralAndAdministrativeExpenses": 326800000,
    "otherExpenses": -4149000,
    "operatingExpenses": 788685000,
    "costAndExpenses": 877185000,
    "interestIncome": 10002000,
    "interestExpense": 419000,
    "depreciationAndAmortization": 22733000,
    "ebitda": 336876000,
    "ebitdaratio": 0.2858034883,
    "operatingIncome": 301513000,
    "operatingIncomeRatio": 0.2558017406,
    "totalOtherIncomeExpensesNet": 12211000,
    "incomeBeforeTax": 313724000,
    "incomeBeforeTaxRatio": 0.2661614765,
    "incomeTaxExpense": 112512000,
    "netIncome": 201212000,
    "netIncomeRatio": 0.1707070004,
    "eps": 1.04,
    "epsdiluted": 1.02,
    "weightedAverageShsOut": 207110000,
    "weightedAverageShsOutDil": 210530000,
    "link": "https://www.sec.gov/Archives/edgar/data/879169/000162828025004633/0001628280-25-004633-index.htm",
    "finalLink": "https://www.sec.gov/Archives/edgar/data/879169/000162828025004633/incy-20241231.htm"
  },
  {
    "date": "2024-09-30",
    "symbol": "INCY",
    "reportedCurrency": "USD",
    "cik": "0000879169",
    "fillingDate": "2024-10-29",
    "acceptedDate": "2024-10-29 16:02:00",
    "calendarYear": "2024",
    "period": "Q3",
    "revenue": 1137871000,
    "costOfRevenue": 86000000,
    "grossProfit": 1051871000,
    "grossProfitRatio": 0.924420255,
    "researchAndDevelopmentExpenses": 573174000,
    "generalAndAdministrativeExpenses": 309200000,
    "sellingAndMarketingExpenses": 0,
    "sellingGeneralAndAdministrativeExpenses": 309200000,
    "otherExpenses": 23419000,
    "operatingExpenses": 905793000,
    "costAndExpenses": 991786000,
    "interestIncome": 24195000,
    "interestExpense": 774000,
    "depreciationAndAmortization": 22520000,
    "ebitda": 179818000,
    "ebitdaratio": 0.1580302161,
    "operatingIncome": 146085000,
    "operatingIncomeRatio": 0.1283845005,
    "totalOtherIncomeExpensesNet": 10439000,
    "incomeBeforeTax": 156524000,
    "incomeBeforeTaxRatio": 0.1375586512,
    "incomeTaxExpense": 50068000,
    "netIncome": 106456000,
    "netIncomeRatio": 0.0935571783,
    "eps": 0.55,
    "epsdiluted": 0.54,
    "weightedAverageShsOut": 192629000,
    "weightedAverageShsOutDil": 195838000,
    "link": "https://www.sec.gov/Archives/edgar/data/879169/000087916924000172/0000879169-24-000172-index.htm",
    "finalLink": "https://www.sec.gov/Archives/edgar/data/879169/000087916924000172/incy-20240930.htm"
  },
  {
    "date": "2024-06-30",
    "symbol": "INCY",
    "reportedCurrency": "USD",
    "cik": "0000879169",
    "fillingDate": "2024-07-30",
    "acceptedDate": "2024-07-30 16:10:17",
    "calendarYear": "2024",
    "period": "Q2",
    "revenue": 1043759000,
    "costOfRevenue": 92982000,
    "grossProfit": 950777000,
    "grossProfitRatio": 0.9109162172,
    "researchAndDevelopmentExpenses": 1138380000,
    "generalAndAdministrativeExpenses": 285800000,
    "sellingAndMarketingExpenses": 3834000,
    "sellingGeneralAndAdministrativeExpenses": 289634000,
    "otherExpenses": 0,
    "operatingExpenses": 1428014000,
    "costAndExpenses": 1520996000,
    "interestIncome": 49769000,
    "interestExpense": 657000,
    "depreciationAndAmortization": 22048000,
    "ebitda": -367072000,
    "ebitdaratio": -0.351682716,
    "operatingIncome": -477237000,
    "operatingIncomeRatio": -0.4572291113,
    "totalOtherIncomeExpensesNet": 88353000,
    "incomeBeforeTax": -389777000,
    "incomeBeforeTaxRatio": -0.3734358219,
    "incomeTaxExpense": 54824000,
    "netIncome": -444601000,
    "netIncomeRatio": -0.425961357,
    "eps": -2.04,
    "epsdiluted": -2.04,
    "weightedAverageShsOut": 218175000,
    "weightedAverageShsOutDil": 218175000,
    "link": "https://www.sec.gov/Archives/edgar/data/879169/000087916924000149/0000879169-24-000149-index.htm",
    "finalLink": "https://www.sec.gov/Archives/edgar/data/879169/000087916924000149/incy-20240630.htm"
  },
  {
    "date": "2024-03-31",
    "symbol": "INCY",
    "reportedCurrency": "USD",
    "cik": "0000879169",
    "fillingDate": "2024-04-30",
    "acceptedDate": "2024-04-30 16:02:03",
    "calendarYear": "2024",
    "period": "Q1",
    "revenue": 880889000,
    "costOfRevenue": 61000000,
    "grossProfit": 819889000,
    "grossProfitRatio": 0.9307517746,
    "researchAndDevelopmentExpenses": 429260000,
    "generalAndAdministrativeExpenses": 300300000,
    "sellingAndMarketingExpenses": 0,
    "sellingGeneralAndAdministrativeExpenses": 300300000,
    "otherExpenses": -1025000,
    "operatingExpenses": 728535000,
    "costAndExpenses": 789535000,
    "interestIncome": 44744000,
    "interestExpense": 430000,
    "depreciationAndAmortization": 21947000,
    "ebitda": 114143000,
    "ebitdaratio": 0.1295770523,
    "operatingIncome": 91898000,
    "operatingIncomeRatio": 0.1043241543,
    "totalOtherIncomeExpensesNet": 144261000,
    "incomeBeforeTax": 236159000,
    "incomeBeforeTaxRatio": 0.2680916665,
    "incomeTaxExpense": 66611000,
    "netIncome": 169548000,
    "netIncomeRatio": 0.1924737396,
    "eps": 0.76,
    "epsdiluted": 0.75,
    "weightedAverageShsOut": 224484000,
    "weightedAverageShsOutDil": 227219000,
    "link": "https://www.sec.gov/Archives/edgar/data/879169/000087916924000077/0000879169-24-000077-index.htm",
    "finalLink": "https://www.sec.gov/Archives/edgar/data/879169/000087916924000077/incy-20240331.htm"
  },
  {
    "date": "2023-12-31",
    "symbol": "INCY",
    "reportedCurrency": "USD",
    "cik": "0000879169",
    "fillingDate": "2024-02-16",
    "acceptedDate": "2024-02-16 16:04:47",
    "calendarYear": "2023",
    "period": "Q4",
    "revenue": 1013341000,
    "costOfRevenue": 69800000,
    "grossProfit": 943541000,
    "grossProfitRatio": 0.9311189422,
    "researchAndDevelopmentExpenses": 444494000,
    "generalAndAdministrativeExpenses": 71346000,
    "sellingAndMarketingExpenses": 221900000,
    "sellingGeneralAndAdministrativeExpenses": 293246000,
    "otherExpenses": 18531000,
    "operatingExpenses": 756271000,
    "costAndExpenses": 826071000,
    "interestIncome": 50436000,
    "interestExpense": 804000,
    "depreciationAndAmortization": 21762000,
    "ebitda": 293522000,
    "ebitdaratio": 0.2896576769,
    "operatingIncome": 187270000,
    "operatingIncomeRatio": 0.1848045229,
    "totalOtherIncomeExpensesNet": 83686000,
    "incomeBeforeTax": 270956000,
    "incomeBeforeTaxRatio": 0.2673887665,
    "incomeTaxExpense": 69877000,
    "netIncome": 201079000,
    "netIncomeRatio": 0.1984317224,
    "eps": 0.9,
    "epsdiluted": 0.89,
    "weightedAverageShsOut": 224226000,
    "weightedAverageShsOutDil": 226125000,
    "link": "https://www.sec.gov/Archives/edgar/data/879169/000087916924000062/0000879169-24-000062-index.htm",
    "finalLink": "https://www.sec.gov/Archives/edgar/data/879169/000087916924000062/incy-20231231.htm"
  },
  {
    "date": "2023-09-30",
    "symbol": "INCY",
    "reportedCurrency": "USD",
    "cik": "0000879169",
    "fillingDate": "2023-10-31",
    "acceptedDate": "2023-10-31 16:02:05",
    "calendarYear": "2023",
    "period": "Q3",
    "revenue": 919025000,
    "costOfRevenue": 60091000,
    "grossProfit": 858934000,
    "grossProfitRatio": 0.9346144011,
    "researchAndDevelopmentExpenses": 375709000,
    "generalAndAdministrativeExpenses": 267900000,
    "sellingAndMarketingExpenses": -7000,
    "sellingGeneralAndAdministrativeExpenses": 267893000,
    "otherExpenses": 1053000,
    "operatingExpenses": 644655000,
    "costAndExpenses": 704746000,
    "interestIncome": 46371000,
    "interestExpense": 623000,
    "depreciationAndAmortization": 21390000,
    "ebitda": 236451000,
    "ebitdaratio": 0.2572846223,
    "operatingIncome": 214705000,
    "operatingIncomeRatio": 0.2336225892,
    "totalOtherIncomeExpensesNet": 19094000,
    "incomeBeforeTax": 233799000,
    "incomeBeforeTaxRatio": 0.2543989554,
    "incomeTaxExpense": 62530000,
    "netIncome": 171269000,
    "netIncomeRatio": 0.186359457,
    "eps": 0.76,
    "epsdiluted": 0.76,
    "weightedAverageShsOut": 224078000,
    "weightedAverageShsOutDil": 226167000,
    "link": "https://www.sec.gov/Archives/edgar/data/879169/000087916923000041/0000879169-23-000041-index.htm",
    "finalLink": "https://www.sec.gov/Archives/edgar/data/879169/000087916923000041/incy-20230930.htm"
  },
  {
    "date": "2023-06-30",
    "symbol": "INCY",
    "reportedCurrency": "USD",
    "cik": "0000879169",
    "fillingDate": "2023-08-01",
    "acceptedDate": "2023-08-01 16:02:22",
    "calendarYear": "2023",
    "period": "Q2",
    "revenue": 954610000,
    "costOfRevenue": 68300000,
    "grossProfit": 886310000,
    "grossProfitRatio": 0.928452457,
    "researchAndDevelopmentExpenses": 400750000,
    "generalAndAdministrativeExpenses": 283900000,
    "sellingAndMarketingExpenses": 0,
    "sellingGeneralAndAdministrativeExpenses": 283900000,
    "otherExpenses": 0,
    "operatingExpenses": 684101000,
    "costAndExpenses": 752401000,
    "interestIncome": 42668000,
    "interestExpense": 655000,
    "depreciationAndAmortization": 20297000,
    "ebitda": 222957000,
    "ebitdaratio": 0.233558207,
    "operatingIncome": 193780000,
    "operatingIncomeRatio": 0.2029938928,
    "totalOtherIncomeExpensesNet": 83824000,
    "incomeBeforeTax": 277604000,
    "incomeBeforeTaxRatio": 0.2908035742,
    "incomeTaxExpense": 74056000,
    "netIncome": 203548000,
    "netIncomeRatio": 0.2132263437,
    "eps": 0.91,
    "epsdiluted": 0.9,
    "weightedAverageShsOut": 223248000,
    "weightedAverageShsOutDil": 225649000,
    "link": "https://www.sec.gov/Archives/edgar/data/879169/000087916923000025/0000879169-23-000025-index.htm",
    "finalLink": "https://www.sec.gov/Archives/edgar/data/879169/000087916923000025/incy-20230630.htm"
  },
  {
    "date": "2023-03-31",
    "symbol": "INCY",
    "reportedCurrency": "USD",
    "cik": "0000879169",
    "fillingDate": "2023-05-02",
    "acceptedDate": "2023-05-02 16:03:00",
    "calendarYear": "2023",
    "period": "Q1",
    "revenue": 808673000,
    "costOfRevenue": 56822000,
    "grossProfit": 751851000,
    "grossProfitRatio": 0.9297342684,
    "researchAndDevelopmentExpenses": 406641000,
    "generalAndAdministrativeExpenses": 315600000,
    "sellingAndMarketingExpenses": 6000,
    "sellingGeneralAndAdministrativeExpenses": 315606000,
    "otherExpenses": -1362000,
    "operatingExpenses": 720885000,
    "costAndExpenses": 777707000,
    "interestIncome": 32873000,
    "interestExpense": 469000,
    "depreciationAndAmortization": 19211000,
    "ebitda": 50907000,
    "ebitdaratio": 0.0629512794,
    "operatingIncome": 90456000,
    "operatingIncomeRatio": 0.1118573268,
    "totalOtherIncomeExpensesNet": 27086000,
    "incomeBeforeTax": 51856000,
    "incomeBeforeTaxRatio": 0.0641248069,
    "incomeTaxExpense": 30153000,
    "netIncome": 21703000,
    "netIncomeRatio": 0.0268377948,
    "eps": 0.0973,
    "epsdiluted": 0.0962,
    "weightedAverageShsOut": 222960000,
    "weightedAverageShsOutDil": 225589000,
    "link": "https://www.sec.gov/Archives/edgar/data/879169/000087916923000016/0000879169-23-000016-index.htm",
    "finalLink": "https://www.sec.gov/Archives/edgar/data/879169/000087916923000016/incy-20230331.htm"
  },
  {
    "date": "2022-12-31",
    "symbol": "INCY",
    "reportedCurrency": "USD",
    "cik": "0000879169",
    "fillingDate": "2023-02-07",
    "acceptedDate": "2023-02-07 16:02:05",
    "calendarYear": "2022",
    "period": "Q4",
    "revenue": 926700000,
    "costOfRevenue": 59163000,
    "grossProfit": 867537000,
    "grossProfitRatio": 0.9361573325,
    "researchAndDevelopmentExpenses": 501360000,
    "generalAndAdministrativeExpenses": 272800000,
    "sellingAndMarketingExpenses": -60000,
    "sellingGeneralAndAdministrativeExpenses": 272819000,
    "otherExpenses": -1082000,
    "operatingExpenses": 773097000,
    "costAndExpenses": 832260000,
    "interestIncome": 0,
    "interestExpense": 667000,
    "depreciationAndAmortization": 18218000,
    "ebitda": 99500000,
    "ebitdaratio": 0.1073702385,
    "operatingIncome": 102859000,
    "operatingIncomeRatio": 0.1109949282,
    "totalOtherIncomeExpensesNet": 10522000,
    "incomeBeforeTax": 80615000,
    "incomeBeforeTaxRatio": 0.0869914751,
    "incomeTaxExpense": 52154000,
    "netIncome": 28461000,
    "netIncomeRatio": 0.0307122046,
    "eps": 0.13,
    "epsdiluted": 0.13,
    "weightedAverageShsOut": 222615000,
    "weightedAverageShsOutDil": 224840000,
    "link": "https://www.sec.gov/Archives/edgar/data/879169/000087916923000008/0000879169-23-000008-index.htm",
    "finalLink": "https://www.sec.gov/Archives/edgar/data/879169/000087916923000008/incy-20221231.htm"
  },
  {
    "date": "2022-09-30",
    "symbol": "INCY",
    "reportedCurrency": "USD",
    "cik": "0000879169",
    "fillingDate": "2022-11-01",
    "acceptedDate": "2022-11-01 16:06:15",
    "calendarYear": "2022",
    "period": "Q3",
    "revenue": 823303000,
    "costOfRevenue": 54600000,
    "grossProfit": 768703000,
    "grossProfitRatio": 0.9336817672,
    "researchAndDevelopmentExpenses": 384007000,
    "generalAndAdministrativeExpenses": 266500000,
    "sellingAndMarketingExpenses": 0,
    "sellingGeneralAndAdministrativeExpenses": 266500000,
    "otherExpenses": 1769000,
    "operatingExpenses": 652276000,
    "costAndExpenses": 706876000,
    "interestIncome": 11513000,
    "interestExpense": 641000,
    "depreciationAndAmortization": 16692000,
    "ebitda": 133840000,
    "ebitdaratio": 0.1625646937,
    "operatingIncome": 138376000,
    "operatingIncomeRatio": 0.1680742084,
    "totalOtherIncomeExpensesNet": 10212000,
    "incomeBeforeTax": 148588000,
    "incomeBeforeTaxRatio": 0.1804779042,
    "incomeTaxExpense": 35813000,
    "netIncome": 112775000,
    "netIncomeRatio": 0.1369787308,
    "eps": 0.51,
    "epsdiluted": 0.5,
    "weightedAverageShsOut": 222415000,
    "weightedAverageShsOutDil": 224175000,
    "link": "https://www.sec.gov/Archives/edgar/data/879169/000087916922000010/0000879169-22-000010-index.htm",
    "finalLink": "https://www.sec.gov/Archives/edgar/data/879169/000087916922000010/incy-20220930.htm"
  },
  {
    "date": "2022-06-30",
    "symbol": "INCY",
    "reportedCurrency": "USD",
    "cik": "0000879169",
    "fillingDate": "2022-08-02",
    "acceptedDate": "2022-08-02 16:03:26",
    "calendarYear": "2022",
    "period": "Q2",
    "revenue": 911397000,
    "costOfRevenue": 50636000,
    "grossProfit": 860761000,
    "grossProfitRatio": 0.9444413357,
    "researchAndDevelopmentExpenses": 347196000,
    "generalAndAdministrativeExpenses": 253300000,
    "sellingAndMarketingExpenses": -23000,
    "sellingGeneralAndAdministrativeExpenses": 253277000,
    "otherExpenses": 522000,
    "operatingExpenses": 603017000,
    "costAndExpenses": 653653000,
    "interestIncome": 522000,
    "interestExpense": 678000,
    "depreciationAndAmortization": 16507000,
    "ebitda": 274942000,
    "ebitdaratio": 0.3016709513,
    "operatingIncome": 254431000,
    "operatingIncomeRatio": 0.2791659398,
    "totalOtherIncomeExpensesNet": -25053000,
    "incomeBeforeTax": 229378000,
    "incomeBeforeTaxRatio": 0.25167737,
    "incomeTaxExpense": 67946000,
    "netIncome": 161432000,
    "netIncomeRatio": 0.1771258848,
    "eps": 0.73,
    "epsdiluted": 0.72,
    "weightedAverageShsOut": 221660000,
    "weightedAverageShsOutDil": 223661000,
    "link": "https://www.sec.gov/Archives/edgar/data/879169/000155837022011631/0001558370-22-011631-index.htm",
    "finalLink": "https://www.sec.gov/Archives/edgar/data/879169/000155837022011631/incy-20220630x10q.htm"
  },
  {
    "date": "2022-03-31",
    "symbol": "INCY",
    "reportedCurrency": "USD",
    "cik": "0000879169",
    "fillingDate": "2022-05-03",
    "acceptedDate": "2022-05-03 16:08:23",
    "calendarYear": "2022",
    "period": "Q1",
    "revenue": 733235000,
    "costOfRevenue": 42614000,
    "grossProfit": 690621000,
    "grossProfitRatio": 0.9418822069,
    "researchAndDevelopmentExpenses": 353373000,
    "generalAndAdministrativeExpenses": 209600000,
    "sellingAndMarketingExpenses": -16000,
    "sellingGeneralAndAdministrativeExpenses": 209584000,
    "otherExpenses": 1260000,
    "operatingExpenses": 567699000,
    "costAndExpenses": 610313000,
    "interestIncome": 1260000,
    "interestExpense": 680000,
    "depreciationAndAmortization": 16438000,
    "ebitda": 140085000,
    "ebitdaratio": 0.1910506182,
    "operatingIncome": 116540000,
    "operatingIncomeRatio": 0.1589394942,
    "totalOtherIncomeExpensesNet": -46005000,
    "incomeBeforeTax": 70535000,
    "incomeBeforeTaxRatio": 0.0961969901,
    "incomeTaxExpense": 32543000,
    "netIncome": 37992000,
    "netIncomeRatio": 0.0518142205,
    "eps": 0.17,
    "epsdiluted": 0.17,
    "weightedAverageShsOut": 221326000,
    "weightedAverageShsOutDil": 222950000,
    "link": "https://www.sec.gov/Archives/edgar/data/879169/000155837022006808/0001558370-22-006808-index.htm",
    "finalLink": "https://www.sec.gov/Archives/edgar/data/879169/000155837022006808/incy-20220331x10q.htm"
  },
  {
    "date": "2021-12-31",
    "symbol": "INCY",
    "reportedCurrency": "USD",
    "cik": "0000879169",
    "fillingDate": "2022-02-08",
    "acceptedDate": "2022-02-08 16:05:11",
    "calendarYear": "2021",
    "period": "Q4",
    "revenue": 862853000,
    "costOfRevenue": 43874000,
    "grossProfit": 818979000,
    "grossProfitRatio": 0.9491524049,
    "researchAndDevelopmentExpenses": 472827000,
    "generalAndAdministrativeExpenses": 226200000,
    "sellingAndMarketingExpenses": 2000,
    "sellingGeneralAndAdministrativeExpenses": 226202000,
    "otherExpenses": 5716000,
    "operatingExpenses": 706572000,
    "costAndExpenses": 750446000,
    "interestIncome": 0,
    "interestExpense": 752000,
    "depreciationAndAmortization": 14858000,
    "ebitda": 135630000,
    "ebitdaratio": 0.1571878408,
    "operatingIncome": 110734000,
    "operatingIncomeRatio": 0.1283347221,
    "totalOtherIncomeExpensesNet": 9286000,
    "incomeBeforeTax": 120020000,
    "incomeBeforeTaxRatio": 0.1390966943,
    "incomeTaxExpense": -443831000,
    "netIncome": 563851000,
    "netIncomeRatio": 0.6534728395,
    "eps": 2.55,
    "epsdiluted": 2.54,
    "weightedAverageShsOut": 220984000,
    "weightedAverageShsOutDil": 221989000,
    "link": "https://www.sec.gov/Archives/edgar/data/879169/000155837022000902/0001558370-22-000902-index.htm",
    "finalLink": "https://www.sec.gov/Archives/edgar/data/879169/000155837022000902/incy-20211231x10k.htm"
  },
  {
    "date": "2021-09-30",
    "symbol": "INCY",
    "reportedCurrency": "USD",
    "cik": "0000879169",
    "fillingDate": "2021-11-02",
    "acceptedDate": "2021-11-02 17:05:13",
    "calendarYear": "2021",
    "period": "Q3",
    "revenue": 812987000,
    "costOfRevenue": 39900000,
    "grossProfit": 773087000,
    "grossProfitRatio": 0.9509217245,
    "researchAndDevelopmentExpenses": 334945000,
    "generalAndAdministrativeExpenses": 190700000,
    "sellingAndMarketingExpenses": 0,
    "sellingGeneralAndAdministrativeExpenses": 190700000,
    "otherExpenses": 1948000,
    "operatingExpenses": 534794000,
    "costAndExpenses": 574694000,
    "interestIncome": 0,
    "interestExpense": 439000,
    "depreciationAndAmortization": 14691000,
    "ebitda": 224599000,
    "ebitdaratio": 0.2762639501,
    "operatingIncome": 235410000,
    "operatingIncomeRatio": 0.2895618257,
    "totalOtherIncomeExpensesNet": -25941000,
    "incomeBeforeTax": 209469000,
    "incomeBeforeTaxRatio": 0.2576535664,
    "incomeTaxExpense": 27730000,
    "netIncome": 181739000,
    "netIncomeRatio": 0.2235447799,
    "eps": 0.82,
    "epsdiluted": 0.82,
    "weightedAverageShsOut": 220845000,
    "weightedAverageShsOutDil": 222248000,
    "link": "https://www.sec.gov/Archives/edgar/data/879169/000155837021014131/0001558370-21-014131-index.htm",
    "finalLink": "https://www.sec.gov/Archives/edgar/data/879169/000155837021014131/incy-20210930x10q.htm"
  },
  {
    "date": "2021-06-30",
    "symbol": "INCY",
    "reportedCurrency": "USD",
    "cik": "0000879169",
    "fillingDate": "2021-08-03",
    "acceptedDate": "2021-08-03 16:03:51",
    "calendarYear": "2021",
    "period": "Q2",
    "revenue": 705709000,
    "costOfRevenue": 38000000,
    "grossProfit": 667709000,
    "grossProfitRatio": 0.9461534428,
    "researchAndDevelopmentExpenses": 343511000,
    "generalAndAdministrativeExpenses": 168900000,
    "sellingAndMarketingExpenses": 0,
    "sellingGeneralAndAdministrativeExpenses": 168900000,
    "otherExpenses": 4390000,
    "operatingExpenses": 522254000,
    "costAndExpenses": 560254000,
    "interestIncome": 0,
    "interestExpense": 358000,
    "depreciationAndAmortization": 14457000,
    "ebitda": 186448000,
    "ebitdaratio": 0.2641995497,
    "operatingIncome": 140836000,
    "operatingIncomeRatio": 0.1995666769,
    "totalOtherIncomeExpensesNet": 30797000,
    "incomeBeforeTax": 171633000,
    "incomeBeforeTaxRatio": 0.2432064775,
    "incomeTaxExpense": 22177000,
    "netIncome": 149456000,
    "netIncomeRatio": 0.2117813433,
    "eps": 0.68,
    "epsdiluted": 0.67,
    "weightedAverageShsOut": 220083000,
    "weightedAverageShsOutDil": 222250000,
    "link": "https://www.sec.gov/Archives/edgar/data/879169/000155837021009975/0001558370-21-009975-index.htm",
    "finalLink": "https://www.sec.gov/Archives/edgar/data/879169/000155837021009975/incy-20210630x10q.htm"
  },
  {
    "date": "2021-03-31",
    "symbol": "INCY",
    "reportedCurrency": "USD",
    "cik": "0000879169",
    "fillingDate": "2021-05-04",
    "acceptedDate": "2021-05-04 16:10:21",
    "calendarYear": "2021",
    "period": "Q1",
    "revenue": 604718000,
    "costOfRevenue": 29220000,
    "grossProfit": 575498000,
    "grossProfitRatio": 0.9516799566,
    "researchAndDevelopmentExpenses": 306896000,
    "generalAndAdministrativeExpenses": 153800000,
    "sellingAndMarketingExpenses": -5000,
    "sellingGeneralAndAdministrativeExpenses": 153795000,
    "otherExpenses": -1407000,
    "operatingExpenses": 471175000,
    "costAndExpenses": 500395000,
    "interestIncome": 0,
    "interestExpense": 359000,
    "depreciationAndAmortization": 13838000,
    "ebitda": 117812000,
    "ebitdaratio": 0.1948213878,
    "operatingIncome": 98797000,
    "operatingIncomeRatio": 0.163376979,
    "totalOtherIncomeExpensesNet": -29475000,
    "incomeBeforeTax": 69322000,
    "incomeBeforeTaxRatio": 0.1146352515,
    "incomeTaxExpense": 15787000,
    "netIncome": 53535000,
    "netIncomeRatio": 0.088528868,
    "eps": 0.24,
    "epsdiluted": 0.24,
    "weightedAverageShsOut": 219801000,
    "weightedAverageShsOutDil": 221876000,
    "link": "https://www.sec.gov/Archives/edgar/data/879169/000155837021005692/0001558370-21-005692-index.htm",
    "finalLink": "https://www.sec.gov/Archives/edgar/data/879169/000155837021005692/incy-20210331x10q.htm"
  },
  {
    "date": "2020-12-31",
    "symbol": "INCY",
    "reportedCurrency": "USD",
    "cik": "0000879169",
    "fillingDate": "2021-02-09",
    "acceptedDate": "2021-02-09 16:05:42",
    "calendarYear": "2020",
    "period": "Q4",
    "revenue": 789509000,
    "costOfRevenue": 36323000,
    "grossProfit": 753186000,
    "grossProfitRatio": 0.9539929247,
    "researchAndDevelopmentExpenses": 405945000,
    "generalAndAdministrativeExpenses": 167000000,
    "sellingAndMarketingExpenses": -12000,
    "sellingGeneralAndAdministrativeExpenses": 166988000,
    "otherExpenses": 4810000,
    "operatingExpenses": 585362000,
    "costAndExpenses": 621685000,
    "interestIncome": 0,
    "interestExpense": 428000,
    "depreciationAndAmortization": 13166000,
    "ebitda": 181696000,
    "ebitdaratio": 0.2301379718,
    "operatingIncome": 164229000,
    "operatingIncomeRatio": 0.2080140948,
    "totalOtherIncomeExpensesNet": 3873000,
    "incomeBeforeTax": 168102000,
    "incomeBeforeTaxRatio": 0.2129196754,
    "incomeTaxExpense": 18252000,
    "netIncome": 149850000,
    "netIncomeRatio": 0.1898015095,
    "eps": 0.68,
    "epsdiluted": 0.68,
    "weightedAverageShsOut": 219239000,
    "weightedAverageShsOutDil": 221228000,
    "link": "https://www.sec.gov/Archives/edgar/data/879169/000155837021000825/0001558370-21-000825-index.htm",
    "finalLink": "https://www.sec.gov/Archives/edgar/data/879169/000155837021000825/incy-20201231x10k.htm"
  },
  {
    "date": "2020-09-30",
    "symbol": "INCY",
    "reportedCurrency": "USD",
    "cik": "0000879169",
    "fillingDate": "2020-11-05",
    "acceptedDate": "2020-11-05 16:03:33",
    "calendarYear": "2020",
    "period": "Q3",
    "revenue": 620643000,
    "costOfRevenue": 34300000,
    "grossProfit": 586343000,
    "grossProfitRatio": 0.9447347348,
    "researchAndDevelopmentExpenses": 438109000,
    "generalAndAdministrativeExpenses": 114625000,
    "sellingAndMarketingExpenses": 6400000,
    "sellingGeneralAndAdministrativeExpenses": 121025000,
    "otherExpenses": 4917000,
    "operatingExpenses": 573898000,
    "costAndExpenses": 608198000,
    "interestIncome": 0,
    "interestExpense": 544000,
    "depreciationAndAmortization": 12949000,
    "ebitda": 9985000,
    "ebitdaratio": 0.0160881537,
    "operatingIncome": 5326000,
    "operatingIncomeRatio": 0.0085814228,
    "totalOtherIncomeExpensesNet": -8834000,
    "incomeBeforeTax": -3508000,
    "incomeBeforeTaxRatio": -0.0056522026,
    "incomeTaxExpense": 11695000,
    "netIncome": -15203000,
    "netIncomeRatio": -0.0244955635,
    "eps": -0.07,
    "epsdiluted": -0.0695,
    "weightedAverageShsOut": 217185714,
    "weightedAverageShsOutDil": 218784000,
    "link": "https://www.sec.gov/Archives/edgar/data/879169/000155837020012834/0001558370-20-012834-index.htm",
    "finalLink": "https://www.sec.gov/Archives/edgar/data/879169/000155837020012834/incy-20200930x10q.htm"
  },
  {
    "date": "2020-06-30",
    "symbol": "INCY",
    "reportedCurrency": "USD",
    "cik": "0000879169",
    "fillingDate": "2020-08-04",
    "acceptedDate": "2020-08-04 16:56:06",
    "calendarYear": "2020",
    "period": "Q2",
    "revenue": 688043000,
    "costOfRevenue": 33400000,
    "grossProfit": 654643000,
    "grossProfitRatio": 0.9514565223,
    "researchAndDevelopmentExpenses": 286601000,
    "generalAndAdministrativeExpenses": 112934000,
    "sellingAndMarketingExpenses": 5300000,
    "sellingGeneralAndAdministrativeExpenses": 118234000,
    "otherExpenses": 4817000,
    "operatingExpenses": 417854000,
    "costAndExpenses": 451254000,
    "interestIncome": 0,
    "interestExpense": 600000,
    "depreciationAndAmortization": 12594000,
    "ebitda": 320458000,
    "ebitdaratio": 0.4657528672,
    "operatingIncome": 230773000,
    "operatingIncomeRatio": 0.3354049093,
    "totalOtherIncomeExpensesNet": 76491000,
    "incomeBeforeTax": 307264000,
    "incomeBeforeTaxRatio": 0.4465767401,
    "incomeTaxExpense": 16966000,
    "netIncome": 290298000,
    "netIncomeRatio": 0.4219183975,
    "eps": 1.33,
    "epsdiluted": 1.32,
    "weightedAverageShsOut": 217549000,
    "weightedAverageShsOutDil": 220434000,
    "link": "https://www.sec.gov/Archives/edgar/data/879169/000155837020009164/0001558370-20-009164-index.htm",
    "finalLink": "https://www.sec.gov/Archives/edgar/data/879169/000155837020009164/incy-20200630x10q.htm"
  },
  {
    "date": "2020-03-31",
    "symbol": "INCY",
    "reportedCurrency": "USD",
    "cik": "0000879169",
    "fillingDate": "2020-05-05",
    "acceptedDate": "2020-05-05 16:09:15",
    "calendarYear": "2020",
    "period": "Q1",
    "revenue": 568507000,
    "costOfRevenue": 27319000,
    "grossProfit": 541188000,
    "grossProfitRatio": 0.9519460622,
    "researchAndDevelopmentExpenses": 1085287000,
    "generalAndAdministrativeExpenses": 111100000,
    "sellingAndMarketingExpenses": 48000,
    "sellingGeneralAndAdministrativeExpenses": 111148000,
    "otherExpenses": 8662000,
    "operatingExpenses": 1198565000,
    "costAndExpenses": 1225884000,
    "interestIncome": 0,
    "interestExpense": 602000,
    "depreciationAndAmortization": 13098000,
    "ebitda": -690376000,
    "ebitdaratio": -1.2143667536,
    "operatingIncome": -664004000,
    "operatingIncomeRatio": -1.1679785825,
    "totalOtherIncomeExpensesNet": -40072000,
    "incomeBeforeTax": -704076000,
    "incomeBeforeTaxRatio": -1.2384649617,
    "incomeTaxExpense": 16566000,
    "netIncome": -720642000,
    "netIncomeRatio": -1.2676044446,
    "eps": -3.33,
    "epsdiluted": -3.33,
    "weightedAverageShsOut": 216409009,
    "weightedAverageShsOutDil": 216721000,
    "link": "https://www.sec.gov/Archives/edgar/data/879169/000155837020005185/0001558370-20-005185-index.htm",
    "finalLink": "https://www.sec.gov/Archives/edgar/data/879169/000155837020005185/incy-20200505x10q.htm"
  },
  {
    "date": "2019-12-31",
    "symbol": "INCY",
    "reportedCurrency": "USD",
    "cik": "0000879169",
    "fillingDate": "2020-02-13",
    "acceptedDate": "2020-02-13 16:05:19",
    "calendarYear": "2019",
    "period": "Q4",
    "revenue": 579389000,
    "costOfRevenue": 32215000,
    "grossProfit": 547174000,
    "grossProfitRatio": 0.9443983231,
    "researchAndDevelopmentExpenses": 312867000,
    "generalAndAdministrativeExpenses": 121022000,
    "sellingAndMarketingExpenses": 15300000,
    "sellingGeneralAndAdministrativeExpenses": 136322000,
    "otherExpenses": 0,
    "operatingExpenses": 449044000,
    "costAndExpenses": 481259000,
    "interestIncome": 0,
    "interestExpense": 607000,
    "depreciationAndAmortization": 13345000,
    "ebitda": 139956000,
    "ebitdaratio": 0.241557917,
    "operatingIncome": 95008000,
    "operatingIncomeRatio": 0.1639796406,
    "totalOtherIncomeExpensesNet": 30996000,
    "incomeBeforeTax": 126004000,
    "incomeBeforeTaxRatio": 0.217477377,
    "incomeTaxExpense": 14999000,
    "netIncome": 111005000,
    "netIncomeRatio": 0.1915897609,
    "eps": 0.51,
    "epsdiluted": 0.51,
    "weightedAverageShsOut": 215770000,
    "weightedAverageShsOutDil": 218542000,
    "link": "https://www.sec.gov/Archives/edgar/data/879169/000155837020000774/0001558370-20-000774-index.htm",
    "finalLink": "https://www.sec.gov/Archives/edgar/data/879169/000155837020000774/incy-20191231x10k6c65b7.htm"
  },
  {
    "date": "2019-09-30",
    "symbol": "INCY",
    "reportedCurrency": "USD",
    "cik": "0000879169",
    "fillingDate": "2019-10-29",
    "acceptedDate": "2019-10-29 19:38:47",
    "calendarYear": "2019",
    "period": "Q3",
    "revenue": 551581000,
    "costOfRevenue": 30040000,
    "grossProfit": 521541000,
    "grossProfitRatio": 0.9455383706,
    "researchAndDevelopmentExpenses": 281336000,
    "generalAndAdministrativeExpenses": 102600000,
    "sellingAndMarketingExpenses": 8000,
    "sellingGeneralAndAdministrativeExpenses": 102608000,
    "otherExpenses": 0,
    "operatingExpenses": 383944000,
    "costAndExpenses": 413984000,
    "interestIncome": 0,
    "interestExpense": 597000,
    "depreciationAndAmortization": 13862000,
    "ebitda": 162478000,
    "ebitdaratio": 0.2945677969,
    "operatingIncome": 134316000,
    "operatingIncomeRatio": 0.2435109259,
    "totalOtherIncomeExpensesNet": 13703000,
    "incomeBeforeTax": 148019000,
    "incomeBeforeTaxRatio": 0.2683540586,
    "incomeTaxExpense": 19748000,
    "netIncome": 128271000,
    "netIncomeRatio": 0.2325515201,
    "eps": 0.6,
    "epsdiluted": 0.59,
    "weightedAverageShsOut": 215199000,
    "weightedAverageShsOutDil": 217791000,
    "link": "https://www.sec.gov/Archives/edgar/data/879169/000155837019009326/0001558370-19-009326-index.htm",
    "finalLink": "https://www.sec.gov/Archives/edgar/data/879169/000155837019009326/incy-20190930x10q.htm"
  },
  {
    "date": "2019-06-30",
    "symbol": "INCY",
    "reportedCurrency": "USD",
    "cik": "0000879169",
    "fillingDate": "2019-07-30",
    "acceptedDate": "2019-07-30 16:06:50",
    "calendarYear": "2019",
    "period": "Q2",
    "revenue": 529932000,
    "costOfRevenue": 29406000,
    "grossProfit": 500526000,
    "grossProfitRatio": 0.9445098616,
    "researchAndDevelopmentExpenses": 289363000,
    "generalAndAdministrativeExpenses": 105900000,
    "sellingAndMarketingExpenses": 43000,
    "sellingGeneralAndAdministrativeExpenses": 105943000,
    "otherExpenses": 0,
    "operatingExpenses": 395306000,
    "costAndExpenses": 424712000,
    "interestIncome": 0,
    "interestExpense": 316000,
    "depreciationAndAmortization": 13435000,
    "ebitda": 122422000,
    "ebitdaratio": 0.2310145453,
    "operatingIncome": 98612000,
    "operatingIncomeRatio": 0.1860842523,
    "totalOtherIncomeExpensesNet": 10059000,
    "incomeBeforeTax": 108671000,
    "incomeBeforeTaxRatio": 0.205065933,
    "incomeTaxExpense": 3353000,
    "netIncome": 105318000,
    "netIncomeRatio": 0.1987387061,
    "eps": 0.49,
    "epsdiluted": 0.48,
    "weightedAverageShsOut": 214620000,
    "weightedAverageShsOutDil": 217483000,
    "link": "https://www.sec.gov/Archives/edgar/data/879169/000155837019006550/0001558370-19-006550-index.htm",
    "finalLink": "https://www.sec.gov/Archives/edgar/data/879169/000155837019006550/incy-20190630x10q.htm"
  },
  {
    "date": "2019-03-31",
    "symbol": "INCY",
    "reportedCurrency": "USD",
    "cik": "0000879169",
    "fillingDate": "2019-04-30",
    "acceptedDate": "2019-04-30 16:05:32",
    "calendarYear": "2019",
    "period": "Q1",
    "revenue": 497857000,
    "costOfRevenue": 22588000,
    "grossProfit": 475269000,
    "grossProfitRatio": 0.9546295422,
    "researchAndDevelopmentExpenses": 270545000,
    "generalAndAdministrativeExpenses": 0,
    "sellingAndMarketingExpenses": 0,
    "sellingGeneralAndAdministrativeExpenses": 123983000,
    "otherExpenses": 0,
    "operatingExpenses": 394528000,
    "costAndExpenses": 417116000,
    "interestIncome": 0,
    "interestExpense": 335000,
    "depreciationAndAmortization": 13891000,
    "ebitda": 118323000,
    "ebitdaratio": 0.2376646306,
    "operatingIncome": 74070000,
    "operatingIncomeRatio": 0.1487776611,
    "totalOtherIncomeExpensesNet": 30027000,
    "incomeBeforeTax": 104097000,
    "incomeBeforeTaxRatio": 0.2090901604,
    "incomeTaxExpense": 1785000,
    "netIncome": 102312000,
    "netIncomeRatio": 0.2055047935,
    "eps": 0.48,
    "epsdiluted": 0.47,
    "weightedAverageShsOut": 214065000,
    "weightedAverageShsOutDil": 217061000,
    "link": "https://www.sec.gov/Archives/edgar/data/879169/000155837019003610/0001558370-19-003610-index.htm",
    "finalLink": "https://www.sec.gov/Archives/edgar/data/879169/000155837019003610/incy-20190331x10q.htm"
  },
  {
    "date": "2018-12-31",
    "symbol": "INCY",
    "reportedCurrency": "USD",
    "cik": "0000879169",
    "fillingDate": "2019-02-14",
    "acceptedDate": "2019-02-14 16:07:03",
    "calendarYear": "2018",
    "period": "Q4",
    "revenue": 528402000,
    "costOfRevenue": 26366000,
    "grossProfit": 502036000,
    "grossProfitRatio": 0.9501023842,
    "researchAndDevelopmentExpenses": 304238000,
    "generalAndAdministrativeExpenses": 326049000,
    "sellingAndMarketingExpenses": -217691000,
    "sellingGeneralAndAdministrativeExpenses": 108358000,
    "otherExpenses": 0,
    "operatingExpenses": 412596000,
    "costAndExpenses": 438962000,
    "interestIncome": 0,
    "interestExpense": 355000,
    "depreciationAndAmortization": 14226000,
    "ebitda": 85298000,
    "ebitdaratio": 0.1614263383,
    "operatingIncome": 81975000,
    "operatingIncomeRatio": 0.1551375657,
    "totalOtherIncomeExpensesNet": -11258000,
    "incomeBeforeTax": 70717000,
    "incomeBeforeTaxRatio": 0.1338318174,
    "incomeTaxExpense": 1654000,
    "netIncome": 69063000,
    "netIncomeRatio": 0.1307016249,
    "eps": 0.32,
    "epsdiluted": 0.32,
    "weightedAverageShsOut": 213013000,
    "weightedAverageShsOutDil": 216042000,
    "link": "https://www.sec.gov/Archives/edgar/data/879169/000155837019000682/0001558370-19-000682-index.htm",
    "finalLink": "https://www.sec.gov/Archives/edgar/data/879169/000155837019000682/incy-20181231x10k.htm"
  },
  {
    "date": "2018-09-30",
    "symbol": "INCY",
    "reportedCurrency": "USD",
    "cik": "0000879169",
    "fillingDate": "2018-10-30",
    "acceptedDate": "2018-10-30 16:02:55",
    "calendarYear": "2018",
    "period": "Q3",
    "revenue": 449683000,
    "costOfRevenue": 24795000,
    "grossProfit": 424888000,
    "grossProfitRatio": 0.9448611577,
    "researchAndDevelopmentExpenses": 292527000,
    "generalAndAdministrativeExpenses": 0,
    "sellingAndMarketingExpenses": 0,
    "sellingGeneralAndAdministrativeExpenses": 96522000,
    "otherExpenses": 0,
    "operatingExpenses": 389049000,
    "costAndExpenses": 413844000,
    "interestIncome": 0,
    "interestExpense": 405000,
    "depreciationAndAmortization": 13818000,
    "ebitda": 45199000,
    "ebitdaratio": 0.1005130281,
    "operatingIncome": 31119000,
    "operatingIncomeRatio": 0.0692020824,
    "totalOtherIncomeExpensesNet": -143000,
    "incomeBeforeTax": 30976000,
    "incomeBeforeTaxRatio": 0.0688840806,
    "incomeTaxExpense": 1800000,
    "netIncome": 29176000,
    "netIncomeRatio": 0.0648812608,
    "eps": 0.14,
    "epsdiluted": 0.14,
    "weightedAverageShsOut": 212627000,
    "weightedAverageShsOutDil": 215964000,
    "link": "https://www.sec.gov/Archives/edgar/data/879169/000155837018008052/0001558370-18-008052-index.htm",
    "finalLink": "https://www.sec.gov/Archives/edgar/data/879169/000155837018008052/incy-20180930x10q.htm"
  },
  {
    "date": "2018-06-30",
    "symbol": "INCY",
    "reportedCurrency": "USD",
    "cik": "0000879169",
    "fillingDate": "2018-07-31",
    "acceptedDate": "2018-07-31 16:02:57",
    "calendarYear": "2018",
    "period": "Q2",
    "revenue": 521516000,
    "costOfRevenue": 24856000,
    "grossProfit": 496660000,
    "grossProfitRatio": 0.9523389503,
    "researchAndDevelopmentExpenses": 298089000,
    "generalAndAdministrativeExpenses": 0,
    "sellingAndMarketingExpenses": 0,
    "sellingGeneralAndAdministrativeExpenses": 108029000,
    "otherExpenses": 0,
    "operatingExpenses": 406118000,
    "costAndExpenses": 430974000,
    "interestIncome": 0,
    "interestExpense": 398000,
    "depreciationAndAmortization": 13501000,
    "ebitda": 67907000,
    "ebitdaratio": 0.1302107701,
    "operatingIncome": 83239000,
    "operatingIncomeRatio": 0.1596096764,
    "totalOtherIncomeExpensesNet": -29231000,
    "incomeBeforeTax": 54008000,
    "incomeBeforeTaxRatio": 0.1035596223,
    "incomeTaxExpense": 1614000,
    "netIncome": 52394000,
    "netIncomeRatio": 0.1004647988,
    "eps": 0.25,
    "epsdiluted": 0.24,
    "weightedAverageShsOut": 212210000,
    "weightedAverageShsOutDil": 215103000,
    "link": "https://www.sec.gov/Archives/edgar/data/879169/000155837018005974/0001558370-18-005974-index.htm",
    "finalLink": "https://www.sec.gov/Archives/edgar/data/879169/000155837018005974/incy-20180630x10q.htm"
  },
  {
    "date": "2018-03-31",
    "symbol": "INCY",
    "reportedCurrency": "USD",
    "cik": "0000879169",
    "fillingDate": "2018-05-01",
    "acceptedDate": "2018-05-01 16:03:35",
    "calendarYear": "2018",
    "period": "Q1",
    "revenue": 382282000,
    "costOfRevenue": 18106000,
    "grossProfit": 364176000,
    "grossProfitRatio": 0.9526370585,
    "researchAndDevelopmentExpenses": 303103000,
    "generalAndAdministrativeExpenses": 0,
    "sellingAndMarketingExpenses": 0,
    "sellingGeneralAndAdministrativeExpenses": 121498000,
    "otherExpenses": 0,
    "operatingExpenses": 424601000,
    "costAndExpenses": 442707000,
    "interestIncome": 0,
    "interestExpense": 385000,
    "depreciationAndAmortization": 13424000,
    "ebitda": -26545000,
    "ebitdaratio": -0.0694382681,
    "operatingIncome": -67110000,
    "operatingIncomeRatio": -0.175551033,
    "totalOtherIncomeExpensesNet": 26756000,
    "incomeBeforeTax": -40354000,
    "incomeBeforeTaxRatio": -0.1055608164,
    "incomeTaxExpense": 786000,
    "netIncome": -41140000,
    "netIncomeRatio": -0.1076168901,
    "eps": -0.19,
    "epsdiluted": -0.19,
    "weightedAverageShsOut": 211681000,
    "weightedAverageShsOutDil": 211681000,
    "link": "https://www.sec.gov/Archives/edgar/data/879169/000155837018003642/0001558370-18-003642-index.htm",
    "finalLink": "https://www.sec.gov/Archives/edgar/data/879169/000155837018003642/incy-20180331x10q.htm"
  },
  {
    "date": "2017-12-31",
    "symbol": "INCY",
    "reportedCurrency": "USD",
    "cik": "0000879169",
    "fillingDate": "2018-02-15",
    "acceptedDate": "2018-02-15 16:03:25",
    "calendarYear": "2017",
    "period": "Q4",
    "revenue": 444156000,
    "costOfRevenue": 22359000,
    "grossProfit": 421797000,
    "grossProfitRatio": 0.9496595791,
    "researchAndDevelopmentExpenses": 446938000,
    "generalAndAdministrativeExpenses": 268577000,
    "sellingAndMarketingExpenses": -170748000,
    "sellingGeneralAndAdministrativeExpenses": 97829000,
    "otherExpenses": 0,
    "operatingExpenses": 544767000,
    "costAndExpenses": 567126000,
    "interestIncome": 6616000,
    "interestExpense": 373000,
    "depreciationAndAmortization": 12859000,
    "ebitda": -135045000,
    "ebitdaratio": -0.3040485775,
    "operatingIncome": -132588000,
    "operatingIncomeRatio": -0.2985167374,
    "totalOtherIncomeExpensesNet": -15689000,
    "incomeBeforeTax": -148277000,
    "incomeBeforeTaxRatio": -0.3338399121,
    "incomeTaxExpense": 1352000,
    "netIncome": -149629000,
    "netIncomeRatio": -0.3368838876,
    "eps": -0.71,
    "epsdiluted": -0.71,
    "weightedAverageShsOut": 211125000,
    "weightedAverageShsOutDil": 211125000,
    "link": "https://www.sec.gov/Archives/edgar/data/879169/000155837018000722/0001558370-18-000722-index.htm",
    "finalLink": "https://www.sec.gov/Archives/edgar/data/879169/000155837018000722/incy-20171231x10k.htm"
  },
  {
    "date": "2017-09-30",
    "symbol": "INCY",
    "reportedCurrency": "USD",
    "cik": "0000879169",
    "fillingDate": "2017-10-31",
    "acceptedDate": "2017-10-31 16:03:50",
    "calendarYear": "2017",
    "period": "Q3",
    "revenue": 381534000,
    "costOfRevenue": 22036000,
    "grossProfit": 359498000,
    "grossProfitRatio": 0.9422436795,
    "researchAndDevelopmentExpenses": 269612000,
    "generalAndAdministrativeExpenses": 0,
    "sellingAndMarketingExpenses": 0,
    "sellingGeneralAndAdministrativeExpenses": 91271000,
    "otherExpenses": 0,
    "operatingExpenses": 360883000,
    "costAndExpenses": 382919000,
    "interestIncome": 5555000,
    "interestExpense": 204000,
    "depreciationAndAmortization": 11940000,
    "ebitda": 14958000,
    "ebitdaratio": 0.0392048939,
    "operatingIncome": 14958000,
    "operatingIncomeRatio": 0.0392048939,
    "totalOtherIncomeExpensesNet": 28335000,
    "incomeBeforeTax": 43354000,
    "incomeBeforeTaxRatio": 0.1136307642,
    "incomeTaxExpense": 7300000,
    "netIncome": 36054000,
    "netIncomeRatio": 0.094497476,
    "eps": 0.17,
    "epsdiluted": 0.17,
    "weightedAverageShsOut": 206796000,
    "weightedAverageShsOutDil": 212610000,
    "link": "https://www.sec.gov/Archives/edgar/data/879169/000155837017007810/0001558370-17-007810-index.htm",
    "finalLink": "https://www.sec.gov/Archives/edgar/data/879169/000155837017007810/incy-20170930x10q.htm"
  },
  {
    "date": "2017-06-30",
    "symbol": "INCY",
    "reportedCurrency": "USD",
    "cik": "0000879169",
    "fillingDate": "2017-08-01",
    "acceptedDate": "2017-08-01 16:02:49",
    "calendarYear": "2017",
    "period": "Q2",
    "revenue": 326444000,
    "costOfRevenue": 20260000,
    "grossProfit": 306184000,
    "grossProfitRatio": 0.9379372879,
    "researchAndDevelopmentExpenses": 201839000,
    "generalAndAdministrativeExpenses": 0,
    "sellingAndMarketingExpenses": 0,
    "sellingGeneralAndAdministrativeExpenses": 90072000,
    "otherExpenses": 0,
    "operatingExpenses": 291911000,
    "costAndExpenses": 312171000,
    "interestIncome": 4066000,
    "interestExpense": 384000,
    "depreciationAndAmortization": 12352000,
    "ebitda": 3352000,
    "ebitdaratio": 0.0102682236,
    "operatingIncome": 7200000,
    "operatingIncomeRatio": 0.0220558503,
    "totalOtherIncomeExpensesNet": -16643000,
    "incomeBeforeTax": -9384000,
    "incomeBeforeTaxRatio": -0.0287461249,
    "incomeTaxExpense": 3100000,
    "netIncome": -12484000,
    "netIncomeRatio": -0.0382423938,
    "eps": -0.0609,
    "epsdiluted": -0.0609,
    "weightedAverageShsOut": 205141000,
    "weightedAverageShsOutDil": 205141000,
    "link": "https://www.sec.gov/Archives/edgar/data/879169/000155837017005591/0001558370-17-005591-index.htm",
    "finalLink": "https://www.sec.gov/Archives/edgar/data/879169/000155837017005591/incy-20170630x10q.htm"
  },
  {
    "date": "2017-03-31",
    "symbol": "INCY",
    "reportedCurrency": "USD",
    "cik": "0000879169",
    "fillingDate": "2017-05-04",
    "acceptedDate": "2017-05-04 16:23:14",
    "calendarYear": "2017",
    "period": "Q1",
    "revenue": 384082000,
    "costOfRevenue": 14824000,
    "grossProfit": 369258000,
    "grossProfitRatio": 0.9614040752,
    "researchAndDevelopmentExpenses": 407972000,
    "generalAndAdministrativeExpenses": 0,
    "sellingAndMarketingExpenses": 0,
    "sellingGeneralAndAdministrativeExpenses": 87234000,
    "otherExpenses": 1147000,
    "operatingExpenses": 495206000,
    "costAndExpenses": 510030000,
    "interestIncome": 1204000,
    "interestExpense": 5939000,
    "depreciationAndAmortization": 15027000,
    "ebitda": -177017000,
    "ebitdaratio": -0.460883353,
    "operatingIncome": -133304000,
    "operatingIncomeRatio": -0.3470717191,
    "totalOtherIncomeExpensesNet": -64736000,
    "incomeBeforeTax": -197983000,
    "incomeBeforeTaxRatio": -0.5154706547,
    "incomeTaxExpense": -10900000,
    "netIncome": -187083000,
    "netIncomeRatio": -0.4870912982,
    "eps": -0.96,
    "epsdiluted": -0.96,
    "weightedAverageShsOut": 195260000,
    "weightedAverageShsOutDil": 195260000,
    "link": "https://www.sec.gov/Archives/edgar/data/879169/000155837017003529/0001558370-17-003529-index.htm",
    "finalLink": "https://www.sec.gov/Archives/edgar/data/879169/000155837017003529/incy-20170331x10q.htm"
  },
  {
    "date": "2016-12-31",
    "symbol": "INCY",
    "reportedCurrency": "USD",
    "cik": "0000879169",
    "fillingDate": "2017-02-14",
    "acceptedDate": "2017-02-14 16:13:15",
    "calendarYear": "2016",
    "period": "Q4",
    "revenue": 326498000,
    "costOfRevenue": 19610000,
    "grossProfit": 306888000,
    "grossProfitRatio": 0.9399383763,
    "researchAndDevelopmentExpenses": 161585000,
    "generalAndAdministrativeExpenses": 207164000,
    "sellingAndMarketingExpenses": -111079000,
    "sellingGeneralAndAdministrativeExpenses": 96085000,
    "otherExpenses": 0,
    "operatingExpenses": 257670000,
    "costAndExpenses": 277280000,
    "interestIncome": 594000,
    "interestExpense": 9470000,
    "depreciationAndAmortization": 17566000,
    "ebitda": 36481000,
    "ebitdaratio": 0.111734222,
    "operatingIncome": 42079000,
    "operatingIncomeRatio": 0.1288798094,
    "totalOtherIncomeExpensesNet": -32634000,
    "incomeBeforeTax": 9445000,
    "incomeBeforeTaxRatio": 0.0289282017,
    "incomeTaxExpense": 572000,
    "netIncome": 8873000,
    "netIncomeRatio": 0.0271762767,
    "eps": 0.05,
    "epsdiluted": 0.05,
    "weightedAverageShsOut": 188598000,
    "weightedAverageShsOutDil": 195187000,
    "link": "https://www.sec.gov/Archives/edgar/data/879169/000155837017000594/0001558370-17-000594-index.htm",
    "finalLink": "https://www.sec.gov/Archives/edgar/data/879169/000155837017000594/incy-20161231x10k.htm"
  },
  {
    "date": "2016-09-30",
    "symbol": "INCY",
    "reportedCurrency": "USD",
    "cik": "0000879169",
    "fillingDate": "2016-11-01",
    "acceptedDate": "2016-11-01 16:11:45",
    "calendarYear": "2016",
    "period": "Q3",
    "revenue": 269469000,
    "costOfRevenue": 20205000,
    "grossProfit": 249264000,
    "grossProfitRatio": 0.9250192044,
    "researchAndDevelopmentExpenses": 143184000,
    "generalAndAdministrativeExpenses": 0,
    "sellingAndMarketingExpenses": 0,
    "sellingGeneralAndAdministrativeExpenses": 75776000,
    "otherExpenses": 0,
    "operatingExpenses": 218960000,
    "costAndExpenses": 239165000,
    "interestIncome": 1188000,
    "interestExpense": 9479000,
    "depreciationAndAmortization": 16951000,
    "ebitda": 64732000,
    "ebitdaratio": 0.240220582,
    "operatingIncome": 22292000,
    "operatingIncomeRatio": 0.0827256568,
    "totalOtherIncomeExpensesNet": 16010000,
    "incomeBeforeTax": 38302000,
    "incomeBeforeTaxRatio": 0.1421387989,
    "incomeTaxExpense": 1425000,
    "netIncome": 36877000,
    "netIncomeRatio": 0.136850621,
    "eps": 0.2,
    "epsdiluted": 0.19,
    "weightedAverageShsOut": 188029000,
    "weightedAverageShsOutDil": 194265000,
    "link": "https://www.sec.gov/Archives/edgar/data/879169/000155837016008973/0001558370-16-008973-index.htm",
    "finalLink": "https://www.sec.gov/Archives/edgar/data/879169/000155837016008973/incy-20160930x10q.htm"
  },
  {
    "date": "2016-06-30",
    "symbol": "INCY",
    "reportedCurrency": "USD",
    "cik": "0000879169",
    "fillingDate": "2016-08-09",
    "acceptedDate": "2016-08-09 16:57:43",
    "calendarYear": "2016",
    "period": "Q2",
    "revenue": 246288000,
    "costOfRevenue": 12367000,
    "grossProfit": 233921000,
    "grossProfitRatio": 0.9497864289,
    "researchAndDevelopmentExpenses": 120269000,
    "generalAndAdministrativeExpenses": 0,
    "sellingAndMarketingExpenses": 0,
    "sellingGeneralAndAdministrativeExpenses": 66792000,
    "otherExpenses": 0,
    "operatingExpenses": 187061000,
    "costAndExpenses": 199428000,
    "interestIncome": 1137000,
    "interestExpense": 9662000,
    "depreciationAndAmortization": 12850000,
    "ebitda": 57722000,
    "ebitdaratio": 0.2343678945,
    "operatingIncome": 44589000,
    "operatingIncomeRatio": 0.1810441434,
    "totalOtherIncomeExpensesNet": -9379000,
    "incomeBeforeTax": 35210000,
    "incomeBeforeTaxRatio": 0.1429627103,
    "incomeTaxExpense": 785000,
    "netIncome": 34425000,
    "netIncomeRatio": 0.1397753849,
    "eps": 0.18,
    "epsdiluted": 0.18,
    "weightedAverageShsOut": 187682000,
    "weightedAverageShsOutDil": 193015000,
    "link": "https://www.sec.gov/Archives/edgar/data/879169/000155837016007827/0001558370-16-007827-index.htm",
    "finalLink": "https://www.sec.gov/Archives/edgar/data/879169/000155837016007827/incy-20160630x10q.htm"
  },
  {
    "date": "2016-03-31",
    "symbol": "INCY",
    "reportedCurrency": "USD",
    "cik": "0000879169",
    "fillingDate": "2016-05-09",
    "acceptedDate": "2016-05-09 16:50:57",
    "calendarYear": "2016",
    "period": "Q1",
    "revenue": 263464000,
    "costOfRevenue": 6005000,
    "grossProfit": 257459000,
    "grossProfitRatio": 0.9772075122,
    "researchAndDevelopmentExpenses": 156824000,
    "generalAndAdministrativeExpenses": 0,
    "sellingAndMarketingExpenses": 0,
    "sellingGeneralAndAdministrativeExpenses": 64596000,
    "otherExpenses": 0,
    "operatingExpenses": 221420000,
    "costAndExpenses": 227425000,
    "interestIncome": 1492000,
    "interestExpense": 10134000,
    "depreciationAndAmortization": 11058000,
    "ebitda": 36039000,
    "ebitdaratio": 0.1367890869,
    "operatingIncome": 36039000,
    "operatingIncomeRatio": 0.1367890869,
    "totalOtherIncomeExpensesNet": -11592000,
    "incomeBeforeTax": 24447000,
    "incomeBeforeTaxRatio": 0.0927906659,
    "incomeTaxExpense": 400000,
    "netIncome": 24047000,
    "netIncomeRatio": 0.0912724319,
    "eps": 0.13,
    "epsdiluted": 0.12,
    "weightedAverageShsOut": 187184000,
    "weightedAverageShsOutDil": 192625000,
    "link": "https://www.sec.gov/Archives/edgar/data/879169/000155837016005699/0001558370-16-005699-index.htm",
    "finalLink": "https://www.sec.gov/Archives/edgar/data/879169/000155837016005699/incy-20160331x10q.htm"
  },
  {
    "date": "2015-12-31",
    "symbol": "INCY",
    "reportedCurrency": "USD",
    "cik": "0000879169",
    "fillingDate": "2016-02-12",
    "acceptedDate": "2016-02-12 16:41:11",
    "calendarYear": "2015",
    "period": "Q4",
    "revenue": 243881000,
    "costOfRevenue": 9704000,
    "grossProfit": 234177000,
    "grossProfitRatio": 0.9602101025,
    "researchAndDevelopmentExpenses": 116630000,
    "generalAndAdministrativeExpenses": 144149000,
    "sellingAndMarketingExpenses": -91682000,
    "sellingGeneralAndAdministrativeExpenses": 52467000,
    "otherExpenses": 0,
    "operatingExpenses": 169097000,
    "costAndExpenses": 178801000,
    "interestIncome": 1289000,
    "interestExpense": 10213000,
    "depreciationAndAmortization": 10604000,
    "ebitda": 67982000,
    "ebitdaratio": 0.2787507022,
    "operatingIncome": 65080000,
    "operatingIncomeRatio": 0.2668514562,
    "totalOtherIncomeExpensesNet": -9390000,
    "incomeBeforeTax": 55690000,
    "incomeBeforeTaxRatio": 0.2283490719,
    "incomeTaxExpense": 512000,
    "netIncome": 55176000,
    "netIncomeRatio": 0.2262414866,
    "eps": 0.3,
    "epsdiluted": 0.29,
    "weightedAverageShsOut": 186269000,
    "weightedAverageShsOutDil": 193367000,
    "link": "https://www.sec.gov/Archives/edgar/data/879169/000155837016003196/0001558370-16-003196-index.htm",
    "finalLink": "https://www.sec.gov/Archives/edgar/data/879169/000155837016003196/incy-20151231x10k.htm"
  },
  {
    "date": "2015-09-30",
    "symbol": "INCY",
    "reportedCurrency": "USD",
    "cik": "0000879169",
    "fillingDate": "2015-11-03",
    "acceptedDate": "2015-11-03 16:16:16",
    "calendarYear": "2015",
    "period": "Q3",
    "revenue": 187611000,
    "costOfRevenue": 8040000,
    "grossProfit": 179571000,
    "grossProfitRatio": 0.9571453699,
    "researchAndDevelopmentExpenses": 132073000,
    "generalAndAdministrativeExpenses": 0,
    "sellingAndMarketingExpenses": 0,
    "sellingGeneralAndAdministrativeExpenses": 47599000,
    "otherExpenses": 0,
    "operatingExpenses": 179672000,
    "costAndExpenses": 187712000,
    "interestIncome": 3026000,
    "interestExpense": 11209000,
    "depreciationAndAmortization": 11178000,
    "ebitda": -17186000,
    "ebitdaratio": -0.0916044368,
    "operatingIncome": -101000,
    "operatingIncomeRatio": -0.000538348,
    "totalOtherIncomeExpensesNet": -39472000,
    "incomeBeforeTax": -39573000,
    "incomeBeforeTaxRatio": -0.2109311288,
    "incomeTaxExpense": 9000,
    "netIncome": -39582000,
    "netIncomeRatio": -0.2109791004,
    "eps": -0.22,
    "epsdiluted": -0.22,
    "weightedAverageShsOut": 179918181,
    "weightedAverageShsOutDil": 181387000,
    "link": "https://www.sec.gov/Archives/edgar/data/879169/000155837015002176/0001558370-15-002176-index.htm",
    "finalLink": "https://www.sec.gov/Archives/edgar/data/879169/000155837015002176/incy-20150930x10q.htm"
  },
  {
    "date": "2015-06-30",
    "symbol": "INCY",
    "reportedCurrency": "USD",
    "cik": "0000879169",
    "fillingDate": "2015-08-04",
    "acceptedDate": "2015-08-04 16:09:56",
    "calendarYear": "2015",
    "period": "Q2",
    "revenue": 162984000,
    "costOfRevenue": 6254000,
    "grossProfit": 156730000,
    "grossProfitRatio": 0.9616281353,
    "researchAndDevelopmentExpenses": 112445000,
    "generalAndAdministrativeExpenses": 0,
    "sellingAndMarketingExpenses": 0,
    "sellingGeneralAndAdministrativeExpenses": 51679000,
    "otherExpenses": 0,
    "operatingExpenses": 164124000,
    "costAndExpenses": 170378000,
    "interestIncome": 1144000,
    "interestExpense": 11494000,
    "depreciationAndAmortization": 11266000,
    "ebitda": 5016000,
    "ebitdaratio": 0.0307760271,
    "operatingIncome": -7394000,
    "operatingIncomeRatio": -0.0453664163,
    "totalOtherIncomeExpensesNet": 16824000,
    "incomeBeforeTax": 9430000,
    "incomeBeforeTaxRatio": 0.0578584401,
    "incomeTaxExpense": 136000,
    "netIncome": 9294000,
    "netIncomeRatio": 0.0570240024,
    "eps": 0.05,
    "epsdiluted": 0.05,
    "weightedAverageShsOut": 178676000,
    "weightedAverageShsOutDil": 186493000,
    "link": "https://www.sec.gov/Archives/edgar/data/879169/000110465915055876/0001104659-15-055876-index.htm",
    "finalLink": "https://www.sec.gov/Archives/edgar/data/879169/000110465915055876/a15-11942_110q.htm"
  },
  {
    "date": "2015-03-31",
    "symbol": "INCY",
    "reportedCurrency": "USD",
    "cik": "0000879169",
    "fillingDate": "2015-04-30",
    "acceptedDate": "2015-04-30 16:45:12",
    "calendarYear": "2015",
    "period": "Q1",
    "revenue": 159275000,
    "costOfRevenue": 2974000,
    "grossProfit": 156301000,
    "grossProfitRatio": 0.981327892,
    "researchAndDevelopmentExpenses": 118365000,
    "generalAndAdministrativeExpenses": 0,
    "sellingAndMarketingExpenses": 0,
    "sellingGeneralAndAdministrativeExpenses": 44871000,
    "otherExpenses": 0,
    "operatingExpenses": 163236000,
    "costAndExpenses": 166210000,
    "interestIncome": 1630000,
    "interestExpense": 12687000,
    "depreciationAndAmortization": 11835000,
    "ebitda": 6530000,
    "ebitdaratio": 0.0409982734,
    "operatingIncome": -6935000,
    "operatingIncomeRatio": -0.0435410454,
    "totalOtherIncomeExpensesNet": -11057000,
    "incomeBeforeTax": -17992000,
    "incomeBeforeTaxRatio": -0.1129618584,
    "incomeTaxExpense": 367000,
    "netIncome": -18359000,
    "netIncomeRatio": -0.1152660493,
    "eps": -0.11,
    "epsdiluted": -0.11,
    "weightedAverageShsOut": 166900000,
    "weightedAverageShsOutDil": 172070000,
    "link": "https://www.sec.gov/Archives/edgar/data/879169/000110465915032614/0001104659-15-032614-index.htm",
    "finalLink": "https://www.sec.gov/Archives/edgar/data/879169/000110465915032614/a15-7158_110q.htm"
  },
  {
    "date": "2014-12-31",
    "symbol": "INCY",
    "reportedCurrency": "USD",
    "cik": "0000879169",
    "fillingDate": "2015-02-17",
    "acceptedDate": "2015-02-17 16:11:01",
    "calendarYear": "2014",
    "period": "Q4",
    "revenue": 123973000,
    "costOfRevenue": 2428000,
    "grossProfit": 121545000,
    "grossProfitRatio": 0.9804150904,
    "researchAndDevelopmentExpenses": 98717000,
    "generalAndAdministrativeExpenses": 117319000,
    "sellingAndMarketingExpenses": -68867000,
    "sellingGeneralAndAdministrativeExpenses": 48452000,
    "otherExpenses": 0,
    "operatingExpenses": 147169000,
    "costAndExpenses": 149597000,
    "interestIncome": 940000,
    "interestExpense": 12516000,
    "depreciationAndAmortization": 12221000,
    "ebitda": -12463000,
    "ebitdaratio": -0.1005299541,
    "operatingIncome": -25624000,
    "operatingIncomeRatio": -0.2066901664,
    "totalOtherIncomeExpensesNet": -11576000,
    "incomeBeforeTax": -37200000,
    "incomeBeforeTaxRatio": -0.3000653368,
    "incomeTaxExpense": -256000,
    "netIncome": -36944000,
    "netIncomeRatio": -0.298000371,
    "eps": -0.22,
    "epsdiluted": -0.22,
    "weightedAverageShsOut": 169688256,
    "weightedAverageShsOutDil": 169924000,
    "link": "https://www.sec.gov/Archives/edgar/data/879169/000104746915000858/0001047469-15-000858-index.htm",
    "finalLink": "https://www.sec.gov/Archives/edgar/data/879169/000104746915000858/a2223029z10-k.htm"
  },
  {
    "date": "2014-09-30",
    "symbol": "INCY",
    "reportedCurrency": "USD",
    "cik": "0000879169",
    "fillingDate": "2014-10-30",
    "acceptedDate": "2014-10-30 16:37:16",
    "calendarYear": "2014",
    "period": "Q3",
    "revenue": 198147000,
    "costOfRevenue": 221000,
    "grossProfit": 197926000,
    "grossProfitRatio": 0.9988846664,
    "researchAndDevelopmentExpenses": 88537000,
    "generalAndAdministrativeExpenses": 0,
    "sellingAndMarketingExpenses": 0,
    "sellingGeneralAndAdministrativeExpenses": 39446000,
    "otherExpenses": 0,
    "operatingExpenses": 127983000,
    "costAndExpenses": 128204000,
    "interestIncome": 885000,
    "interestExpense": 11463000,
    "depreciationAndAmortization": 9871000,
    "ebitda": 69943000,
    "ebitdaratio": 0.3529854098,
    "operatingIncome": 69943000,
    "operatingIncomeRatio": 0.3529854098,
    "totalOtherIncomeExpensesNet": -10578000,
    "incomeBeforeTax": 59365000,
    "incomeBeforeTaxRatio": 0.2996008014,
    "incomeTaxExpense": 72000,
    "netIncome": 59293000,
    "netIncomeRatio": 0.2992374348,
    "eps": 0.35,
    "epsdiluted": 0.33,
    "weightedAverageShsOut": 168592000,
    "weightedAverageShsOutDil": 189046000,
    "link": "https://www.sec.gov/Archives/edgar/data/879169/000110465914075282/0001104659-14-075282-index.htm",
    "finalLink": "https://www.sec.gov/Archives/edgar/data/879169/000110465914075282/a14-19760_110q.htm"
  },
  {
    "date": "2014-06-30",
    "symbol": "INCY",
    "reportedCurrency": "USD",
    "cik": "0000879169",
    "fillingDate": "2014-07-31",
    "acceptedDate": "2014-07-31 16:07:52",
    "calendarYear": "2014",
    "period": "Q2",
    "revenue": 99582000,
    "costOfRevenue": 187000,
    "grossProfit": 99395000,
    "grossProfitRatio": 0.9981221506,
    "researchAndDevelopmentExpenses": 84683000,
    "generalAndAdministrativeExpenses": 0,
    "sellingAndMarketingExpenses": 0,
    "sellingGeneralAndAdministrativeExpenses": 40899000,
    "otherExpenses": 0,
    "operatingExpenses": 125582000,
    "costAndExpenses": 125769000,
    "interestIncome": 790000,
    "interestExpense": 11406000,
    "depreciationAndAmortization": 9698000,
    "ebitda": -15699000,
    "ebitdaratio": -0.1576489727,
    "operatingIncome": -26187000,
    "operatingIncomeRatio": -0.2629692113,
    "totalOtherIncomeExpensesNet": -10616000,
    "incomeBeforeTax": -36803000,
    "incomeBeforeTaxRatio": -0.3695748228,
    "incomeTaxExpense": 70000,
    "netIncome": -36873000,
    "netIncomeRatio": -0.370277761,
    "eps": -0.22,
    "epsdiluted": -0.22,
    "weightedAverageShsOut": 167604545,
    "weightedAverageShsOutDil": 167914000,
    "link": "https://www.sec.gov/Archives/edgar/data/879169/000110465914055475/0001104659-14-055475-index.htm",
    "finalLink": "https://www.sec.gov/Archives/edgar/data/879169/000110465914055475/a14-14041_110q.htm"
  },
  {
    "date": "2014-03-31",
    "symbol": "INCY",
    "reportedCurrency": "USD",
    "cik": "0000879169",
    "fillingDate": "2014-05-01",
    "acceptedDate": "2014-05-01 16:08:57",
    "calendarYear": "2014",
    "period": "Q1",
    "revenue": 89792000,
    "costOfRevenue": 168000,
    "grossProfit": 89624000,
    "grossProfitRatio": 0.9981290093,
    "researchAndDevelopmentExpenses": 75585000,
    "generalAndAdministrativeExpenses": 0,
    "sellingAndMarketingExpenses": 0,
    "sellingGeneralAndAdministrativeExpenses": 36974000,
    "otherExpenses": 0,
    "operatingExpenses": 112559000,
    "costAndExpenses": 112727000,
    "interestIncome": 735000,
    "interestExpense": 11443000,
    "depreciationAndAmortization": 9623000,
    "ebitda": -12842000,
    "ebitdaratio": -0.1430194227,
    "operatingIncome": -22935000,
    "operatingIncomeRatio": -0.2554236458,
    "totalOtherIncomeExpensesNet": -10973000,
    "incomeBeforeTax": -33908000,
    "incomeBeforeTaxRatio": -0.3776282965,
    "incomeTaxExpense": 49000,
    "netIncome": -33957000,
    "netIncomeRatio": -0.3781740021,
    "eps": -0.21,
    "epsdiluted": -0.21,
    "weightedAverageShsOut": 165357000,
    "weightedAverageShsOutDil": 165357000,
    "link": "https://www.sec.gov/Archives/edgar/data/879169/000110465914033497/0001104659-14-033497-index.htm",
    "finalLink": "https://www.sec.gov/Archives/edgar/data/879169/000110465914033497/a14-9590_110q.htm"
  },
  {
    "date": "2013-12-31",
    "symbol": "INCY",
    "reportedCurrency": "USD",
    "cik": "0000879169",
    "fillingDate": "2014-02-21",
    "acceptedDate": "2014-02-21 17:11:16",
    "calendarYear": "2013",
    "period": "Q4",
    "revenue": 97072000,
    "costOfRevenue": 167000,
    "grossProfit": 96905000,
    "grossProfitRatio": 0.9982796275,
    "researchAndDevelopmentExpenses": 75020000,
    "generalAndAdministrativeExpenses": 71957000,
    "sellingAndMarketingExpenses": -33929000,
    "sellingGeneralAndAdministrativeExpenses": 38028000,
    "otherExpenses": 0,
    "operatingExpenses": 113048000,
    "costAndExpenses": 113215000,
    "interestIncome": 497000,
    "interestExpense": 8932000,
    "depreciationAndAmortization": 8852000,
    "ebitda": -15646000,
    "ebitdaratio": -0.1611793308,
    "operatingIncome": -16143000,
    "operatingIncomeRatio": -0.1662992418,
    "totalOtherIncomeExpensesNet": -26593000,
    "incomeBeforeTax": -42733000,
    "incomeBeforeTaxRatio": -0.4402196308,
    "incomeTaxExpense": 137000,
    "netIncome": -42870000,
    "netIncomeRatio": -0.4416309543,
    "eps": -0.26,
    "epsdiluted": -0.26,
    "weightedAverageShsOut": 161914000,
    "weightedAverageShsOutDil": 161914000,
    "link": "https://www.sec.gov/Archives/edgar/data/879169/000104746914001174/0001047469-14-001174-index.htm",
    "finalLink": "https://www.sec.gov/Archives/edgar/data/879169/000104746914001174/a2218324z10-k.htm"
  },
  {
    "date": "2013-09-30",
    "symbol": "INCY",
    "reportedCurrency": "USD",
    "cik": "0000879169",
    "fillingDate": "2013-10-31",
    "acceptedDate": "2013-10-31 16:12:49",
    "calendarYear": "2013",
    "period": "Q3",
    "revenue": 85123000,
    "costOfRevenue": 155000,
    "grossProfit": 84968000,
    "grossProfitRatio": 0.9981791055,
    "researchAndDevelopmentExpenses": 71704000,
    "generalAndAdministrativeExpenses": 0,
    "sellingAndMarketingExpenses": 0,
    "sellingGeneralAndAdministrativeExpenses": 26447000,
    "otherExpenses": 0,
    "operatingExpenses": 98151000,
    "costAndExpenses": 98306000,
    "interestIncome": 385000,
    "interestExpense": 7699000,
    "depreciationAndAmortization": 4568000,
    "ebitda": -13183000,
    "ebitdaratio": -0.1548700116,
    "operatingIncome": -13183000,
    "operatingIncomeRatio": -0.1548700116,
    "totalOtherIncomeExpensesNet": -8805000,
    "incomeBeforeTax": -21988000,
    "incomeBeforeTaxRatio": -0.2583085653,
    "incomeTaxExpense": 49000,
    "netIncome": -22037000,
    "netIncomeRatio": -0.2588842029,
    "eps": -0.14,
    "epsdiluted": -0.14,
    "weightedAverageShsOut": 155067000,
    "weightedAverageShsOutDil": 155067000,
    "link": "https://www.sec.gov/Archives/edgar/data/879169/000110465913079662/0001104659-13-079662-index.htm",
    "finalLink": "https://www.sec.gov/Archives/edgar/data/879169/000110465913079662/a13-19498_110q.htm"
  },
  {
    "date": "2013-06-30",
    "symbol": "INCY",
    "reportedCurrency": "USD",
    "cik": "0000879169",
    "fillingDate": "2013-08-01",
    "acceptedDate": "2013-08-01 16:07:00",
    "calendarYear": "2013",
    "period": "Q2",
    "revenue": 101675000,
    "costOfRevenue": 157000,
    "grossProfit": 101518000,
    "grossProfitRatio": 0.9984558643,
    "researchAndDevelopmentExpenses": 60950000,
    "generalAndAdministrativeExpenses": 0,
    "sellingAndMarketingExpenses": 0,
    "sellingGeneralAndAdministrativeExpenses": 23249000,
    "otherExpenses": 0,
    "operatingExpenses": 84199000,
    "costAndExpenses": 84356000,
    "interestIncome": 245000,
    "interestExpense": 10293000,
    "depreciationAndAmortization": 8053000,
    "ebitda": 25617000,
    "ebitdaratio": 0.2519498402,
    "operatingIncome": 17319000,
    "operatingIncomeRatio": 0.1703368576,
    "totalOtherIncomeExpensesNet": -19819000,
    "incomeBeforeTax": -2500000,
    "incomeBeforeTaxRatio": -0.0245881485,
    "incomeTaxExpense": 71000,
    "netIncome": -2571000,
    "netIncomeRatio": -0.0252864519,
    "eps": -0.0181,
    "epsdiluted": -0.0181,
    "weightedAverageShsOut": 142284000,
    "weightedAverageShsOutDil": 142284000,
    "link": "https://www.sec.gov/Archives/edgar/data/879169/000110465913058943/0001104659-13-058943-index.htm",
    "finalLink": "https://www.sec.gov/Archives/edgar/data/879169/000110465913058943/a13-13435_110q.htm"
  },
  {
    "date": "2013-03-31",
    "symbol": "INCY",
    "reportedCurrency": "USD",
    "cik": "0000879169",
    "fillingDate": "2013-05-02",
    "acceptedDate": "2013-05-02 16:30:47",
    "calendarYear": "2013",
    "period": "Q1",
    "revenue": 71077000,
    "costOfRevenue": 150000,
    "grossProfit": 70927000,
    "grossProfitRatio": 0.9978896127,
    "researchAndDevelopmentExpenses": 52763000,
    "generalAndAdministrativeExpenses": 0,
    "sellingAndMarketingExpenses": 0,
    "sellingGeneralAndAdministrativeExpenses": 22261000,
    "otherExpenses": 0,
    "operatingExpenses": 75024000,
    "costAndExpenses": 75174000,
    "interestIncome": 199000,
    "interestExpense": 11728000,
    "depreciationAndAmortization": 7734000,
    "ebitda": 3836000,
    "ebitdaratio": 0.0539696386,
    "operatingIncome": -4097000,
    "operatingIncomeRatio": -0.0576417125,
    "totalOtherIncomeExpensesNet": -11529000,
    "incomeBeforeTax": -15626000,
    "incomeBeforeTaxRatio": -0.2198460824,
    "incomeTaxExpense": 43000,
    "netIncome": -15669000,
    "netIncomeRatio": -0.2204510601,
    "eps": -0.12,
    "epsdiluted": -0.12,
    "weightedAverageShsOut": 134345000,
    "weightedAverageShsOutDil": 134345000,
    "link": "https://www.sec.gov/Archives/edgar/data/879169/000110465913036617/0001104659-13-036617-index.htm",
    "finalLink": "https://www.sec.gov/Archives/edgar/data/879169/000110465913036617/a13-8416_110q.htm"
  },
  {
    "date": "2012-12-31",
    "symbol": "INCY",
    "reportedCurrency": "USD",
    "cik": "0000879169",
    "fillingDate": "2013-02-21",
    "acceptedDate": "2013-02-21 16:17:27",
    "calendarYear": "2012",
    "period": "Q4",
    "revenue": 113845000,
    "costOfRevenue": 99000,
    "grossProfit": 113746000,
    "grossProfitRatio": 0.9991303966,
    "researchAndDevelopmentExpenses": 59763000,
    "generalAndAdministrativeExpenses": 61635000,
    "sellingAndMarketingExpenses": -37906000,
    "sellingGeneralAndAdministrativeExpenses": 23729000,
    "otherExpenses": 0,
    "operatingExpenses": 83492000,
    "costAndExpenses": 83591000,
    "interestIncome": 371000,
    "interestExpense": 11765000,
    "depreciationAndAmortization": 7765000,
    "ebitda": 38390000,
    "ebitdaratio": 0.3372128772,
    "operatingIncome": 30254000,
    "operatingIncomeRatio": 0.265747288,
    "totalOtherIncomeExpensesNet": -11394000,
    "incomeBeforeTax": 18860000,
    "incomeBeforeTaxRatio": 0.1656638412,
    "incomeTaxExpense": 81000,
    "netIncome": 18779000,
    "netIncomeRatio": 0.1649523475,
    "eps": 0.14,
    "epsdiluted": 0.14,
    "weightedAverageShsOut": 131711000,
    "weightedAverageShsOutDil": 139118000,
    "link": "https://www.sec.gov/Archives/edgar/data/879169/000104746913001393/0001047469-13-001393-index.htm",
    "finalLink": "https://www.sec.gov/Archives/edgar/data/879169/000104746913001393/a2212845z10-k.htm"
  },
  {
    "date": "2012-09-30",
    "symbol": "INCY",
    "reportedCurrency": "USD",
    "cik": "0000879169",
    "fillingDate": "2012-11-01",
    "acceptedDate": "2012-11-01 16:20:43",
    "calendarYear": "2012",
    "period": "Q3",
    "revenue": 60492000,
    "costOfRevenue": 31000,
    "grossProfit": 60461000,
    "grossProfitRatio": 0.9994875355,
    "researchAndDevelopmentExpenses": 50079000,
    "generalAndAdministrativeExpenses": 0,
    "sellingAndMarketingExpenses": 0,
    "sellingGeneralAndAdministrativeExpenses": 20520000,
    "otherExpenses": 0,
    "operatingExpenses": 70599000,
    "costAndExpenses": 70630000,
    "interestIncome": 27000,
    "interestExpense": 11573000,
    "depreciationAndAmortization": 7576000,
    "ebitda": -2535000,
    "ebitdaratio": -0.0419063678,
    "operatingIncome": -10138000,
    "operatingIncomeRatio": -0.1675924089,
    "totalOtherIncomeExpensesNet": -11546000,
    "incomeBeforeTax": -21684000,
    "incomeBeforeTaxRatio": -0.3584606229,
    "incomeTaxExpense": 26000,
    "netIncome": -21710000,
    "netIncomeRatio": -0.3588904318,
    "eps": -0.17,
    "epsdiluted": -0.17,
    "weightedAverageShsOut": 130851000,
    "weightedAverageShsOutDil": 130851000,
    "link": "https://www.sec.gov/Archives/edgar/data/879169/000110465912073204/0001104659-12-073204-index.htm",
    "finalLink": "https://www.sec.gov/Archives/edgar/data/879169/000110465912073204/a12-19883_110q.htm"
  },
  {
    "date": "2012-06-30",
    "symbol": "INCY",
    "reportedCurrency": "USD",
    "cik": "0000879169",
    "fillingDate": "2012-08-03",
    "acceptedDate": "2012-08-03 16:12:20",
    "calendarYear": "2012",
    "period": "Q2",
    "revenue": 86542000,
    "costOfRevenue": 16000,
    "grossProfit": 86526000,
    "grossProfitRatio": 0.9998151187,
    "researchAndDevelopmentExpenses": 51588000,
    "generalAndAdministrativeExpenses": 0,
    "sellingAndMarketingExpenses": 0,
    "sellingGeneralAndAdministrativeExpenses": 19719000,
    "otherExpenses": 0,
    "operatingExpenses": 71307000,
    "costAndExpenses": 71323000,
    "interestIncome": 315000,
    "interestExpense": 11430000,
    "depreciationAndAmortization": 7404000,
    "ebitda": 22938000,
    "ebitdaratio": 0.2650504957,
    "operatingIncome": 15219000,
    "operatingIncomeRatio": 0.1758568094,
    "totalOtherIncomeExpensesNet": -11115000,
    "incomeBeforeTax": 4104000,
    "incomeBeforeTaxRatio": 0.047422061,
    "incomeTaxExpense": 67000,
    "netIncome": 4037000,
    "netIncomeRatio": 0.0466478704,
    "eps": 0.03,
    "epsdiluted": 0.03,
    "weightedAverageShsOut": 129224000,
    "weightedAverageShsOutDil": 137969000,
    "link": "https://www.sec.gov/Archives/edgar/data/879169/000110465912054163/0001104659-12-054163-index.htm",
    "finalLink": "https://www.sec.gov/Archives/edgar/data/879169/000110465912054163/a12-13658_110q.htm"
  },
  {
    "date": "2012-03-31",
    "symbol": "INCY",
    "reportedCurrency": "USD",
    "cik": "0000879169",
    "fillingDate": "2012-04-26",
    "acceptedDate": "2012-04-26 16:51:44",
    "calendarYear": "2012",
    "period": "Q1",
    "revenue": 36179000,
    "costOfRevenue": 11000,
    "grossProfit": 36168000,
    "grossProfitRatio": 0.9996959562,
    "researchAndDevelopmentExpenses": 48960000,
    "generalAndAdministrativeExpenses": 0,
    "sellingAndMarketingExpenses": 0,
    "sellingGeneralAndAdministrativeExpenses": 21396000,
    "otherExpenses": 0,
    "operatingExpenses": 70356000,
    "costAndExpenses": 70367000,
    "interestIncome": 52000,
    "interestExpense": 11290000,
    "depreciationAndAmortization": 7234000,
    "ebitda": -26902000,
    "ebitdaratio": -0.7435805301,
    "operatingIncome": -34188000,
    "operatingIncomeRatio": -0.9449680754,
    "totalOtherIncomeExpensesNet": -11238000,
    "incomeBeforeTax": -45426000,
    "incomeBeforeTaxRatio": -1.2555902595,
    "incomeTaxExpense": 52000,
    "netIncome": -45426000,
    "netIncomeRatio": -1.2555902595,
    "eps": -0.36,
    "epsdiluted": -0.36,
    "weightedAverageShsOut": 127203000,
    "weightedAverageShsOutDil": 127203000,
    "link": "https://www.sec.gov/Archives/edgar/data/879169/000110465912029092/0001104659-12-029092-index.htm",
    "finalLink": "https://www.sec.gov/Archives/edgar/data/879169/000110465912029092/a12-6693_110q.htm"
  },
  {
    "date": "2011-12-31",
    "symbol": "INCY",
    "reportedCurrency": "USD",
    "cik": "0000879169",
    "fillingDate": "2012-02-22",
    "acceptedDate": "2012-02-22 16:29:04",
    "calendarYear": "2011",
    "period": "Q4",
    "revenue": 28890000,
    "costOfRevenue": 0,
    "grossProfit": 28890000,
    "grossProfitRatio": 1,
    "researchAndDevelopmentExpenses": 51877000,
    "generalAndAdministrativeExpenses": 36965000,
    "sellingAndMarketingExpenses": -15813000,
    "sellingGeneralAndAdministrativeExpenses": 21152000,
    "otherExpenses": 0,
    "operatingExpenses": 73029000,
    "costAndExpenses": 73029000,
    "interestIncome": 213000,
    "interestExpense": 11153000,
    "depreciationAndAmortization": 7042000,
    "ebitda": -37346000,
    "ebitdaratio": -1.2926964348,
    "operatingIncome": -44139000,
    "operatingIncomeRatio": -1.5278296989,
    "totalOtherIncomeExpensesNet": -10941000,
    "incomeBeforeTax": -55080000,
    "incomeBeforeTaxRatio": -1.9065420561,
    "incomeTaxExpense": 10691000,
    "netIncome": -55079000,
    "netIncomeRatio": -1.906507442,
    "eps": -0.44,
    "epsdiluted": -0.44,
    "weightedAverageShsOut": 126391000,
    "weightedAverageShsOutDil": 126391000,
    "link": "https://www.sec.gov/Archives/edgar/data/879169/000104746912001295/0001047469-12-001295-index.htm",
    "finalLink": "https://www.sec.gov/Archives/edgar/data/879169/000104746912001295/a2207267z10-k.htm"
  },
  {
    "date": "2011-09-30",
    "symbol": "INCY",
    "reportedCurrency": "USD",
    "cik": "0000879169",
    "fillingDate": "2011-10-27",
    "acceptedDate": "2011-10-27 16:25:59",
    "calendarYear": "2011",
    "period": "Q3",
    "revenue": 16782000,
    "costOfRevenue": 0,
    "grossProfit": 16782000,
    "grossProfitRatio": 1,
    "researchAndDevelopmentExpenses": 44604000,
    "generalAndAdministrativeExpenses": 0,
    "sellingAndMarketingExpenses": 0,
    "sellingGeneralAndAdministrativeExpenses": 14282000,
    "otherExpenses": 0,
    "operatingExpenses": 58886000,
    "costAndExpenses": 58886000,
    "interestIncome": 45000,
    "interestExpense": 11019000,
    "depreciationAndAmortization": 6871000,
    "ebitda": -35188000,
    "ebitdaratio": -2.0967703492,
    "operatingIncome": -42104000,
    "operatingIncomeRatio": -2.5088785604,
    "totalOtherIncomeExpensesNet": -10974000,
    "incomeBeforeTax": -53078000,
    "incomeBeforeTaxRatio": -3.1627934692,
    "incomeTaxExpense": 45000,
    "netIncome": -53078000,
    "netIncomeRatio": -3.1627934692,
    "eps": -0.42,
    "epsdiluted": -0.42,
    "weightedAverageShsOut": 126260000,
    "weightedAverageShsOutDil": 126260000,
    "link": "https://www.sec.gov/Archives/edgar/data/879169/000110465911058474/0001104659-11-058474-index.htm",
    "finalLink": "https://www.sec.gov/Archives/edgar/data/879169/000110465911058474/a11-25172_110q.htm"
  },
  {
    "date": "2011-06-30",
    "symbol": "INCY",
    "reportedCurrency": "USD",
    "cik": "0000879169",
    "fillingDate": "2011-07-28",
    "acceptedDate": "2011-07-28 16:13:32",
    "calendarYear": "2011",
    "period": "Q2",
    "revenue": 16811000,
    "costOfRevenue": 0,
    "grossProfit": 16811000,
    "grossProfitRatio": 1,
    "researchAndDevelopmentExpenses": 46047000,
    "generalAndAdministrativeExpenses": 0,
    "sellingAndMarketingExpenses": 0,
    "sellingGeneralAndAdministrativeExpenses": 11858000,
    "otherExpenses": 0,
    "operatingExpenses": 57925000,
    "costAndExpenses": 57925000,
    "interestIncome": 132000,
    "interestExpense": 10888000,
    "depreciationAndAmortization": 6647000,
    "ebitda": -34335000,
    "ebitdaratio": -2.042412706,
    "operatingIncome": -41114000,
    "operatingIncomeRatio": -2.4456605794,
    "totalOtherIncomeExpensesNet": -10756000,
    "incomeBeforeTax": -51870000,
    "incomeBeforeTaxRatio": -3.0854797454,
    "incomeTaxExpense": 132000,
    "netIncome": -51870000,
    "netIncomeRatio": -3.0854797454,
    "eps": -0.41,
    "epsdiluted": -0.41,
    "weightedAverageShsOut": 125330000,
    "weightedAverageShsOutDil": 125330000,
    "link": "https://www.sec.gov/Archives/edgar/data/879169/000110465911041507/0001104659-11-041507-index.htm",
    "finalLink": "https://www.sec.gov/Archives/edgar/data/879169/000110465911041507/a11-13795_110q.htm"
  },
  {
    "date": "2011-03-31",
    "symbol": "INCY",
    "reportedCurrency": "USD",
    "cik": "0000879169",
    "fillingDate": "2011-05-03",
    "acceptedDate": "2011-05-03 16:24:07",
    "calendarYear": "2011",
    "period": "Q1",
    "revenue": 31973000,
    "costOfRevenue": 0,
    "grossProfit": 31973000,
    "grossProfitRatio": 1,
    "researchAndDevelopmentExpenses": 36282000,
    "generalAndAdministrativeExpenses": 0,
    "sellingAndMarketingExpenses": 0,
    "sellingGeneralAndAdministrativeExpenses": 10825000,
    "otherExpenses": 0,
    "operatingExpenses": 47798000,
    "costAndExpenses": 47798000,
    "interestIncome": 72000,
    "interestExpense": 10759000,
    "depreciationAndAmortization": 6430000,
    "ebitda": -9323000,
    "ebitdaratio": -0.2915897789,
    "operatingIncome": -15825000,
    "operatingIncomeRatio": -0.4949488631,
    "totalOtherIncomeExpensesNet": -10687000,
    "incomeBeforeTax": -26512000,
    "incomeBeforeTaxRatio": -0.8291996372,
    "incomeTaxExpense": 72000,
    "netIncome": -26512000,
    "netIncomeRatio": -0.8291996372,
    "eps": -0.21,
    "epsdiluted": -0.21,
    "weightedAverageShsOut": 123467000,
    "weightedAverageShsOutDil": 123467000,
    "link": "https://www.sec.gov/Archives/edgar/data/879169/000110465911025298/0001104659-11-025298-index.htm",
    "finalLink": "https://www.sec.gov/Archives/edgar/data/879169/000110465911025298/a11-8057_110q.htm"
  },
  {
    "date": "2010-12-31",
    "symbol": "INCY",
    "reportedCurrency": "USD",
    "cik": "0000879169",
    "fillingDate": "2011-02-23",
    "acceptedDate": "2011-02-23 16:17:09",
    "calendarYear": "2010",
    "period": "Q4",
    "revenue": 85870000,
    "costOfRevenue": 0,
    "grossProfit": 85870000,
    "grossProfitRatio": 1,
    "researchAndDevelopmentExpenses": 32774000,
    "generalAndAdministrativeExpenses": 21737000,
    "sellingAndMarketingExpenses": -10972000,
    "sellingGeneralAndAdministrativeExpenses": 10765000,
    "otherExpenses": 0,
    "operatingExpenses": 43559000,
    "costAndExpenses": 43559000,
    "interestIncome": 1311000,
    "interestExpense": 10637000,
    "depreciationAndAmortization": 6826000,
    "ebitda": 52576000,
    "ebitdaratio": 0.6122743682,
    "operatingIncome": 42311000,
    "operatingIncomeRatio": 0.4927332014,
    "totalOtherIncomeExpensesNet": -9771000,
    "incomeBeforeTax": 32540000,
    "incomeBeforeTaxRatio": 0.3789449167,
    "incomeTaxExpense": 13209000,
    "netIncome": 32541000,
    "netIncomeRatio": 0.3789565622,
    "eps": 0.27,
    "epsdiluted": 0.27,
    "weightedAverageShsOut": 122966000,
    "weightedAverageShsOutDil": 122966000,
    "link": "https://www.sec.gov/Archives/edgar/data/879169/000104746911001198/0001047469-11-001198-index.htm",
    "finalLink": "https://www.sec.gov/Archives/edgar/data/879169/000104746911001198/a2202084z10-k.htm"
  },
  {
    "date": "2010-09-30",
    "symbol": "INCY",
    "reportedCurrency": "USD",
    "cik": "0000879169",
    "fillingDate": "2010-11-09",
    "acceptedDate": "2010-11-09 16:11:38",
    "calendarYear": "2010",
    "period": "Q3",
    "revenue": 16872000,
    "costOfRevenue": 0,
    "grossProfit": 16872000,
    "grossProfitRatio": 1,
    "researchAndDevelopmentExpenses": 30609000,
    "generalAndAdministrativeExpenses": 0,
    "sellingAndMarketingExpenses": 0,
    "sellingGeneralAndAdministrativeExpenses": 8458000,
    "otherExpenses": 0,
    "operatingExpenses": 38928000,
    "costAndExpenses": 38928000,
    "interestIncome": 212000,
    "interestExpense": 10515000,
    "depreciationAndAmortization": 5378000,
    "ebitda": -16466000,
    "ebitdaratio": -0.9759364628,
    "operatingIncome": -22056000,
    "operatingIncomeRatio": -1.307254623,
    "totalOtherIncomeExpensesNet": -10303000,
    "incomeBeforeTax": -32359000,
    "incomeBeforeTaxRatio": -1.9179113324,
    "incomeTaxExpense": -658000,
    "netIncome": -31701000,
    "netIncomeRatio": -1.8789118065,
    "eps": -0.26,
    "epsdiluted": -0.26,
    "weightedAverageShsOut": 122189000,
    "weightedAverageShsOutDil": 122189000,
    "link": "https://www.sec.gov/Archives/edgar/data/879169/000110465910057267/0001104659-10-057267-index.htm",
    "finalLink": "https://www.sec.gov/Archives/edgar/data/879169/000110465910057267/a10-17545_110q.htm"
  },
  {
    "date": "2010-06-30",
    "symbol": "INCY",
    "reportedCurrency": "USD",
    "cik": "0000879169",
    "fillingDate": "2010-08-05",
    "acceptedDate": "2010-08-05 16:03:41",
    "calendarYear": "2010",
    "period": "Q2",
    "revenue": 49847000,
    "costOfRevenue": 0,
    "grossProfit": 49847000,
    "grossProfitRatio": 1,
    "researchAndDevelopmentExpenses": 28883000,
    "generalAndAdministrativeExpenses": 0,
    "sellingAndMarketingExpenses": 0,
    "sellingGeneralAndAdministrativeExpenses": 7485000,
    "otherExpenses": 0,
    "operatingExpenses": 36223000,
    "costAndExpenses": 36223000,
    "interestIncome": 142000,
    "interestExpense": 10391000,
    "depreciationAndAmortization": 5885000,
    "ebitda": 19651000,
    "ebitdaratio": 0.3942263326,
    "operatingIncome": 13624000,
    "operatingIncomeRatio": 0.273316348,
    "totalOtherIncomeExpensesNet": -10249000,
    "incomeBeforeTax": 3375000,
    "incomeBeforeTaxRatio": 0.067707184,
    "incomeTaxExpense": 331000,
    "netIncome": 3044000,
    "netIncomeRatio": 0.0610668646,
    "eps": 0.03,
    "epsdiluted": 0.02,
    "weightedAverageShsOut": 121630000,
    "weightedAverageShsOutDil": 128291000,
    "link": "https://www.sec.gov/Archives/edgar/data/879169/000110465910042366/0001104659-10-042366-index.htm",
    "finalLink": "https://www.sec.gov/Archives/edgar/data/879169/000110465910042366/a10-12903_110q.htm"
  },
  {
    "date": "2010-03-31",
    "symbol": "INCY",
    "reportedCurrency": "USD",
    "cik": "0000879169",
    "fillingDate": "2010-05-06",
    "acceptedDate": "2010-05-06 16:43:12",
    "calendarYear": "2010",
    "period": "Q1",
    "revenue": 17288000,
    "costOfRevenue": 0,
    "grossProfit": 17288000,
    "grossProfitRatio": 1,
    "researchAndDevelopmentExpenses": 31439000,
    "generalAndAdministrativeExpenses": 0,
    "sellingAndMarketingExpenses": 0,
    "sellingGeneralAndAdministrativeExpenses": 5794000,
    "otherExpenses": 0,
    "operatingExpenses": 37118000,
    "costAndExpenses": 37118000,
    "interestIncome": 195000,
    "interestExpense": 11779000,
    "depreciationAndAmortization": 6396000,
    "ebitda": -17227000,
    "ebitdaratio": -0.996471541,
    "operatingIncome": -19830000,
    "operatingIncomeRatio": -1.1470384081,
    "totalOtherIncomeExpensesNet": -15572000,
    "incomeBeforeTax": -35402000,
    "incomeBeforeTaxRatio": -2.0477788061,
    "incomeTaxExpense": 327000,
    "netIncome": -35729000,
    "netIncomeRatio": -2.0666936603,
    "eps": -0.3,
    "epsdiluted": -0.3,
    "weightedAverageShsOut": 119727000,
    "weightedAverageShsOutDil": 119727000,
    "link": "https://www.sec.gov/Archives/edgar/data/879169/000110465910026410/0001104659-10-026410-index.htm",
    "finalLink": "https://www.sec.gov/Archives/edgar/data/879169/000110465910026410/a10-6096_110q.htm"
  },
  {
    "date": "2009-12-31",
    "symbol": "INCY",
    "reportedCurrency": "USD",
    "cik": "0000879169",
    "fillingDate": "2010-03-05",
    "acceptedDate": "2010-03-05 16:40:51",
    "calendarYear": "2009",
    "period": "Q4",
    "revenue": 6866000,
    "costOfRevenue": 0,
    "grossProfit": 6866000,
    "grossProfitRatio": 1,
    "researchAndDevelopmentExpenses": 34283000,
    "generalAndAdministrativeExpenses": 13748000,
    "sellingAndMarketingExpenses": 85000,
    "sellingGeneralAndAdministrativeExpenses": 13833000,
    "otherExpenses": 0,
    "operatingExpenses": 48087000,
    "costAndExpenses": 48087000,
    "interestIncome": 50000,
    "interestExpense": 12612000,
    "depreciationAndAmortization": 7272000,
    "ebitda": -33949000,
    "ebitdaratio": -4.9445091756,
    "operatingIncome": -41221000,
    "operatingIncomeRatio": -6.0036411302,
    "totalOtherIncomeExpensesNet": -34659000,
    "incomeBeforeTax": -75880000,
    "incomeBeforeTaxRatio": -11.0515584037,
    "incomeTaxExpense": 47221000,
    "netIncome": -88442000,
    "netIncomeRatio": -12.88115351,
    "eps": -0.74,
    "epsdiluted": -0.74,
    "weightedAverageShsOut": 118759000,
    "weightedAverageShsOutDil": 118759000,
    "link": "https://www.sec.gov/Archives/edgar/data/879169/000104746910001834/0001047469-10-001834-index.htm",
    "finalLink": "https://www.sec.gov/Archives/edgar/data/879169/000104746910001834/a2196849z10-k.htm"
  },
  {
    "date": "2009-09-30",
    "symbol": "INCY",
    "reportedCurrency": "USD",
    "cik": "0000879169",
    "fillingDate": "2009-11-05",
    "acceptedDate": "2009-11-05 16:40:39",
    "calendarYear": "2009",
    "period": "Q3",
    "revenue": 939000,
    "costOfRevenue": 0,
    "grossProfit": 939000,
    "grossProfitRatio": 1,
    "researchAndDevelopmentExpenses": 26535000,
    "generalAndAdministrativeExpenses": 0,
    "sellingAndMarketingExpenses": 0,
    "sellingGeneralAndAdministrativeExpenses": 4841000,
    "otherExpenses": 0,
    "operatingExpenses": 32502000,
    "costAndExpenses": 32502000,
    "interestIncome": 105000,
    "interestExpense": 6531000,
    "depreciationAndAmortization": 4273000,
    "ebitda": -31563000,
    "ebitdaratio": -33.6134185304,
    "operatingIncome": -31563000,
    "operatingIncomeRatio": -33.6134185304,
    "totalOtherIncomeExpensesNet": -5368000,
    "incomeBeforeTax": -36931000,
    "incomeBeforeTaxRatio": -39.3301384452,
    "incomeTaxExpense": 11794000,
    "netIncome": -43357000,
    "netIncomeRatio": -46.1735889244,
    "eps": -0.44,
    "epsdiluted": -0.44,
    "weightedAverageShsOut": 98030000,
    "weightedAverageShsOutDil": 98030000,
    "link": "https://www.sec.gov/Archives/edgar/data/879169/000110465909062975/0001104659-09-062975-index.htm",
    "finalLink": "https://www.sec.gov/Archives/edgar/data/879169/000110465909062975/a09-31168_110q.htm"
  },
  {
    "date": "2009-06-30",
    "symbol": "INCY",
    "reportedCurrency": "USD",
    "cik": "0000879169",
    "fillingDate": "2009-07-30",
    "acceptedDate": "2009-07-30 16:21:36",
    "calendarYear": "2009",
    "period": "Q2",
    "revenue": 789000,
    "costOfRevenue": 0,
    "grossProfit": 789000,
    "grossProfitRatio": 1,
    "researchAndDevelopmentExpenses": 29035000,
    "generalAndAdministrativeExpenses": 0,
    "sellingAndMarketingExpenses": 0,
    "sellingGeneralAndAdministrativeExpenses": 4086000,
    "otherExpenses": 0,
    "operatingExpenses": 33527000,
    "costAndExpenses": 33527000,
    "interestIncome": 0,
    "interestExpense": 7297000,
    "depreciationAndAmortization": 2636000,
    "ebitda": -32738000,
    "ebitdaratio": -41.4930291508,
    "operatingIncome": -32738000,
    "operatingIncomeRatio": -41.4930291508,
    "totalOtherIncomeExpensesNet": -7297000,
    "incomeBeforeTax": -40035000,
    "incomeBeforeTaxRatio": -50.7414448669,
    "incomeTaxExpense": 0,
    "netIncome": -40035000,
    "netIncomeRatio": -50.7414448669,
    "eps": -0.41,
    "epsdiluted": -0.41,
    "weightedAverageShsOut": 97643000,
    "weightedAverageShsOutDil": 97643000,
    "link": "https://www.sec.gov/Archives/edgar/data/879169/000110465909046003/0001104659-09-046003-index.htm",
    "finalLink": "https://www.sec.gov/Archives/edgar/data/879169/000110465909046003/a09-18846_110q.htm"
  },
  {
    "date": "2009-03-31",
    "symbol": "INCY",
    "reportedCurrency": "USD",
    "cik": "0000879169",
    "fillingDate": "2009-05-07",
    "acceptedDate": "2009-05-07 16:30:59",
    "calendarYear": "2009",
    "period": "Q1",
    "revenue": 671000,
    "costOfRevenue": 0,
    "grossProfit": 671000,
    "grossProfitRatio": 1,
    "researchAndDevelopmentExpenses": 29587000,
    "generalAndAdministrativeExpenses": 0,
    "sellingAndMarketingExpenses": 0,
    "sellingGeneralAndAdministrativeExpenses": 4821000,
    "otherExpenses": 0,
    "operatingExpenses": 34917000,
    "costAndExpenses": 34917000,
    "interestIncome": 548000,
    "interestExpense": 6338000,
    "depreciationAndAmortization": 2509000,
    "ebitda": -31737000,
    "ebitdaratio": -47.2980625931,
    "operatingIncome": -34246000,
    "operatingIncomeRatio": -51.0372578241,
    "totalOtherIncomeExpensesNet": -5790000,
    "incomeBeforeTax": -40036000,
    "incomeBeforeTaxRatio": -59.6661698957,
    "incomeTaxExpense": 0,
    "netIncome": -40036000,
    "netIncomeRatio": -59.6661698957,
    "eps": -0.41,
    "epsdiluted": -0.41,
    "weightedAverageShsOut": 97340000,
    "weightedAverageShsOutDil": 97340000,
    "link": "https://www.sec.gov/Archives/edgar/data/879169/000110465909030524/0001104659-09-030524-index.htm",
    "finalLink": "https://www.sec.gov/Archives/edgar/data/879169/000110465909030524/a09-11543_110q.htm"
  },
  {
    "date": "2008-12-31",
    "symbol": "INCY",
    "reportedCurrency": "USD",
    "cik": "0000879169",
    "fillingDate": "2009-03-03",
    "acceptedDate": "2009-03-03 16:37:03",
    "calendarYear": "2008",
    "period": "Q4",
    "revenue": 938000,
    "costOfRevenue": 0,
    "grossProfit": 938000,
    "grossProfitRatio": 1,
    "researchAndDevelopmentExpenses": 38326000,
    "generalAndAdministrativeExpenses": 12462000,
    "sellingAndMarketingExpenses": -7851000,
    "sellingGeneralAndAdministrativeExpenses": 4611000,
    "otherExpenses": 0,
    "operatingExpenses": 42710000,
    "costAndExpenses": 42710000,
    "interestIncome": 0,
    "interestExpense": 5306000,
    "depreciationAndAmortization": 3261000,
    "ebitda": -38511000,
    "ebitdaratio": -41.0565031983,
    "operatingIncome": -42667000,
    "operatingIncomeRatio": -45.487206823,
    "totalOtherIncomeExpensesNet": -667000,
    "incomeBeforeTax": -43335000,
    "incomeBeforeTaxRatio": -46.1993603412,
    "incomeTaxExpense": 6633000,
    "netIncome": -48405000,
    "netIncomeRatio": -51.6044776119,
    "eps": -0.5,
    "epsdiluted": -0.5,
    "weightedAverageShsOut": 97282000,
    "weightedAverageShsOutDil": 97282000,
    "link": "https://www.sec.gov/Archives/edgar/data/879169/000104746909002189/0001047469-09-002189-index.htm",
    "finalLink": "https://www.sec.gov/Archives/edgar/data/879169/000104746909002189/a2190988z10-k.htm"
  },
  {
    "date": "2008-09-30",
    "symbol": "INCY",
    "reportedCurrency": "USD",
    "cik": "0000879169",
    "fillingDate": "2008-11-06",
    "acceptedDate": "2008-11-06 16:30:19",
    "calendarYear": "2008",
    "period": "Q3",
    "revenue": 1061000,
    "costOfRevenue": 0,
    "grossProfit": 1061000,
    "grossProfitRatio": 1,
    "researchAndDevelopmentExpenses": 36949000,
    "generalAndAdministrativeExpenses": 0,
    "sellingAndMarketingExpenses": 0,
    "sellingGeneralAndAdministrativeExpenses": 4005000,
    "otherExpenses": 0,
    "operatingExpenses": 40954000,
    "costAndExpenses": 40954000,
    "interestIncome": 1253000,
    "interestExpense": 6254000,
    "depreciationAndAmortization": 3250000,
    "ebitda": -36543000,
    "ebitdaratio": -34.4420358153,
    "operatingIncome": -39793000,
    "operatingIncomeRatio": -37.5051837889,
    "totalOtherIncomeExpensesNet": -5001000,
    "incomeBeforeTax": -39693000,
    "incomeBeforeTaxRatio": -37.410933082,
    "incomeTaxExpense": 4901000,
    "netIncome": -44794000,
    "netIncomeRatio": -42.21866164,
    "eps": -0.48,
    "epsdiluted": -0.48,
    "weightedAverageShsOut": 92385000,
    "weightedAverageShsOutDil": 92385000,
    "link": "https://www.sec.gov/Archives/edgar/data/879169/000110465908068689/0001104659-08-068689-index.htm",
    "finalLink": "https://www.sec.gov/Archives/edgar/data/879169/000110465908068689/a08-27483_110q.htm"
  },
  {
    "date": "2008-06-30",
    "symbol": "INCY",
    "reportedCurrency": "USD",
    "cik": "0000879169",
    "fillingDate": "2008-07-29",
    "acceptedDate": "2008-07-29 16:39:29",
    "calendarYear": "2008",
    "period": "Q2",
    "revenue": 614000,
    "costOfRevenue": 0,
    "grossProfit": 614000,
    "grossProfitRatio": 1,
    "researchAndDevelopmentExpenses": 38132000,
    "generalAndAdministrativeExpenses": 0,
    "sellingAndMarketingExpenses": 0,
    "sellingGeneralAndAdministrativeExpenses": 4103000,
    "otherExpenses": 0,
    "operatingExpenses": 41317000,
    "costAndExpenses": 41317000,
    "interestIncome": 0,
    "interestExpense": 0,
    "depreciationAndAmortization": 3272000,
    "ebitda": -38349000,
    "ebitdaratio": -62.4576547231,
    "operatingIncome": -40703000,
    "operatingIncomeRatio": -66.2915309446,
    "totalOtherIncomeExpensesNet": -4860000,
    "incomeBeforeTax": -39785000,
    "incomeBeforeTaxRatio": -64.7964169381,
    "incomeTaxExpense": 4860000,
    "netIncome": -45563000,
    "netIncomeRatio": -74.2068403909,
    "eps": -0.54,
    "epsdiluted": -0.54,
    "weightedAverageShsOut": 84871000,
    "weightedAverageShsOutDil": 84871000,
    "link": "https://www.sec.gov/Archives/edgar/data/879169/000110465908048329/0001104659-08-048329-index.htm",
    "finalLink": "https://www.sec.gov/Archives/edgar/data/879169/000110465908048329/a08-18794_110q.htm"
  },
  {
    "date": "2008-03-31",
    "symbol": "INCY",
    "reportedCurrency": "USD",
    "cik": "0000879169",
    "fillingDate": "2008-04-30",
    "acceptedDate": "2008-04-30 16:31:36",
    "calendarYear": "2008",
    "period": "Q1",
    "revenue": 1307000,
    "costOfRevenue": 0,
    "grossProfit": 1307000,
    "grossProfitRatio": 1,
    "researchAndDevelopmentExpenses": 32955000,
    "generalAndAdministrativeExpenses": 0,
    "sellingAndMarketingExpenses": 0,
    "sellingGeneralAndAdministrativeExpenses": 4354000,
    "otherExpenses": 0,
    "operatingExpenses": 37309000,
    "costAndExpenses": 37309000,
    "interestIncome": 2141000,
    "interestExpense": 6173000,
    "depreciationAndAmortization": 3288000,
    "ebitda": -32837000,
    "ebitdaratio": -25.1239479725,
    "operatingIncome": -36125000,
    "operatingIncomeRatio": -27.6396327467,
    "totalOtherIncomeExpensesNet": -4032000,
    "incomeBeforeTax": -40157000,
    "incomeBeforeTaxRatio": -30.7245600612,
    "incomeTaxExpense": 0,
    "netIncome": -40157000,
    "netIncomeRatio": -30.7245600612,
    "eps": -0.47,
    "epsdiluted": -0.47,
    "weightedAverageShsOut": 84602000,
    "weightedAverageShsOutDil": 84602000,
    "link": "https://www.sec.gov/Archives/edgar/data/879169/000110465908028441/0001104659-08-028441-index.htm",
    "finalLink": "https://www.sec.gov/Archives/edgar/data/879169/000110465908028441/a08-11423_110q.htm"
  },
  {
    "date": "2007-12-31",
    "symbol": "INCY",
    "reportedCurrency": "USD",
    "cik": "0000879169",
    "fillingDate": "2008-03-06",
    "acceptedDate": "2008-03-06 16:33:45",
    "calendarYear": "2007",
    "period": "Q4",
    "revenue": 9752000,
    "costOfRevenue": 0,
    "grossProfit": 9752000,
    "grossProfitRatio": 1,
    "researchAndDevelopmentExpenses": 32638000,
    "generalAndAdministrativeExpenses": 10814000,
    "sellingAndMarketingExpenses": -6390000,
    "sellingGeneralAndAdministrativeExpenses": 4424000,
    "otherExpenses": 0,
    "operatingExpenses": 36655000,
    "costAndExpenses": 36655000,
    "interestIncome": 0,
    "interestExpense": 22431000,
    "depreciationAndAmortization": 3250000,
    "ebitda": -23653000,
    "ebitdaratio": -2.4254511895,
    "operatingIncome": -27435000,
    "operatingIncomeRatio": -2.813269073,
    "totalOtherIncomeExpensesNet": -125000,
    "incomeBeforeTax": -27560000,
    "incomeBeforeTaxRatio": -2.8260869565,
    "incomeTaxExpense": -5102000,
    "netIncome": -21801000,
    "netIncomeRatio": -2.2355414274,
    "eps": -0.26,
    "epsdiluted": -0.26,
    "weightedAverageShsOut": 84407000,
    "weightedAverageShsOutDil": 84407000,
    "link": "https://www.sec.gov/Archives/edgar/data/879169/000104746908002303/0001047469-08-002303-index.htm",
    "finalLink": "https://www.sec.gov/Archives/edgar/data/879169/000104746908002303/a2182995z10-k.htm"
  },
  {
    "date": "2007-09-30",
    "symbol": "INCY",
    "reportedCurrency": "USD",
    "cik": "0000879169",
    "fillingDate": "2007-11-01",
    "acceptedDate": "2007-11-01 16:30:34",
    "calendarYear": "2007",
    "period": "Q3",
    "revenue": 6690000,
    "costOfRevenue": 0,
    "grossProfit": 6690000,
    "grossProfitRatio": 1,
    "researchAndDevelopmentExpenses": 25044000,
    "generalAndAdministrativeExpenses": 0,
    "sellingAndMarketingExpenses": 0,
    "sellingGeneralAndAdministrativeExpenses": 3587000,
    "otherExpenses": 0,
    "operatingExpenses": 28631000,
    "costAndExpenses": 28631000,
    "interestIncome": 0,
    "interestExpense": 0,
    "depreciationAndAmortization": 3253000,
    "ebitda": -18688000,
    "ebitdaratio": -2.7934230194,
    "operatingIncome": -21375000,
    "operatingIncomeRatio": -3.1950672646,
    "totalOtherIncomeExpensesNet": -3119000,
    "incomeBeforeTax": -20809000,
    "incomeBeforeTaxRatio": -3.1104633782,
    "incomeTaxExpense": 2553000,
    "netIncome": -24494000,
    "netIncomeRatio": -3.6612855007,
    "eps": -0.29,
    "epsdiluted": -0.29,
    "weightedAverageShsOut": 84213000,
    "weightedAverageShsOutDil": 84213000,
    "link": "https://www.sec.gov/Archives/edgar/data/879169/000110465907078882/0001104659-07-078882-index.htm",
    "finalLink": "https://www.sec.gov/Archives/edgar/data/879169/000110465907078882/a07-25688_110q.htm"
  },
  {
    "date": "2007-06-30",
    "symbol": "INCY",
    "reportedCurrency": "USD",
    "cik": "0000879169",
    "fillingDate": "2007-07-31",
    "acceptedDate": "2007-07-31 16:31:14",
    "calendarYear": "2007",
    "period": "Q2",
    "revenue": 10576000,
    "costOfRevenue": 0,
    "grossProfit": 10576000,
    "grossProfitRatio": 1,
    "researchAndDevelopmentExpenses": 23301000,
    "generalAndAdministrativeExpenses": 0,
    "sellingAndMarketingExpenses": 0,
    "sellingGeneralAndAdministrativeExpenses": 3535000,
    "otherExpenses": 0,
    "operatingExpenses": 26836000,
    "costAndExpenses": 26836000,
    "interestIncome": 0,
    "interestExpense": 0,
    "depreciationAndAmortization": 3261000,
    "ebitda": -12999000,
    "ebitdaratio": -1.2291036309,
    "operatingIncome": -16187000,
    "operatingIncomeRatio": -1.5305408472,
    "totalOtherIncomeExpensesNet": -2252000,
    "incomeBeforeTax": -16114000,
    "incomeBeforeTaxRatio": -1.5236384266,
    "incomeTaxExpense": 2179000,
    "netIncome": -18439000,
    "netIncomeRatio": -1.7434757943,
    "eps": -0.22,
    "epsdiluted": -0.22,
    "weightedAverageShsOut": 84136000,
    "weightedAverageShsOutDil": 84136000,
    "link": "https://www.sec.gov/Archives/edgar/data/879169/000110465907057549/0001104659-07-057549-index.htm",
    "finalLink": "https://www.sec.gov/Archives/edgar/data/879169/000110465907057549/a07-19002_110q.htm"
  },
  {
    "date": "2007-03-31",
    "symbol": "INCY",
    "reportedCurrency": "USD",
    "cik": "0000879169",
    "fillingDate": "2007-05-03",
    "acceptedDate": "2007-05-03 16:34:16",
    "calendarYear": "2007",
    "period": "Q1",
    "revenue": 7422000,
    "costOfRevenue": 0,
    "grossProfit": 7422000,
    "grossProfitRatio": 1,
    "researchAndDevelopmentExpenses": 23906000,
    "generalAndAdministrativeExpenses": 0,
    "sellingAndMarketingExpenses": 0,
    "sellingGeneralAndAdministrativeExpenses": 3692000,
    "otherExpenses": 0,
    "operatingExpenses": 27598000,
    "costAndExpenses": 27598000,
    "interestIncome": 0,
    "interestExpense": 0,
    "depreciationAndAmortization": 3199000,
    "ebitda": -16977000,
    "ebitdaratio": -2.287388844,
    "operatingIncome": -20283000,
    "operatingIncomeRatio": -2.732821342,
    "totalOtherIncomeExpensesNet": -1864000,
    "incomeBeforeTax": -22147000,
    "incomeBeforeTaxRatio": -2.9839665858,
    "incomeTaxExpense": 0,
    "netIncome": -22147000,
    "netIncomeRatio": -2.9839665858,
    "eps": -0.26,
    "epsdiluted": -0.26,
    "weightedAverageShsOut": 83985000,
    "weightedAverageShsOutDil": 83985000,
    "link": "https://www.sec.gov/Archives/edgar/data/879169/000110465907035413/0001104659-07-035413-index.htm",
    "finalLink": "https://www.sec.gov/Archives/edgar/data/879169/000110465907035413/a07-10987_110q.htm"
  },
  {
    "date": "2006-12-31",
    "symbol": "INCY",
    "reportedCurrency": "USD",
    "cik": "0000879169",
    "fillingDate": "2007-02-28",
    "acceptedDate": "2007-02-28 17:30:21",
    "calendarYear": "2006",
    "period": "Q4",
    "revenue": 7056000,
    "costOfRevenue": 0,
    "grossProfit": 7056000,
    "grossProfitRatio": 1,
    "researchAndDevelopmentExpenses": 23559000,
    "generalAndAdministrativeExpenses": 10751000,
    "sellingAndMarketingExpenses": -4590000,
    "sellingGeneralAndAdministrativeExpenses": 6161000,
    "otherExpenses": 0,
    "operatingExpenses": 29720000,
    "costAndExpenses": 29720000,
    "interestIncome": 0,
    "interestExpense": 20679000,
    "depreciationAndAmortization": 3271000,
    "ebitda": -23698000,
    "ebitdaratio": -3.3585600907,
    "operatingIncome": -19559000,
    "operatingIncomeRatio": -2.7719671202,
    "totalOtherIncomeExpensesNet": -945000,
    "incomeBeforeTax": -20503000,
    "incomeBeforeTaxRatio": -2.9057539683,
    "incomeTaxExpense": 0,
    "netIncome": -20503000,
    "netIncomeRatio": -2.9057539683,
    "eps": -0.24,
    "epsdiluted": -0.24,
    "weightedAverageShsOut": 83931000,
    "weightedAverageShsOutDil": 83972726,
    "link": "https://www.sec.gov/Archives/edgar/data/879169/000110465907015059/0001104659-07-015059-index.htm",
    "finalLink": "https://www.sec.gov/Archives/edgar/data/879169/000110465907015059/a07-5374_110k.htm"
  },
  {
    "date": "2006-09-30",
    "symbol": "INCY",
    "reportedCurrency": "USD",
    "cik": "0000879169",
    "fillingDate": "2006-11-02",
    "acceptedDate": "2006-11-02 16:33:51",
    "calendarYear": "2006",
    "period": "Q3",
    "revenue": 7268000,
    "costOfRevenue": 0,
    "grossProfit": 7268000,
    "grossProfitRatio": 1,
    "researchAndDevelopmentExpenses": 19558000,
    "generalAndAdministrativeExpenses": 0,
    "sellingAndMarketingExpenses": 0,
    "sellingGeneralAndAdministrativeExpenses": 3454000,
    "otherExpenses": 0,
    "operatingExpenses": 23012000,
    "costAndExpenses": 23012000,
    "interestIncome": 0,
    "interestExpense": 0,
    "depreciationAndAmortization": 1302000,
    "ebitda": -14442000,
    "ebitdaratio": -1.9870665933,
    "operatingIncome": -15757000,
    "operatingIncomeRatio": -2.1679966979,
    "totalOtherIncomeExpensesNet": -81000,
    "incomeBeforeTax": -15838000,
    "incomeBeforeTaxRatio": -2.1791414419,
    "incomeTaxExpense": 94000,
    "netIncome": -15838000,
    "netIncomeRatio": -2.1791414419,
    "eps": -0.19,
    "epsdiluted": -0.19,
    "weightedAverageShsOut": 83852000,
    "weightedAverageShsOutDil": 83852000,
    "link": "https://www.sec.gov/Archives/edgar/data/879169/000110465906070746/0001104659-06-070746-index.htm",
    "finalLink": "https://www.sec.gov/Archives/edgar/data/879169/000110465906070746/a06-21866_110q.htm"
  },
  {
    "date": "2006-06-30",
    "symbol": "INCY",
    "reportedCurrency": "USD",
    "cik": "0000879169",
    "fillingDate": "2006-08-01",
    "acceptedDate": "2006-08-01 16:00:33",
    "calendarYear": "2006",
    "period": "Q2",
    "revenue": 6855000,
    "costOfRevenue": 0,
    "grossProfit": 6855000,
    "grossProfitRatio": 1,
    "researchAndDevelopmentExpenses": 19724000,
    "generalAndAdministrativeExpenses": 0,
    "sellingAndMarketingExpenses": 0,
    "sellingGeneralAndAdministrativeExpenses": 3421000,
    "otherExpenses": 0,
    "operatingExpenses": 26035000,
    "costAndExpenses": 26035000,
    "interestIncome": 0,
    "interestExpense": 0,
    "depreciationAndAmortization": 1229000,
    "ebitda": -17951000,
    "ebitdaratio": -2.6186725018,
    "operatingIncome": -19180000,
    "operatingIncomeRatio": -2.7979576951,
    "totalOtherIncomeExpensesNet": -1340000,
    "incomeBeforeTax": -20520000,
    "incomeBeforeTaxRatio": -2.9934354486,
    "incomeTaxExpense": 0,
    "netIncome": -20520000,
    "netIncomeRatio": -2.9934354486,
    "eps": -0.24,
    "epsdiluted": -0.24,
    "weightedAverageShsOut": 83786000,
    "weightedAverageShsOutDil": 83786000,
    "link": "https://www.sec.gov/Archives/edgar/data/879169/000110465906050303/0001104659-06-050303-index.htm",
    "finalLink": "https://www.sec.gov/Archives/edgar/data/879169/000110465906050303/a06-15547_110q.htm"
  },
  {
    "date": "2006-03-31",
    "symbol": "INCY",
    "reportedCurrency": "USD",
    "cik": "0000879169",
    "fillingDate": "2006-05-04",
    "acceptedDate": "2006-05-04 09:42:50",
    "calendarYear": "2006",
    "period": "Q1",
    "revenue": 6465000,
    "costOfRevenue": 0,
    "grossProfit": 6465000,
    "grossProfitRatio": 1,
    "researchAndDevelopmentExpenses": 24757000,
    "generalAndAdministrativeExpenses": 0,
    "sellingAndMarketingExpenses": 0,
    "sellingGeneralAndAdministrativeExpenses": 3876000,
    "otherExpenses": 0,
    "operatingExpenses": 28633000,
    "costAndExpenses": 28633000,
    "interestIncome": 0,
    "interestExpense": 0,
    "depreciationAndAmortization": 1609000,
    "ebitda": -20559000,
    "ebitdaratio": -3.1800464037,
    "operatingIncome": -22369000,
    "operatingIncomeRatio": -3.4600154679,
    "totalOtherIncomeExpensesNet": 5063000,
    "incomeBeforeTax": -17306000,
    "incomeBeforeTaxRatio": -2.6768754834,
    "incomeTaxExpense": 0,
    "netIncome": -17306000,
    "netIncomeRatio": -2.6768754834,
    "eps": -0.21,
    "epsdiluted": -0.21,
    "weightedAverageShsOut": 83627000,
    "weightedAverageShsOutDil": 83627000,
    "link": "https://www.sec.gov/Archives/edgar/data/879169/000110465906030975/0001104659-06-030975-index.htm",
    "finalLink": "https://www.sec.gov/Archives/edgar/data/879169/000110465906030975/a06-9680_110q.htm"
  },
  {
    "date": "2005-12-31",
    "symbol": "INCY",
    "reportedCurrency": "USD",
    "cik": "0000879169",
    "fillingDate": "2006-03-03",
    "acceptedDate": "2006-03-03 14:35:40",
    "calendarYear": "2005",
    "period": "Q4",
    "revenue": 1028000,
    "costOfRevenue": 0,
    "grossProfit": 1028000,
    "grossProfitRatio": 1,
    "researchAndDevelopmentExpenses": 23942000,
    "generalAndAdministrativeExpenses": 8887000,
    "sellingAndMarketingExpenses": -5207000,
    "sellingGeneralAndAdministrativeExpenses": 3680000,
    "otherExpenses": 0,
    "operatingExpenses": 27622000,
    "costAndExpenses": 27622000,
    "interestIncome": 0,
    "interestExpense": 12527000,
    "depreciationAndAmortization": 1676000,
    "ebitda": -24918000,
    "ebitdaratio": -24.2392996109,
    "operatingIncome": -26594000,
    "operatingIncomeRatio": -25.8696498054,
    "totalOtherIncomeExpensesNet": -1513000,
    "incomeBeforeTax": -28107000,
    "incomeBeforeTaxRatio": -27.3414396887,
    "incomeTaxExpense": -396000,
    "netIncome": -27556000,
    "netIncomeRatio": -26.8054474708,
    "eps": -0.33,
    "epsdiluted": -0.33,
    "weightedAverageShsOut": 83645000,
    "weightedAverageShsOutDil": 83645000,
    "link": "https://www.sec.gov/Archives/edgar/data/879169/000110465906013846/0001104659-06-013846-index.htm",
    "finalLink": "https://www.sec.gov/Archives/edgar/data/879169/000110465906013846/a05-20227_210k.htm"
  },
  {
    "date": "2005-09-30",
    "symbol": "INCY",
    "reportedCurrency": "USD",
    "cik": "0000879169",
    "fillingDate": "2005-11-01",
    "acceptedDate": "2005-11-01 10:12:38",
    "calendarYear": "2005",
    "period": "Q3",
    "revenue": 1228000,
    "costOfRevenue": 0,
    "grossProfit": 1228000,
    "grossProfitRatio": 1,
    "researchAndDevelopmentExpenses": 27356000,
    "generalAndAdministrativeExpenses": 0,
    "sellingAndMarketingExpenses": 0,
    "sellingGeneralAndAdministrativeExpenses": 3009000,
    "otherExpenses": 0,
    "operatingExpenses": 30365000,
    "costAndExpenses": 30365000,
    "interestIncome": 0,
    "interestExpense": 2656000,
    "depreciationAndAmortization": 3955000,
    "ebitda": -25182000,
    "ebitdaratio": -20.506514658,
    "operatingIncome": -29137000,
    "operatingIncomeRatio": -23.7271986971,
    "totalOtherIncomeExpensesNet": -1070000,
    "incomeBeforeTax": -30207000,
    "incomeBeforeTaxRatio": -24.598534202,
    "incomeTaxExpense": 0,
    "netIncome": -30210000,
    "netIncomeRatio": -24.6009771987,
    "eps": -0.36,
    "epsdiluted": -0.36,
    "weightedAverageShsOut": 83414000,
    "weightedAverageShsOutDil": 83414000,
    "link": "https://www.sec.gov/Archives/edgar/data/879169/000110465905051404/0001104659-05-051404-index.htm",
    "finalLink": "https://www.sec.gov/Archives/edgar/data/879169/000110465905051404/a05-18455_110q.htm"
  },
  {
    "date": "2005-06-30",
    "symbol": "INCY",
    "reportedCurrency": "USD",
    "cik": "0000879169",
    "fillingDate": "2005-08-05",
    "acceptedDate": "2005-08-05 13:10:21",
    "calendarYear": "2005",
    "period": "Q2",
    "revenue": 2676000,
    "costOfRevenue": 0,
    "grossProfit": 2676000,
    "grossProfitRatio": 1,
    "researchAndDevelopmentExpenses": 26556000,
    "generalAndAdministrativeExpenses": 0,
    "sellingAndMarketingExpenses": 0,
    "sellingGeneralAndAdministrativeExpenses": 2734000,
    "otherExpenses": 0,
    "operatingExpenses": 29736000,
    "costAndExpenses": 29736000,
    "interestIncome": 0,
    "interestExpense": 0,
    "depreciationAndAmortization": 708000,
    "ebitda": -26352000,
    "ebitdaratio": -9.8475336323,
    "operatingIncome": -27060000,
    "operatingIncomeRatio": -10.1121076233,
    "totalOtherIncomeExpensesNet": 1750000,
    "incomeBeforeTax": -25310000,
    "incomeBeforeTaxRatio": -9.4581464873,
    "incomeTaxExpense": -156000,
    "netIncome": -25145000,
    "netIncomeRatio": -9.3964872945,
    "eps": -0.3,
    "epsdiluted": -0.3,
    "weightedAverageShsOut": 83303000,
    "weightedAverageShsOutDil": 83303000,
    "link": "https://www.sec.gov/Archives/edgar/data/879169/000110465905036765/0001104659-05-036765-index.htm",
    "finalLink": "https://www.sec.gov/Archives/edgar/data/879169/000110465905036765/a05-13533_110q.htm"
  },
  {
    "date": "2005-03-31",
    "symbol": "INCY",
    "reportedCurrency": "USD",
    "cik": "0000879169",
    "fillingDate": "2005-05-06",
    "acceptedDate": "2005-05-06 15:03:59",
    "calendarYear": "2005",
    "period": "Q1",
    "revenue": 2915000,
    "costOfRevenue": 0,
    "grossProfit": 2915000,
    "grossProfitRatio": 1,
    "researchAndDevelopmentExpenses": 17764000,
    "generalAndAdministrativeExpenses": 0,
    "sellingAndMarketingExpenses": 0,
    "sellingGeneralAndAdministrativeExpenses": 3144000,
    "otherExpenses": 0,
    "operatingExpenses": 20908000,
    "costAndExpenses": 20908000,
    "interestIncome": 0,
    "interestExpense": 2152000,
    "depreciationAndAmortization": 1853000,
    "ebitda": -15797000,
    "ebitdaratio": -5.4192109777,
    "operatingIncome": -17993000,
    "operatingIncomeRatio": -6.1725557461,
    "totalOtherIncomeExpensesNet": -2291000,
    "incomeBeforeTax": -20284000,
    "incomeBeforeTaxRatio": -6.958490566,
    "incomeTaxExpense": 0,
    "netIncome": -20131000,
    "netIncomeRatio": -6.9060034305,
    "eps": -0.24,
    "epsdiluted": -0.24,
    "weightedAverageShsOut": 83049000,
    "weightedAverageShsOutDil": 83049000,
    "link": "https://www.sec.gov/Archives/edgar/data/879169/000119312505099126/0001193125-05-099126-index.htm",
    "finalLink": "https://www.sec.gov/Archives/edgar/data/879169/000119312505099126/d10q.htm"
  },
  {
    "date": "2004-12-31",
    "symbol": "INCY",
    "reportedCurrency": "USD",
    "cik": "0000879169",
    "fillingDate": "2005-03-11",
    "acceptedDate": "2005-03-11 14:10:22",
    "calendarYear": "2004",
    "period": "Q4",
    "revenue": -1052000,
    "costOfRevenue": 0,
    "grossProfit": -1052000,
    "grossProfitRatio": 1,
    "researchAndDevelopmentExpenses": 17892000,
    "generalAndAdministrativeExpenses": 59579000,
    "sellingAndMarketingExpenses": -44430000,
    "sellingGeneralAndAdministrativeExpenses": 15149000,
    "otherExpenses": 0,
    "operatingExpenses": 33041000,
    "costAndExpenses": 33041000,
    "interestIncome": 0,
    "interestExpense": 3563000,
    "depreciationAndAmortization": 2928000,
    "ebitda": -31165000,
    "ebitdaratio": 29.6245247148,
    "operatingIncome": -34093000,
    "operatingIncomeRatio": 32.4077946768,
    "totalOtherIncomeExpensesNet": -2054000,
    "incomeBeforeTax": -36147000,
    "incomeBeforeTaxRatio": 34.3602661597,
    "incomeTaxExpense": 226000,
    "netIncome": -37526000,
    "netIncomeRatio": 35.6711026616,
    "eps": -0.47,
    "epsdiluted": -0.45,
    "weightedAverageShsOut": 79322000,
    "weightedAverageShsOutDil": 83022414,
    "link": "https://www.sec.gov/Archives/edgar/data/879169/000119312505047638/0001193125-05-047638-index.htm",
    "finalLink": "https://www.sec.gov/Archives/edgar/data/879169/000119312505047638/d10k.htm"
  },
  {
    "date": "2004-09-30",
    "symbol": "INCY",
    "reportedCurrency": "USD",
    "cik": "0000879169",
    "fillingDate": "2004-11-05",
    "acceptedDate": "2004-11-05 15:01:13",
    "calendarYear": "2004",
    "period": "Q3",
    "revenue": 3393000,
    "costOfRevenue": 0,
    "grossProfit": 3393000,
    "grossProfitRatio": 1,
    "researchAndDevelopmentExpenses": 18629000,
    "generalAndAdministrativeExpenses": 0,
    "sellingAndMarketingExpenses": 0,
    "sellingGeneralAndAdministrativeExpenses": 5104000,
    "otherExpenses": 0,
    "operatingExpenses": 23733000,
    "costAndExpenses": 23733000,
    "interestIncome": 0,
    "interestExpense": 0,
    "depreciationAndAmortization": 4143000,
    "ebitda": -16061000,
    "ebitdaratio": -4.7335691129,
    "operatingIncome": -20340000,
    "operatingIncomeRatio": -5.9946949602,
    "totalOtherIncomeExpensesNet": -5636000,
    "incomeBeforeTax": -25976000,
    "incomeBeforeTaxRatio": -7.6557618627,
    "incomeTaxExpense": 5636000,
    "netIncome": -25976000,
    "netIncomeRatio": -7.6557618627,
    "eps": -0.35,
    "epsdiluted": -0.35,
    "weightedAverageShsOut": 73323000,
    "weightedAverageShsOutDil": 73323000,
    "link": "https://www.sec.gov/Archives/edgar/data/879169/000119312504187765/0001193125-04-187765-index.htm",
    "finalLink": "https://www.sec.gov/Archives/edgar/data/879169/000119312504187765/d10q.htm"
  },
  {
    "date": "2004-06-30",
    "symbol": "INCY",
    "reportedCurrency": "USD",
    "cik": "0000879169",
    "fillingDate": "2004-08-06",
    "acceptedDate": "2004-08-06 16:24:53",
    "calendarYear": "2004",
    "period": "Q2",
    "revenue": 5163000,
    "costOfRevenue": 0,
    "grossProfit": 5163000,
    "grossProfitRatio": 1,
    "researchAndDevelopmentExpenses": 25565000,
    "generalAndAdministrativeExpenses": 0,
    "sellingAndMarketingExpenses": 0,
    "sellingGeneralAndAdministrativeExpenses": 40541000,
    "otherExpenses": 0,
    "operatingExpenses": 66106000,
    "costAndExpenses": 66106000,
    "interestIncome": 0,
    "interestExpense": 0,
    "depreciationAndAmortization": 3597000,
    "ebitda": -57126000,
    "ebitdaratio": -11.0644973852,
    "operatingIncome": -60943000,
    "operatingIncomeRatio": -11.8037962425,
    "totalOtherIncomeExpensesNet": -2231000,
    "incomeBeforeTax": -63501000,
    "incomeBeforeTaxRatio": -12.2992446252,
    "incomeTaxExpense": 99000,
    "netIncome": -63600000,
    "netIncomeRatio": -12.3184195235,
    "eps": -0.87,
    "epsdiluted": -0.87,
    "weightedAverageShsOut": 72929000,
    "weightedAverageShsOutDil": 72929000,
    "link": "https://www.sec.gov/Archives/edgar/data/879169/000119312504134382/0001193125-04-134382-index.htm",
    "finalLink": "https://www.sec.gov/Archives/edgar/data/879169/000119312504134382/d10q.htm"
  },
  {
    "date": "2004-03-31",
    "symbol": "INCY",
    "reportedCurrency": "USD",
    "cik": "0000879169",
    "fillingDate": "2004-05-07",
    "acceptedDate": "2004-05-07 13:35:38",
    "calendarYear": "2004",
    "period": "Q1",
    "revenue": 6641000,
    "costOfRevenue": 0,
    "grossProfit": 6641000,
    "grossProfitRatio": 1,
    "researchAndDevelopmentExpenses": 26184000,
    "generalAndAdministrativeExpenses": 0,
    "sellingAndMarketingExpenses": 0,
    "sellingGeneralAndAdministrativeExpenses": 13934000,
    "otherExpenses": 0,
    "operatingExpenses": 40118000,
    "costAndExpenses": 40118000,
    "interestIncome": 0,
    "interestExpense": 0,
    "depreciationAndAmortization": 3245000,
    "ebitda": -30147000,
    "ebitdaratio": -4.5395271796,
    "operatingIncome": -33477000,
    "operatingIncomeRatio": -5.0409576871,
    "totalOtherIncomeExpensesNet": -4110000,
    "incomeBeforeTax": -37715000,
    "incomeBeforeTaxRatio": -5.6791145912,
    "incomeTaxExpense": 128000,
    "netIncome": -37715000,
    "netIncomeRatio": -5.6791145912,
    "eps": -0.52,
    "epsdiluted": -0.52,
    "weightedAverageShsOut": 72643000,
    "weightedAverageShsOutDil": 72643000,
    "link": "https://www.sec.gov/Archives/edgar/data/879169/000119312504081827/0001193125-04-081827-index.htm",
    "finalLink": "https://www.sec.gov/Archives/edgar/data/879169/000119312504081827/d10q.htm"
  },
  {
    "date": "2003-12-31",
    "symbol": "INCY",
    "reportedCurrency": "USD",
    "cik": "0000879169",
    "fillingDate": "2004-03-15",
    "acceptedDate": "2004-03-15 14:55:05",
    "calendarYear": "2003",
    "period": "Q4",
    "revenue": 10298000,
    "costOfRevenue": 0,
    "grossProfit": 10298000,
    "grossProfitRatio": 1,
    "researchAndDevelopmentExpenses": 27570000,
    "generalAndAdministrativeExpenses": 24724000,
    "sellingAndMarketingExpenses": -19413000,
    "sellingGeneralAndAdministrativeExpenses": 5311000,
    "otherExpenses": 0,
    "operatingExpenses": 48747000,
    "costAndExpenses": 48747000,
    "interestIncome": 0,
    "interestExpense": 0,
    "depreciationAndAmortization": 4242000,
    "ebitda": -34207000,
    "ebitdaratio": -3.321712954,
    "operatingIncome": -38035000,
    "operatingIncomeRatio": -3.6934356186,
    "totalOtherIncomeExpensesNet": -2946000,
    "incomeBeforeTax": -40981000,
    "incomeBeforeTaxRatio": -3.9795105846,
    "incomeTaxExpense": -214000,
    "netIncome": -40767000,
    "netIncomeRatio": -3.9587298505,
    "eps": -0.56,
    "epsdiluted": -0.56,
    "weightedAverageShsOut": 72410000,
    "weightedAverageShsOutDil": 72544903,
    "link": "https://www.sec.gov/Archives/edgar/data/879169/000119312504042081/0001193125-04-042081-index.htm",
    "finalLink": "https://www.sec.gov/Archives/edgar/data/879169/000119312504042081/d10k.htm"
  },
  {
    "date": "2003-09-30",
    "symbol": "INCY",
    "reportedCurrency": "USD",
    "cik": "0000879169",
    "fillingDate": "2003-11-13",
    "acceptedDate": "2003-11-13 15:39:59",
    "calendarYear": "2003",
    "period": "Q3",
    "revenue": 13249000,
    "costOfRevenue": 0,
    "grossProfit": 13249000,
    "grossProfitRatio": 1,
    "researchAndDevelopmentExpenses": 28619000,
    "generalAndAdministrativeExpenses": 0,
    "sellingAndMarketingExpenses": 0,
    "sellingGeneralAndAdministrativeExpenses": 8550000,
    "otherExpenses": 0,
    "operatingExpenses": 37169000,
    "costAndExpenses": 37169000,
    "interestIncome": 0,
    "interestExpense": 0,
    "depreciationAndAmortization": 4504000,
    "ebitda": -30170000,
    "ebitdaratio": -2.2771529927,
    "operatingIncome": -30170000,
    "operatingIncomeRatio": -2.2771529927,
    "totalOtherIncomeExpensesNet": -12652000,
    "incomeBeforeTax": -42822000,
    "incomeBeforeTaxRatio": -3.2320929882,
    "incomeTaxExpense": 190000,
    "netIncome": -43012000,
    "netIncomeRatio": -3.2464336931,
    "eps": -0.6,
    "epsdiluted": -0.6,
    "weightedAverageShsOut": 72185000,
    "weightedAverageShsOutDil": 72185000,
    "link": "https://www.sec.gov/Archives/edgar/data/879169/000119312503080067/0001193125-03-080067-index.htm",
    "finalLink": "https://www.sec.gov/Archives/edgar/data/879169/000119312503080067/d10q.htm"
  },
  {
    "date": "2003-06-30",
    "symbol": "INCY",
    "reportedCurrency": "USD",
    "cik": "0000879169",
    "fillingDate": "2003-08-13",
    "acceptedDate": "2003-08-13 15:19:28",
    "calendarYear": "2003",
    "period": "Q2",
    "revenue": 11036000,
    "costOfRevenue": 0,
    "grossProfit": 11036000,
    "grossProfitRatio": 1,
    "researchAndDevelopmentExpenses": 29870000,
    "generalAndAdministrativeExpenses": 0,
    "sellingAndMarketingExpenses": 0,
    "sellingGeneralAndAdministrativeExpenses": 7694000,
    "otherExpenses": 0,
    "operatingExpenses": 37564000,
    "costAndExpenses": 37564000,
    "interestIncome": 0,
    "interestExpense": 2490000,
    "depreciationAndAmortization": 4482000,
    "ebitda": -22046000,
    "ebitdaratio": -1.9976440739,
    "operatingIncome": -26818000,
    "operatingIncomeRatio": -2.4300471185,
    "totalOtherIncomeExpensesNet": 159000,
    "incomeBeforeTax": -26659000,
    "incomeBeforeTaxRatio": -2.4156397245,
    "incomeTaxExpense": 241000,
    "netIncome": -26900000,
    "netIncomeRatio": -2.4374773469,
    "eps": -0.37,
    "epsdiluted": -0.37,
    "weightedAverageShsOut": 71895000,
    "weightedAverageShsOutDil": 71895000,
    "link": "https://www.sec.gov/Archives/edgar/data/879169/000119312503035827/0001193125-03-035827-index.htm",
    "finalLink": "https://www.sec.gov/Archives/edgar/data/879169/000119312503035827/d10q.htm"
  },
  {
    "date": "2003-03-31",
    "symbol": "INCY",
    "reportedCurrency": "USD",
    "cik": "0000879169",
    "fillingDate": "2003-05-14",
    "acceptedDate": "2003-05-14 15:10:28",
    "calendarYear": "2003",
    "period": "Q1",
    "revenue": 12509000,
    "costOfRevenue": 0,
    "grossProfit": 12509000,
    "grossProfitRatio": 1,
    "researchAndDevelopmentExpenses": 30186000,
    "generalAndAdministrativeExpenses": 0,
    "sellingAndMarketingExpenses": 0,
    "sellingGeneralAndAdministrativeExpenses": 8480000,
    "otherExpenses": 0,
    "operatingExpenses": 38666000,
    "costAndExpenses": 38666000,
    "interestIncome": 0,
    "interestExpense": 0,
    "depreciationAndAmortization": 4457000,
    "ebitda": -54273000,
    "ebitdaratio": -4.3387161244,
    "operatingIncome": -54273000,
    "operatingIncomeRatio": -4.3387161244,
    "totalOtherIncomeExpensesNet": -1251000,
    "incomeBeforeTax": -55524000,
    "incomeBeforeTaxRatio": -4.4387241186,
    "incomeTaxExpense": 260000,
    "netIncome": -55784000,
    "netIncomeRatio": -4.4595091534,
    "eps": -0.81,
    "epsdiluted": -0.81,
    "weightedAverageShsOut": 68986000,
    "weightedAverageShsOutDil": 68986000,
    "link": "https://www.sec.gov/Archives/edgar/data/879169/000095016803001763/0000950168-03-001763-index.htm",
    "finalLink": "https://www.sec.gov/Archives/edgar/data/879169/000095016803001763/d10q.htm"
  },
  {
    "date": "2002-12-31",
    "symbol": "INCY",
    "reportedCurrency": "USD",
    "cik": "0000879169",
    "fillingDate": "2003-03-28",
    "acceptedDate": "2003-03-28 17:08:31",
    "calendarYear": "2002",
    "period": "Q4",
    "revenue": 21149000,
    "costOfRevenue": 0,
    "grossProfit": 21149000,
    "grossProfitRatio": 1,
    "researchAndDevelopmentExpenses": 33612000,
    "generalAndAdministrativeExpenses": 39363000,
    "sellingAndMarketingExpenses": -33056000,
    "sellingGeneralAndAdministrativeExpenses": 6307000,
    "otherExpenses": 0,
    "operatingExpenses": 39919000,
    "costAndExpenses": 39919000,
    "interestIncome": 0,
    "interestExpense": 9434000,
    "depreciationAndAmortization": 6343000,
    "ebitda": -12427000,
    "ebitdaratio": -0.587592794,
    "operatingIncome": -18770000,
    "operatingIncomeRatio": -0.8875124119,
    "totalOtherIncomeExpensesNet": -48505000,
    "incomeBeforeTax": -67275000,
    "incomeBeforeTaxRatio": -3.1810014658,
    "incomeTaxExpense": 217000,
    "netIncome": -67492000,
    "netIncomeRatio": -3.1912619982,
    "eps": -1,
    "epsdiluted": -1,
    "weightedAverageShsOut": 67568000,
    "weightedAverageShsOutDil": 67568000,
    "link": "https://www.sec.gov/Archives/edgar/data/879169/000102140803005282/0001021408-03-005282-index.htm",
    "finalLink": "https://www.sec.gov/Archives/edgar/data/879169/000102140803005282/d10k.htm"
  },
  {
    "date": "2002-09-30",
    "symbol": "INCY",
    "reportedCurrency": "USD",
    "cik": "0000879169",
    "fillingDate": "2002-11-14",
    "acceptedDate": "2002-11-14 18:12:44",
    "calendarYear": "2002",
    "period": "Q3",
    "revenue": 22390000,
    "costOfRevenue": 0,
    "grossProfit": 22390000,
    "grossProfitRatio": 1,
    "researchAndDevelopmentExpenses": 47406000,
    "generalAndAdministrativeExpenses": 0,
    "sellingAndMarketingExpenses": 0,
    "sellingGeneralAndAdministrativeExpenses": 12447000,
    "otherExpenses": 301000,
    "operatingExpenses": 59854000,
    "costAndExpenses": 59854000,
    "interestIncome": 0,
    "interestExpense": 0,
    "depreciationAndAmortization": 5609000,
    "ebitda": -31855000,
    "ebitdaratio": -1.4227333631,
    "operatingIncome": -37464000,
    "operatingIncomeRatio": -1.6732469853,
    "totalOtherIncomeExpensesNet": -647000,
    "incomeBeforeTax": -38111000,
    "incomeBeforeTaxRatio": -1.7021438142,
    "incomeTaxExpense": 300000,
    "netIncome": -38411000,
    "netIncomeRatio": -1.715542653,
    "eps": -0.57,
    "epsdiluted": -0.57,
    "weightedAverageShsOut": 67740000,
    "weightedAverageShsOutDil": 67740000,
    "link": "https://www.sec.gov/Archives/edgar/data/879169/000102140802014186/0001021408-02-014186-index.htm",
    "finalLink": "https://www.sec.gov/Archives/edgar/data/879169/000102140802014186/d10q.htm"
  },
  {
    "date": "2002-06-30",
    "symbol": "INCY",
    "reportedCurrency": "USD",
    "cik": "0000879169",
    "fillingDate": "2002-08-14",
    "acceptedDate": "2002-08-14 14:09:16",
    "calendarYear": "2002",
    "period": "Q2",
    "revenue": 29059000,
    "costOfRevenue": 0,
    "grossProfit": 29059000,
    "grossProfitRatio": 1,
    "researchAndDevelopmentExpenses": 37717000,
    "generalAndAdministrativeExpenses": 0,
    "sellingAndMarketingExpenses": 0,
    "sellingGeneralAndAdministrativeExpenses": 12748000,
    "otherExpenses": 1371000,
    "operatingExpenses": 51836000,
    "costAndExpenses": 51836000,
    "interestIncome": 0,
    "interestExpense": 6601000,
    "depreciationAndAmortization": 4424000,
    "ebitda": -18353000,
    "ebitdaratio": -0.6315771362,
    "operatingIncome": -22777000,
    "operatingIncomeRatio": -0.7838191266,
    "totalOtherIncomeExpensesNet": 5536000,
    "incomeBeforeTax": -17241000,
    "incomeBeforeTaxRatio": -0.5933101621,
    "incomeTaxExpense": 300000,
    "netIncome": -17541000,
    "netIncomeRatio": -0.603633986,
    "eps": -0.26,
    "epsdiluted": -0.26,
    "weightedAverageShsOut": 67440000,
    "weightedAverageShsOutDil": 67440000,
    "link": "https://www.sec.gov/Archives/edgar/data/879169/000102140802010918/0001021408-02-010918-index.htm",
    "finalLink": "https://www.sec.gov/Archives/edgar/data/879169/000102140802010918/d10q.htm"
  },
  {
    "date": "2002-03-31",
    "symbol": "INCY",
    "reportedCurrency": "USD",
    "cik": "0000879169",
    "fillingDate": "2002-05-15",
    "acceptedDate": "2002-05-15 16:05:48",
    "calendarYear": "2002",
    "period": "Q1",
    "revenue": 29014000,
    "costOfRevenue": 0,
    "grossProfit": 29014000,
    "grossProfitRatio": 1,
    "researchAndDevelopmentExpenses": 33743000,
    "generalAndAdministrativeExpenses": 0,
    "sellingAndMarketingExpenses": 0,
    "sellingGeneralAndAdministrativeExpenses": 14168000,
    "otherExpenses": 0,
    "operatingExpenses": 47911000,
    "costAndExpenses": 47911000,
    "interestIncome": 0,
    "interestExpense": 8157000,
    "depreciationAndAmortization": 6830000,
    "ebitda": -12067000,
    "ebitdaratio": -0.4159026677,
    "operatingIncome": -18897000,
    "operatingIncomeRatio": -0.6513062659,
    "totalOtherIncomeExpensesNet": 5759000,
    "incomeBeforeTax": -13138000,
    "incomeBeforeTaxRatio": -0.452815882,
    "incomeTaxExpense": 303000,
    "netIncome": -13441000,
    "netIncomeRatio": -0.4632591163,
    "eps": -0.2,
    "epsdiluted": -0.2,
    "weightedAverageShsOut": 66864000,
    "weightedAverageShsOutDil": 66864000,
    "link": "https://www.sec.gov/Archives/edgar/data/879169/000101287002002325/0001012870-02-002325-index.htm",
    "finalLink": "https://www.sec.gov/Archives/edgar/data/879169/000101287002002325/d10q.htm"
  },
  {
    "date": "2001-12-31",
    "symbol": "INCY",
    "reportedCurrency": "USD",
    "cik": "0000879169",
    "fillingDate": "2002-04-01",
    "acceptedDate": "2002-04-01 00:00:00",
    "calendarYear": "2001",
    "period": "Q4",
    "revenue": 54772000,
    "costOfRevenue": 0,
    "grossProfit": 54772000,
    "grossProfitRatio": 1,
    "researchAndDevelopmentExpenses": 51560000,
    "generalAndAdministrativeExpenses": 0,
    "sellingAndMarketingExpenses": 0,
    "sellingGeneralAndAdministrativeExpenses": 17588000,
    "otherExpenses": 0,
    "operatingExpenses": 69148000,
    "costAndExpenses": 69148000,
    "interestIncome": 0,
    "interestExpense": 0,
    "depreciationAndAmortization": 8818000,
    "ebitda": -5558000,
    "ebitdaratio": -0.1014752063,
    "operatingIncome": -14376000,
    "operatingIncomeRatio": -0.2624698751,
    "totalOtherIncomeExpensesNet": -130604000,
    "incomeBeforeTax": -144980000,
    "incomeBeforeTaxRatio": -2.6469729059,
    "incomeTaxExpense": 225000,
    "netIncome": -145205000,
    "netIncomeRatio": -2.6510808442,
    "eps": -2.18,
    "epsdiluted": -2.18,
    "weightedAverageShsOut": 66580000,
    "weightedAverageShsOutDil": 66746000,
    "link": "https://www.sec.gov/Archives/edgar/data/879169/000101287002001608/0001012870-02-001608-index.htm",
    "finalLink": "https://www.sec.gov/Archives/edgar/data/879169/000101287002001608/d10k.txt"
  },
  {
    "date": "2001-09-30",
    "symbol": "INCY",
    "reportedCurrency": "USD",
    "cik": "0000879169",
    "fillingDate": "2001-11-14",
    "acceptedDate": "2001-11-14 00:00:00",
    "calendarYear": "2001",
    "period": "Q3",
    "revenue": 57319000,
    "costOfRevenue": 0,
    "grossProfit": 57319000,
    "grossProfitRatio": 1,
    "researchAndDevelopmentExpenses": 50662000,
    "generalAndAdministrativeExpenses": 0,
    "sellingAndMarketingExpenses": 0,
    "sellingGeneralAndAdministrativeExpenses": 17886000,
    "otherExpenses": 0,
    "operatingExpenses": 68548000,
    "costAndExpenses": 68548000,
    "interestIncome": 0,
    "interestExpense": 0,
    "depreciationAndAmortization": 13652000,
    "ebitda": 2423000,
    "ebitdaratio": 0.042272196,
    "operatingIncome": -11229000,
    "operatingIncomeRatio": -0.1959036271,
    "totalOtherIncomeExpensesNet": -6373000,
    "incomeBeforeTax": -17602000,
    "incomeBeforeTaxRatio": -0.3070884,
    "incomeTaxExpense": 225000,
    "netIncome": -17827000,
    "netIncomeRatio": -0.3110138,
    "eps": -0.27,
    "epsdiluted": -0.27,
    "weightedAverageShsOut": 66370000,
    "weightedAverageShsOutDil": 66370000,
    "link": "https://www.sec.gov/Archives/edgar/data/879169/000101287001502844/0001012870-01-502844-index.htm",
    "finalLink": "https://www.sec.gov/Archives/edgar/data/879169/000101287001502844/d10q.txt"
  },
  {
    "date": "2001-06-30",
    "symbol": "INCY",
    "reportedCurrency": "USD",
    "cik": "0000879169",
    "fillingDate": "2001-08-14",
    "acceptedDate": "2001-08-14 00:00:00",
    "calendarYear": "2001",
    "period": "Q2",
    "revenue": 56051000,
    "costOfRevenue": 0,
    "grossProfit": 56051000,
    "grossProfitRatio": 1,
    "researchAndDevelopmentExpenses": 55155000,
    "generalAndAdministrativeExpenses": 0,
    "sellingAndMarketingExpenses": 0,
    "sellingGeneralAndAdministrativeExpenses": 18591000,
    "otherExpenses": 0,
    "operatingExpenses": 73746000,
    "costAndExpenses": 73746000,
    "interestIncome": 0,
    "interestExpense": 0,
    "depreciationAndAmortization": 12591000,
    "ebitda": -5104000,
    "ebitdaratio": -0.0910599276,
    "operatingIncome": -17695000,
    "operatingIncomeRatio": -0.3156946352,
    "totalOtherIncomeExpensesNet": 8029000,
    "incomeBeforeTax": -9666000,
    "incomeBeforeTaxRatio": -0.1724500901,
    "incomeTaxExpense": 225000,
    "netIncome": -9891000,
    "netIncomeRatio": -0.1764642914,
    "eps": -0.15,
    "epsdiluted": -0.15,
    "weightedAverageShsOut": 66076000,
    "weightedAverageShsOutDil": 66076000,
    "link": "https://www.sec.gov/Archives/edgar/data/879169/000102140801505179/0001021408-01-505179-index.htm",
    "finalLink": "https://www.sec.gov/Archives/edgar/data/879169/000102140801505179/d10q.txt"
  },
  {
    "date": "2001-03-31",
    "symbol": "INCY",
    "reportedCurrency": "USD",
    "cik": "0000879169",
    "fillingDate": "2001-05-15",
    "acceptedDate": "2001-05-15 00:00:00",
    "calendarYear": "2001",
    "period": "Q1",
    "revenue": 51121000,
    "costOfRevenue": -12604000,
    "grossProfit": 63725000,
    "grossProfitRatio": 1.2465522975,
    "researchAndDevelopmentExpenses": 55959000,
    "generalAndAdministrativeExpenses": 0,
    "sellingAndMarketingExpenses": 0,
    "sellingGeneralAndAdministrativeExpenses": 16561000,
    "otherExpenses": 0,
    "operatingExpenses": 72520000,
    "costAndExpenses": 59916000,
    "interestIncome": 0,
    "interestExpense": 0,
    "depreciationAndAmortization": 12604000,
    "ebitda": 3809000,
    "ebitdaratio": 0.0745094971,
    "operatingIncome": -21399000,
    "operatingIncomeRatio": -0.4185950979,
    "totalOtherIncomeExpensesNet": 6677000,
    "incomeBeforeTax": -14722000,
    "incomeBeforeTaxRatio": -0.2879834119,
    "incomeTaxExpense": 255000,
    "netIncome": -10312000,
    "netIncomeRatio": -0.2017174938,
    "eps": -0.16,
    "epsdiluted": -0.16,
    "weightedAverageShsOut": 65745000,
    "weightedAverageShsOutDil": 65745000,
    "link": "https://www.sec.gov/Archives/edgar/data/879169/000101287001500795/0001012870-01-500795-index.htm",
    "finalLink": "https://www.sec.gov/Archives/edgar/data/879169/000101287001500795/d10q.txt"
  },
  {
    "date": "2000-12-31",
    "symbol": "INCY",
    "reportedCurrency": "USD",
    "cik": "0000879169",
    "fillingDate": "2001-04-02",
    "acceptedDate": "2001-04-02 00:00:00",
    "calendarYear": "2000",
    "period": "Q4",
    "revenue": 55416000,
    "costOfRevenue": -8679000,
    "grossProfit": 64095000,
    "grossProfitRatio": 1.1566154179,
    "researchAndDevelopmentExpenses": 53935000,
    "generalAndAdministrativeExpenses": 0,
    "sellingAndMarketingExpenses": 0,
    "sellingGeneralAndAdministrativeExpenses": 18532000,
    "otherExpenses": 0,
    "operatingExpenses": 81146000,
    "costAndExpenses": 72467000,
    "interestIncome": 0,
    "interestExpense": 0,
    "depreciationAndAmortization": 8679000,
    "ebitda": -8372000,
    "ebitdaratio": -0.1510755017,
    "operatingIncome": -17051000,
    "operatingIncomeRatio": -0.3076909196,
    "totalOtherIncomeExpensesNet": 0,
    "incomeBeforeTax": 0,
    "incomeBeforeTaxRatio": 0,
    "incomeTaxExpense": -9681000,
    "netIncome": -7370000,
    "netIncomeRatio": -0.1329940811,
    "eps": -0.11,
    "epsdiluted": -0.11,
    "weightedAverageShsOut": 64369000,
    "weightedAverageShsOutDil": 65692000,
    "link": "https://www.sec.gov/Archives/edgar/data/879169/000101287001001449/0001012870-01-001449-index.htm",
    "finalLink": "https://www.sec.gov/Archives/edgar/data/879169/000101287001001449/0001012870-01-001449-0001.txt"
  },
  {
    "date": "2000-09-30",
    "symbol": "INCY",
    "reportedCurrency": "USD",
    "cik": "0000879169",
    "fillingDate": "2000-11-15",
    "acceptedDate": "2000-11-15 00:00:00",
    "calendarYear": "2000",
    "period": "Q3",
    "revenue": 51982000,
    "costOfRevenue": -9634000,
    "grossProfit": 61616000,
    "grossProfitRatio": 1.1853333846,
    "researchAndDevelopmentExpenses": 51880000,
    "generalAndAdministrativeExpenses": 0,
    "sellingAndMarketingExpenses": 0,
    "sellingGeneralAndAdministrativeExpenses": 15848000,
    "otherExpenses": 0,
    "operatingExpenses": 77362000,
    "costAndExpenses": 67728000,
    "interestIncome": 0,
    "interestExpense": 0,
    "depreciationAndAmortization": 9634000,
    "ebitda": -6112000,
    "ebitdaratio": -0.117579162,
    "operatingIncome": -15746000,
    "operatingIncomeRatio": -0.3029125467,
    "totalOtherIncomeExpensesNet": 0,
    "incomeBeforeTax": 0,
    "incomeBeforeTaxRatio": 0,
    "incomeTaxExpense": -8148000,
    "netIncome": -7598000,
    "netIncomeRatio": -0.1461659805,
    "eps": -0.12,
    "epsdiluted": -0.12,
    "weightedAverageShsOut": 64064000,
    "weightedAverageShsOutDil": 64064000,
    "link": "https://www.sec.gov/Archives/edgar/data/879169/000087916900000067/0000879169-00-000067-index.htm",
    "finalLink": "https://www.sec.gov/Archives/edgar/data/879169/000087916900000067/0000879169-00-000067-0001.txt"
  },
  {
    "date": "2000-06-30",
    "symbol": "INCY",
    "reportedCurrency": "USD",
    "cik": "0000879169",
    "fillingDate": "2000-08-11",
    "acceptedDate": "2000-08-11 00:00:00",
    "calendarYear": "2000",
    "period": "Q2",
    "revenue": 46015000,
    "costOfRevenue": -8415000,
    "grossProfit": 54430000,
    "grossProfitRatio": 1.1828751494,
    "researchAndDevelopmentExpenses": 45407000,
    "generalAndAdministrativeExpenses": 0,
    "sellingAndMarketingExpenses": 0,
    "sellingGeneralAndAdministrativeExpenses": 15000000,
    "otherExpenses": 0,
    "operatingExpenses": 68822000,
    "costAndExpenses": 60407000,
    "interestIncome": 0,
    "interestExpense": 0,
    "depreciationAndAmortization": 8415000,
    "ebitda": -5977000,
    "ebitdaratio": -0.1298924264,
    "operatingIncome": -14392000,
    "operatingIncomeRatio": -0.3127675758,
    "totalOtherIncomeExpensesNet": 0,
    "incomeBeforeTax": 0,
    "incomeBeforeTaxRatio": 0,
    "incomeTaxExpense": -7802000,
    "netIncome": -6590000,
    "netIncomeRatio": -0.1432141693,
    "eps": -0.1,
    "epsdiluted": -0.1,
    "weightedAverageShsOut": 63798000,
    "weightedAverageShsOutDil": 63798000,
    "link": "https://www.sec.gov/Archives/edgar/data/879169/000087916900000061/0000879169-00-000061-index.htm",
    "finalLink": "https://www.sec.gov/Archives/edgar/data/879169/000087916900000061/0000879169-00-000061-0001.txt"
  },
  {
    "date": "2000-03-31",
    "symbol": "INCY",
    "reportedCurrency": "USD",
    "cik": "0000879169",
    "fillingDate": "2000-05-15",
    "acceptedDate": "2000-05-15 00:00:00",
    "calendarYear": "2000",
    "period": "Q1",
    "revenue": 40754000,
    "costOfRevenue": -8114000,
    "grossProfit": 48868000,
    "grossProfitRatio": 1.1990970212,
    "researchAndDevelopmentExpenses": 41334000,
    "generalAndAdministrativeExpenses": 0,
    "sellingAndMarketingExpenses": 0,
    "sellingGeneralAndAdministrativeExpenses": 14821000,
    "otherExpenses": 0,
    "operatingExpenses": 64269000,
    "costAndExpenses": 56155000,
    "interestIncome": 0,
    "interestExpense": 0,
    "depreciationAndAmortization": 8114000,
    "ebitda": -7287000,
    "ebitdaratio": -0.1788045345,
    "operatingIncome": -15401000,
    "operatingIncomeRatio": -0.3779015557,
    "totalOtherIncomeExpensesNet": -1283000,
    "incomeBeforeTax": -16684000,
    "incomeBeforeTaxRatio": -0.409383128,
    "incomeTaxExpense": -7224000,
    "netIncome": -8177000,
    "netIncomeRatio": -0.2006428817,
    "eps": -0.13,
    "epsdiluted": -0.13,
    "weightedAverageShsOut": 60612000,
    "weightedAverageShsOutDil": 60612000,
    "link": "https://www.sec.gov/Archives/edgar/data/879169/000087916900000056/0000879169-00-000056-index.html",
    "finalLink": "https://www.sec.gov/Archives/edgar/data/879169/000087916900000056/"
  },
  {
    "date": "1999-12-31",
    "symbol": "INCY",
    "reportedCurrency": "USD",
    "cik": "0000879169",
    "fillingDate": "2000-03-22",
    "acceptedDate": "2000-03-22 00:00:00",
    "calendarYear": "1999",
    "period": "Q4",
    "revenue": 46100000,
    "costOfRevenue": -7000000,
    "grossProfit": 53100000,
    "grossProfitRatio": 1.1518438178,
    "researchAndDevelopmentExpenses": 42600000,
    "generalAndAdministrativeExpenses": 0,
    "sellingAndMarketingExpenses": 0,
    "sellingGeneralAndAdministrativeExpenses": 10300000,
    "otherExpenses": 0,
    "operatingExpenses": 59900000,
    "costAndExpenses": 52900000,
    "interestIncome": 0,
    "interestExpense": 0,
    "depreciationAndAmortization": 7000000,
    "ebitda": 200000,
    "ebitdaratio": 0.0043383948,
    "operatingIncome": -6800000,
    "operatingIncomeRatio": -0.147505423,
    "totalOtherIncomeExpensesNet": -1200000,
    "incomeBeforeTax": -8000000,
    "incomeBeforeTaxRatio": -0.1735357918,
    "incomeTaxExpense": -400000,
    "netIncome": -6400000,
    "netIncomeRatio": -0.1388286334,
    "eps": -0.11,
    "epsdiluted": -0.11,
    "weightedAverageShsOut": 59698595,
    "weightedAverageShsOutDil": 59698595,
    "link": "https://www.sec.gov/Archives/edgar/data/879169/000089161800001634/0000891618-00-001634-index.html",
    "finalLink": "https://www.sec.gov/Archives/edgar/data/879169/000089161800001634/"
  },
  {
    "date": "1999-09-30",
    "symbol": "INCY",
    "reportedCurrency": "USD",
    "cik": "0000879169",
    "fillingDate": "1999-11-01",
    "acceptedDate": "1999-11-01 00:00:00",
    "calendarYear": "1999",
    "period": "Q3",
    "revenue": 35400000,
    "costOfRevenue": -5900000,
    "grossProfit": 41300000,
    "grossProfitRatio": 1.1666666667,
    "researchAndDevelopmentExpenses": 36900000,
    "generalAndAdministrativeExpenses": 0,
    "sellingAndMarketingExpenses": 0,
    "sellingGeneralAndAdministrativeExpenses": 9000000,
    "otherExpenses": 0,
    "operatingExpenses": 51800000,
    "costAndExpenses": 45900000,
    "interestIncome": 0,
    "interestExpense": 0,
    "depreciationAndAmortization": 5900000,
    "ebitda": -4585000,
    "ebitdaratio": -0.129519774,
    "operatingIncome": -10500000,
    "operatingIncomeRatio": -0.2966101695,
    "totalOtherIncomeExpensesNet": -1915000,
    "incomeBeforeTax": -12400000,
    "incomeBeforeTaxRatio": -0.3502824859,
    "incomeTaxExpense": 600000,
    "netIncome": -11100000,
    "netIncomeRatio": -0.313559322,
    "eps": -0.2,
    "epsdiluted": -0.2,
    "weightedAverageShsOut": 55500000,
    "weightedAverageShsOutDil": 55500000,
    "link": "https://www.sec.gov/Archives/edgar/data/879169/000087916999000016/0000879169-99-000016-index.html",
    "finalLink": "https://www.sec.gov/Archives/edgar/data/879169/000087916999000016/"
  },
  {
    "date": "1999-06-30",
    "symbol": "INCY",
    "reportedCurrency": "USD",
    "cik": "0000879169",
    "fillingDate": "1999-08-04",
    "acceptedDate": "1999-08-04 00:00:00",
    "calendarYear": "1999",
    "period": "Q2",
    "revenue": 37900000,
    "costOfRevenue": -6400000,
    "grossProfit": 44300000,
    "grossProfitRatio": 1.1688654354,
    "researchAndDevelopmentExpenses": 36100000,
    "generalAndAdministrativeExpenses": 0,
    "sellingAndMarketingExpenses": 0,
    "sellingGeneralAndAdministrativeExpenses": 9500000,
    "otherExpenses": 0,
    "operatingExpenses": 52000000,
    "costAndExpenses": 45600000,
    "interestIncome": 0,
    "interestExpense": 0,
    "depreciationAndAmortization": 6400000,
    "ebitda": -1300000,
    "ebitdaratio": -0.0343007916,
    "operatingIncome": -7700000,
    "operatingIncomeRatio": -0.2031662269,
    "totalOtherIncomeExpensesNet": 300000,
    "incomeBeforeTax": -7400000,
    "incomeBeforeTaxRatio": -0.1952506596,
    "incomeTaxExpense": 0,
    "netIncome": -7400000,
    "netIncomeRatio": -0.1952506596,
    "eps": -0.13,
    "epsdiluted": -0.13,
    "weightedAverageShsOut": 56923077,
    "weightedAverageShsOutDil": 56923077,
    "link": "https://www.sec.gov/Archives/edgar/data/879169/000087916999000013/0000879169-99-000013-index.html",
    "finalLink": "https://www.sec.gov/Archives/edgar/data/879169/000087916999000013/"
  },
  {
    "date": "1999-03-31",
    "symbol": "INCY",
    "reportedCurrency": "USD",
    "cik": "0000879169",
    "fillingDate": "1999-05-17",
    "acceptedDate": "1999-05-17 00:00:00",
    "calendarYear": "1999",
    "period": "Q1",
    "revenue": 37600000,
    "costOfRevenue": -5400000,
    "grossProfit": 43000000,
    "grossProfitRatio": 1.1436170213,
    "researchAndDevelopmentExpenses": 31200000,
    "generalAndAdministrativeExpenses": 0,
    "sellingAndMarketingExpenses": 0,
    "sellingGeneralAndAdministrativeExpenses": 8400000,
    "otherExpenses": 0,
    "operatingExpenses": 45000000,
    "costAndExpenses": 39600000,
    "interestIncome": 0,
    "interestExpense": 0,
    "depreciationAndAmortization": 5400000,
    "ebitda": 3430000,
    "ebitdaratio": 0.0912234043,
    "operatingIncome": -2000000,
    "operatingIncomeRatio": -0.0531914894,
    "totalOtherIncomeExpensesNet": 70000,
    "incomeBeforeTax": -1900000,
    "incomeBeforeTaxRatio": -0.0505319149,
    "incomeTaxExpense": -100000,
    "netIncome": -1900000,
    "netIncomeRatio": -0.0505319149,
    "eps": -0.04,
    "epsdiluted": -0.04,
    "weightedAverageShsOut": 47500000,
    "weightedAverageShsOutDil": 47500000,
    "link": "https://www.sec.gov/Archives/edgar/data/879169/000087916999000009/0000879169-99-000009-index.html",
    "finalLink": "https://www.sec.gov/Archives/edgar/data/879169/"
  },
  {
    "date": "1998-12-31",
    "symbol": "INCY",
    "reportedCurrency": "USD",
    "cik": "0000879169",
    "fillingDate": "1999-03-25",
    "acceptedDate": "1999-03-25 00:00:00",
    "calendarYear": "1998",
    "period": "Q4",
    "revenue": 36600000,
    "costOfRevenue": -5800000,
    "grossProfit": 42400000,
    "grossProfitRatio": 1.1584699454,
    "researchAndDevelopmentExpenses": 27600000,
    "generalAndAdministrativeExpenses": 0,
    "sellingAndMarketingExpenses": 0,
    "sellingGeneralAndAdministrativeExpenses": 8200000,
    "otherExpenses": 0,
    "operatingExpenses": 41600000,
    "costAndExpenses": 35800000,
    "interestIncome": 0,
    "interestExpense": 0,
    "depreciationAndAmortization": 5800000,
    "ebitda": 6600000,
    "ebitdaratio": 0.1803278689,
    "operatingIncome": 800000,
    "operatingIncomeRatio": 0.0218579235,
    "totalOtherIncomeExpensesNet": 1000000,
    "incomeBeforeTax": 1800000,
    "incomeBeforeTaxRatio": 0.0491803279,
    "incomeTaxExpense": 300000,
    "netIncome": 1500000,
    "netIncomeRatio": 0.0409836066,
    "eps": 0.025,
    "epsdiluted": 0.02,
    "weightedAverageShsOut": 65368000,
    "weightedAverageShsOutDil": 52649000,
    "link": "https://www.sec.gov/Archives/edgar/data/879169/000087916999000005/0000879169-99-000005-index.html",
    "finalLink": "https://www.sec.gov/Archives/edgar/data/879169/"
  },
  {
    "date": "1998-09-30",
    "symbol": "INCY",
    "reportedCurrency": "USD",
    "cik": "0000879169",
    "fillingDate": "1998-11-13",
    "acceptedDate": "1998-11-13 00:00:00",
    "calendarYear": "1998",
    "period": "Q3",
    "revenue": 34700000,
    "costOfRevenue": -4300000,
    "grossProfit": 39000000,
    "grossProfitRatio": 1.1239193084,
    "researchAndDevelopmentExpenses": 24800000,
    "generalAndAdministrativeExpenses": 0,
    "sellingAndMarketingExpenses": 0,
    "sellingGeneralAndAdministrativeExpenses": 6900000,
    "otherExpenses": 0,
    "operatingExpenses": 36000000,
    "costAndExpenses": 31700000,
    "interestIncome": 0,
    "interestExpense": 0,
    "depreciationAndAmortization": 4300000,
    "ebitda": 7300000,
    "ebitdaratio": 0.2103746398,
    "operatingIncome": 3000000,
    "operatingIncomeRatio": 0.0864553314,
    "totalOtherIncomeExpensesNet": -9100000,
    "incomeBeforeTax": -6100000,
    "incomeBeforeTaxRatio": -0.1757925072,
    "incomeTaxExpense": 700000,
    "netIncome": -6800000,
    "netIncomeRatio": -0.1959654179,
    "eps": -0.13,
    "epsdiluted": -0.13,
    "weightedAverageShsOut": 52307692,
    "weightedAverageShsOutDil": 52307692,
    "link": "https://www.sec.gov/Archives/edgar/data/879169/000087916998000015/0000879169-98-000015-index.html",
    "finalLink": "https://www.sec.gov/Archives/edgar/data/879169/"
  },
  {
    "date": "1998-06-30",
    "symbol": "INCY",
    "reportedCurrency": "USD",
    "cik": "0000879169",
    "fillingDate": "1998-08-14",
    "acceptedDate": "1998-08-14 00:00:00",
    "calendarYear": "1998",
    "period": "Q2",
    "revenue": 33100000,
    "costOfRevenue": -4000000,
    "grossProfit": 37100000,
    "grossProfitRatio": 1.1208459215,
    "researchAndDevelopmentExpenses": 23100000,
    "generalAndAdministrativeExpenses": 0,
    "sellingAndMarketingExpenses": 0,
    "sellingGeneralAndAdministrativeExpenses": 5700000,
    "otherExpenses": 0,
    "operatingExpenses": 32800000,
    "costAndExpenses": 28800000,
    "interestIncome": 0,
    "interestExpense": 0,
    "depreciationAndAmortization": 4000000,
    "ebitda": 8300000,
    "ebitdaratio": 0.250755287,
    "operatingIncome": 4300000,
    "operatingIncomeRatio": 0.1299093656,
    "totalOtherIncomeExpensesNet": 1700000,
    "incomeBeforeTax": 6000000,
    "incomeBeforeTaxRatio": 0.1812688822,
    "incomeTaxExpense": 800000,
    "netIncome": 5200000,
    "netIncomeRatio": 0.1570996979,
    "eps": 0.1,
    "epsdiluted": 0.09,
    "weightedAverageShsOut": 52000000,
    "weightedAverageShsOutDil": 57777778,
    "link": "https://www.sec.gov/Archives/edgar/data/879169/000087916998000006/0000879169-98-000006-index.html",
    "finalLink": "https://www.sec.gov/Archives/edgar/data/879169/"
  },
  {
    "date": "1998-03-31",
    "symbol": "INCY",
    "reportedCurrency": "USD",
    "cik": "0000879169",
    "fillingDate": "1998-05-14",
    "acceptedDate": "1998-05-14 00:00:00",
    "calendarYear": "1998",
    "period": "Q1",
    "revenue": 30400000,
    "costOfRevenue": -3700000,
    "grossProfit": 34100000,
    "grossProfitRatio": 1.1217105263,
    "researchAndDevelopmentExpenses": 21700000,
    "generalAndAdministrativeExpenses": 0,
    "sellingAndMarketingExpenses": 0,
    "sellingGeneralAndAdministrativeExpenses": 4600000,
    "otherExpenses": 0,
    "operatingExpenses": 30000000,
    "costAndExpenses": 26300000,
    "interestIncome": 0,
    "interestExpense": 0,
    "depreciationAndAmortization": 3700000,
    "ebitda": 7800000,
    "ebitdaratio": 0.2565789474,
    "operatingIncome": 4100000,
    "operatingIncomeRatio": 0.1348684211,
    "totalOtherIncomeExpensesNet": 100000,
    "incomeBeforeTax": 4200000,
    "incomeBeforeTaxRatio": 0.1381578947,
    "incomeTaxExpense": 600000,
    "netIncome": 3600000,
    "netIncomeRatio": 0.1184210526,
    "eps": 0.07,
    "epsdiluted": 0.06,
    "weightedAverageShsOut": 51428571,
    "weightedAverageShsOutDil": 60000000,
    "link": "https://www.sec.gov/Archives/edgar/data/879169/000089161898002414/0000891618-98-002414-index.html",
    "finalLink": "https://www.sec.gov/Archives/edgar/data/879169/"
  },
  {
    "date": "1997-12-31",
    "symbol": "INCY",
    "reportedCurrency": "USD",
    "cik": "0000879169",
    "fillingDate": "1998-03-30",
    "acceptedDate": "1998-03-30 00:00:00",
    "calendarYear": "1997",
    "period": "Q4",
    "revenue": 26700000,
    "costOfRevenue": -3100000,
    "grossProfit": 29800000,
    "grossProfitRatio": 1.1161048689,
    "researchAndDevelopmentExpenses": 19900000,
    "generalAndAdministrativeExpenses": 0,
    "sellingAndMarketingExpenses": 0,
    "sellingGeneralAndAdministrativeExpenses": 3400000,
    "otherExpenses": 0,
    "operatingExpenses": 26400000,
    "costAndExpenses": 23300000,
    "interestIncome": 0,
    "interestExpense": 0,
    "depreciationAndAmortization": 3100000,
    "ebitda": 6500000,
    "ebitdaratio": 0.2434456929,
    "operatingIncome": 3400000,
    "operatingIncomeRatio": 0.127340824,
    "totalOtherIncomeExpensesNet": 1200000,
    "incomeBeforeTax": 4600000,
    "incomeBeforeTaxRatio": 0.1722846442,
    "incomeTaxExpense": 200000,
    "netIncome": 4400000,
    "netIncomeRatio": 0.1647940075,
    "eps": 0.06,
    "epsdiluted": 0.05,
    "weightedAverageShsOut": 54642857,
    "weightedAverageShsOutDil": 69807692,
    "link": "https://www.sec.gov/Archives/edgar/data/879169/000095000898000156/0000950008-98-000156-index.html",
    "finalLink": "https://www.sec.gov/Archives/edgar/data/879169/"
  },
  {
    "date": "1997-09-30",
    "symbol": "INCY",
    "reportedCurrency": "USD",
    "cik": "0000879169",
    "fillingDate": "1997-11-13",
    "acceptedDate": "1997-11-13 00:00:00",
    "calendarYear": "1997",
    "period": "Q3",
    "revenue": 22700000,
    "costOfRevenue": -2700000,
    "grossProfit": 25400000,
    "grossProfitRatio": 1.1189427313,
    "researchAndDevelopmentExpenses": 17500000,
    "generalAndAdministrativeExpenses": 0,
    "sellingAndMarketingExpenses": 0,
    "sellingGeneralAndAdministrativeExpenses": 3300000,
    "otherExpenses": 0,
    "operatingExpenses": 23500000,
    "costAndExpenses": 20800000,
    "interestIncome": 0,
    "interestExpense": 0,
    "depreciationAndAmortization": 2700000,
    "ebitda": 3600000,
    "ebitdaratio": 0.1585903084,
    "operatingIncome": 1900000,
    "operatingIncomeRatio": 0.0837004405,
    "totalOtherIncomeExpensesNet": 1300000,
    "incomeBeforeTax": 3200000,
    "incomeBeforeTaxRatio": 0.140969163,
    "incomeTaxExpense": 200000,
    "netIncome": 3000000,
    "netIncomeRatio": 0.1321585903,
    "eps": 0.0571,
    "epsdiluted": 0.0571,
    "weightedAverageShsOut": 52500000,
    "weightedAverageShsOutDil": 52500000,
    "link": "https://www.sec.gov/Archives/edgar/data/879169/000087916997000005/0000879169-97-000005-index.html",
    "finalLink": "https://www.sec.gov/Archives/edgar/data/879169/"
  },
  {
    "date": "1997-06-30",
    "symbol": "INCY",
    "reportedCurrency": "USD",
    "cik": "0000879169",
    "fillingDate": "1997-07-30",
    "acceptedDate": "1997-07-30 00:00:00",
    "calendarYear": "1997",
    "period": "Q2",
    "revenue": 21200000,
    "costOfRevenue": -2400000,
    "grossProfit": 23600000,
    "grossProfitRatio": 1.1132075472,
    "researchAndDevelopmentExpenses": 16800000,
    "generalAndAdministrativeExpenses": 0,
    "sellingAndMarketingExpenses": 0,
    "sellingGeneralAndAdministrativeExpenses": 2900000,
    "otherExpenses": 0,
    "operatingExpenses": 22100000,
    "costAndExpenses": 19700000,
    "interestIncome": 0,
    "interestExpense": 0,
    "depreciationAndAmortization": 2400000,
    "ebitda": 3100000,
    "ebitdaratio": 0.1462264151,
    "operatingIncome": 1500000,
    "operatingIncomeRatio": 0.070754717,
    "totalOtherIncomeExpensesNet": 500000,
    "incomeBeforeTax": 2000000,
    "incomeBeforeTaxRatio": 0.0943396226,
    "incomeTaxExpense": 100000,
    "netIncome": 1900000,
    "netIncomeRatio": 0.0896226415,
    "eps": 0.0438,
    "epsdiluted": 0.0438,
    "weightedAverageShsOut": 43333333,
    "weightedAverageShsOutDil": 43333333,
    "link": "https://www.sec.gov/Archives/edgar/data/879169/000089161897003074/0000891618-97-003074-index.html",
    "finalLink": "https://www.sec.gov/Archives/edgar/data/879169/"
  },
  {
    "date": "1997-03-31",
    "symbol": "INCY",
    "reportedCurrency": "USD",
    "cik": "0000879169",
    "fillingDate": "1997-05-15",
    "acceptedDate": "1997-05-15 00:00:00",
    "calendarYear": "1997",
    "period": "Q1",
    "revenue": 17900000,
    "costOfRevenue": -2200000,
    "grossProfit": 20100000,
    "grossProfitRatio": 1.1229050279,
    "researchAndDevelopmentExpenses": 14700000,
    "generalAndAdministrativeExpenses": 0,
    "sellingAndMarketingExpenses": 0,
    "sellingGeneralAndAdministrativeExpenses": 2600000,
    "otherExpenses": 0,
    "operatingExpenses": 19500000,
    "costAndExpenses": 17300000,
    "interestIncome": 0,
    "interestExpense": 0,
    "depreciationAndAmortization": 2200000,
    "ebitda": 2800000,
    "ebitdaratio": 0.156424581,
    "operatingIncome": 600000,
    "operatingIncomeRatio": 0.0335195531,
    "totalOtherIncomeExpensesNet": 500000,
    "incomeBeforeTax": 1100000,
    "incomeBeforeTaxRatio": 0.061452514,
    "incomeTaxExpense": 100000,
    "netIncome": 1000000,
    "netIncomeRatio": 0.0558659218,
    "eps": 0.03,
    "epsdiluted": 0.03,
    "weightedAverageShsOut": 33333333,
    "weightedAverageShsOutDil": 33333333,
    "link": "https://www.sec.gov/Archives/edgar/data/879169/000089161897002315/0000891618-97-002315-index.html",
    "finalLink": "https://www.sec.gov/Archives/edgar/data/879169/"
  },
  {
    "date": "1996-12-31",
    "symbol": "INCY",
    "reportedCurrency": "USD",
    "cik": "0000879169",
    "fillingDate": "1997-03-31",
    "acceptedDate": "1997-03-31 00:00:00",
    "calendarYear": "1996",
    "period": "Q4",
    "revenue": 14200000,
    "costOfRevenue": -2200000,
    "grossProfit": 16400000,
    "grossProfitRatio": 1.1549295775,
    "researchAndDevelopmentExpenses": 11900000,
    "generalAndAdministrativeExpenses": 0,
    "sellingAndMarketingExpenses": 0,
    "sellingGeneralAndAdministrativeExpenses": 2500000,
    "otherExpenses": 0,
    "operatingExpenses": 16600000,
    "costAndExpenses": 14400000,
    "interestIncome": 0,
    "interestExpense": 0,
    "depreciationAndAmortization": 2200000,
    "ebitda": 2000000,
    "ebitdaratio": 0.1408450704,
    "operatingIncome": -200000,
    "operatingIncomeRatio": -0.014084507,
    "totalOtherIncomeExpensesNet": 200000,
    "incomeBeforeTax": 500000,
    "incomeBeforeTaxRatio": 0.0352112676,
    "incomeTaxExpense": -400000,
    "netIncome": 200000,
    "netIncomeRatio": 0.014084507,
    "eps": 0.01,
    "epsdiluted": 0.01,
    "weightedAverageShsOut": 43333333,
    "weightedAverageShsOutDil": 43333333,
    "link": "https://www.sec.gov/Archives/edgar/data/879169/000095014997000691/0000950149-97-000691-index.html",
    "finalLink": "https://www.sec.gov/Archives/edgar/data/879169/"
  },
  {
    "date": "1996-09-30",
    "symbol": "INCY",
    "reportedCurrency": "USD",
    "cik": "0000879169",
    "fillingDate": "1996-11-14",
    "acceptedDate": "1996-11-14 00:00:00",
    "calendarYear": "1996",
    "period": "Q3",
    "revenue": 12900000,
    "costOfRevenue": -2000000,
    "grossProfit": 14900000,
    "grossProfitRatio": 1.1550387597,
    "researchAndDevelopmentExpenses": 11900000,
    "generalAndAdministrativeExpenses": 0,
    "sellingAndMarketingExpenses": 0,
    "sellingGeneralAndAdministrativeExpenses": 1700000,
    "otherExpenses": 0,
    "operatingExpenses": 15600000,
    "costAndExpenses": 13600000,
    "interestIncome": 0,
    "interestExpense": 0,
    "depreciationAndAmortization": 2000000,
    "ebitda": 1300000,
    "ebitdaratio": 0.1007751938,
    "operatingIncome": -700000,
    "operatingIncomeRatio": -0.0542635659,
    "totalOtherIncomeExpensesNet": -2600000,
    "incomeBeforeTax": -3300000,
    "incomeBeforeTaxRatio": -0.2558139535,
    "incomeTaxExpense": 2700000,
    "netIncome": -3400000,
    "netIncomeRatio": -0.2635658915,
    "eps": -0.09,
    "epsdiluted": -0.09,
    "weightedAverageShsOut": 37777778,
    "weightedAverageShsOutDil": 37777778,
    "link": "https://www.sec.gov/Archives/edgar/data/879169/000089161896002774/0000891618-96-002774-index.html",
    "finalLink": "https://www.sec.gov/Archives/edgar/data/879169/"
  },
  {
    "date": "1996-06-30",
    "symbol": "INCY",
    "reportedCurrency": "USD",
    "cik": "0000879169",
    "fillingDate": "1996-08-14",
    "acceptedDate": "1996-08-14 00:00:00",
    "calendarYear": "1996",
    "period": "Q2",
    "revenue": 7600000,
    "costOfRevenue": -1300000,
    "grossProfit": 8900000,
    "grossProfitRatio": 1.1710526316,
    "researchAndDevelopmentExpenses": 8800000,
    "generalAndAdministrativeExpenses": 0,
    "sellingAndMarketingExpenses": 0,
    "sellingGeneralAndAdministrativeExpenses": 1000000,
    "otherExpenses": 0,
    "operatingExpenses": 11100000,
    "costAndExpenses": 9800000,
    "interestIncome": 0,
    "interestExpense": 0,
    "depreciationAndAmortization": 1300000,
    "ebitda": -900000,
    "ebitdaratio": -0.1184210526,
    "operatingIncome": -2200000,
    "operatingIncomeRatio": -0.2894736842,
    "totalOtherIncomeExpensesNet": 600000,
    "incomeBeforeTax": -1600000,
    "incomeBeforeTaxRatio": -0.2105263158,
    "incomeTaxExpense": 0,
    "netIncome": -1600000,
    "netIncomeRatio": -0.2105263158,
    "eps": -0.04,
    "epsdiluted": -0.04,
    "weightedAverageShsOut": 40000000,
    "weightedAverageShsOutDil": 40000000,
    "link": "https://www.sec.gov/Archives/edgar/data/879169/000089161896001815/0000891618-96-001815-index.html",
    "finalLink": "https://www.sec.gov/Archives/edgar/data/879169/"
  },
  {
    "date": "1996-03-31",
    "symbol": "INCY",
    "reportedCurrency": "USD",
    "cik": "0000879169",
    "fillingDate": "1996-05-15",
    "acceptedDate": "1996-05-15 00:00:00",
    "calendarYear": "1996",
    "period": "Q1",
    "revenue": 5600000,
    "costOfRevenue": -1000000,
    "grossProfit": 6600000,
    "grossProfitRatio": 1.1785714286,
    "researchAndDevelopmentExpenses": 7400000,
    "generalAndAdministrativeExpenses": 0,
    "sellingAndMarketingExpenses": 0,
    "sellingGeneralAndAdministrativeExpenses": 1000000,
    "otherExpenses": 0,
    "operatingExpenses": 9400000,
    "costAndExpenses": 8400000,
    "interestIncome": 0,
    "interestExpense": 0,
    "depreciationAndAmortization": 1000000,
    "ebitda": -1800000,
    "ebitdaratio": -0.3214285714,
    "operatingIncome": -2800000,
    "operatingIncomeRatio": -0.5,
    "totalOtherIncomeExpensesNet": 700000,
    "incomeBeforeTax": -2100000,
    "incomeBeforeTaxRatio": -0.375,
    "incomeTaxExpense": -800000,
    "netIncome": -2000000,
    "netIncomeRatio": -0.3571428571,
    "eps": -0.05,
    "epsdiluted": -0.05,
    "weightedAverageShsOut": 40000000,
    "weightedAverageShsOutDil": 40000000,
    "link": "https://www.sec.gov/Archives/edgar/data/879169/000089161896000494/0000891618-96-000494-index.html",
    "finalLink": "https://www.sec.gov/Archives/edgar/data/879169/"
  },
  {
    "date": "1995-12-31",
    "symbol": "INCY",
    "reportedCurrency": "USD",
    "cik": "0000879169",
    "fillingDate": "1995-12-31",
    "acceptedDate": "1995-12-31 00:00:00",
    "calendarYear": "1995",
    "period": "Q4",
    "revenue": 4900000,
    "costOfRevenue": -900000,
    "grossProfit": 5800000,
    "grossProfitRatio": 1.1836734694,
    "researchAndDevelopmentExpenses": 6100000,
    "generalAndAdministrativeExpenses": 0,
    "sellingAndMarketingExpenses": 0,
    "sellingGeneralAndAdministrativeExpenses": 1300000,
    "otherExpenses": 0,
    "operatingExpenses": 8300000,
    "costAndExpenses": 7400000,
    "interestIncome": 0,
    "interestExpense": 0,
    "depreciationAndAmortization": 900000,
    "ebitda": -1600000,
    "ebitdaratio": -0.3265306122,
    "operatingIncome": -2500000,
    "operatingIncomeRatio": -0.5102040816,
    "totalOtherIncomeExpensesNet": 400000,
    "incomeBeforeTax": -2100000,
    "incomeBeforeTaxRatio": -0.4285714286,
    "incomeTaxExpense": -300000,
    "netIncome": -2200000,
    "netIncomeRatio": -0.4489795918,
    "eps": -0.0591,
    "epsdiluted": -0.0591,
    "weightedAverageShsOut": 37200000,
    "weightedAverageShsOutDil": 37200000,
    "link": null,
    "finalLink": null
  },
  {
    "date": "1995-09-30",
    "symbol": "INCY",
    "reportedCurrency": "USD",
    "cik": "0000879169",
    "fillingDate": "1995-09-30",
    "acceptedDate": "1995-09-30 00:00:00",
    "calendarYear": "1995",
    "period": "Q3",
    "revenue": 2900000,
    "costOfRevenue": -600000,
    "grossProfit": 3500000,
    "grossProfitRatio": 1.2068965517,
    "researchAndDevelopmentExpenses": 5000000,
    "generalAndAdministrativeExpenses": 0,
    "sellingAndMarketingExpenses": 0,
    "sellingGeneralAndAdministrativeExpenses": 1000000,
    "otherExpenses": 0,
    "operatingExpenses": 6600000,
    "costAndExpenses": 6000000,
    "interestIncome": 0,
    "interestExpense": 0,
    "depreciationAndAmortization": 700000,
    "ebitda": -2400000,
    "ebitdaratio": -0.8275862069,
    "operatingIncome": -3100000,
    "operatingIncomeRatio": -1.0689655172,
    "totalOtherIncomeExpensesNet": 200000,
    "incomeBeforeTax": -2900000,
    "incomeBeforeTaxRatio": -1,
    "incomeTaxExpense": -100000,
    "netIncome": -3000000,
    "netIncomeRatio": -1.0344827586,
    "eps": -0.1,
    "epsdiluted": -0.1,
    "weightedAverageShsOut": 30000000,
    "weightedAverageShsOutDil": 30000000,
    "link": null,
    "finalLink": null
  }
]