[
  {
    "date": "2025-06-28",
    "symbol": "INTC",
    "reportedCurrency": "USD",
    "cik": "0000050863",
    "fillingDate": "2025-07-24",
    "acceptedDate": "2025-07-24 16:08:10",
    "calendarYear": "2025",
    "period": "Q2",
    "revenue": 12859000000,
    "costOfRevenue": 9317000000,
    "grossProfit": 3542000000,
    "grossProfitRatio": 0.2754491018,
    "researchAndDevelopmentExpenses": 3684000000,
    "generalAndAdministrativeExpenses": 0,
    "sellingAndMarketingExpenses": 0,
    "sellingGeneralAndAdministrativeExpenses": 1144000000,
    "otherExpenses": 0,
    "operatingExpenses": 4828000000,
    "costAndExpenses": 14145000000,
    "interestIncome": 210000000,
    "interestExpense": 227000000,
    "depreciationAndAmortization": 3013000000,
    "ebitda": 471000000,
    "ebitdaratio": 0.0366280426,
    "operatingIncome": -1286000000,
    "operatingIncomeRatio": -0.1000077767,
    "totalOtherIncomeExpensesNet": -1483000000,
    "incomeBeforeTax": -2769000000,
    "incomeBeforeTaxRatio": -0.2153355626,
    "incomeTaxExpense": 255000000,
    "netIncome": -2918000000,
    "netIncomeRatio": -0.2269227778,
    "eps": -0.67,
    "epsdiluted": -0.67,
    "weightedAverageShsOut": 4369000000,
    "weightedAverageShsOutDil": 4369000000,
    "link": "https://www.sec.gov/Archives/edgar/data/50863/000005086325000109/0000050863-25-000109-index.htm",
    "finalLink": "https://www.sec.gov/Archives/edgar/data/50863/000005086325000109/intc-20250628.htm"
  },
  {
    "date": "2025-03-29",
    "symbol": "INTC",
    "reportedCurrency": "USD",
    "cik": "0000050863",
    "fillingDate": "2025-04-25",
    "acceptedDate": "2025-04-24 18:39:04",
    "calendarYear": "2025",
    "period": "Q1",
    "revenue": 12667000000,
    "costOfRevenue": 7995000000,
    "grossProfit": 4672000000,
    "grossProfitRatio": 0.3688323991,
    "researchAndDevelopmentExpenses": 3640000000,
    "generalAndAdministrativeExpenses": 0,
    "sellingAndMarketingExpenses": 0,
    "sellingGeneralAndAdministrativeExpenses": 1177000000,
    "otherExpenses": 156000000,
    "operatingExpenses": 4973000000,
    "costAndExpenses": 12968000000,
    "interestIncome": 245000000,
    "interestExpense": 299000000,
    "depreciationAndAmortization": 2674000000,
    "ebitda": 2387000000,
    "ebitdaratio": 0.1884424094,
    "operatingIncome": -301000000,
    "operatingIncomeRatio": -0.0237625326,
    "totalOtherIncomeExpensesNet": -285000000,
    "incomeBeforeTax": -586000000,
    "incomeBeforeTaxRatio": -0.0462619405,
    "incomeTaxExpense": 301000000,
    "netIncome": -821000000,
    "netIncomeRatio": -0.0648140838,
    "eps": -0.19,
    "epsdiluted": -0.19,
    "weightedAverageShsOut": 4343000000,
    "weightedAverageShsOutDil": 4343000000,
    "link": "https://www.sec.gov/Archives/edgar/data/50863/000005086325000074/0000050863-25-000074-index.htm",
    "finalLink": "https://www.sec.gov/Archives/edgar/data/50863/000005086325000074/intc-20250329.htm"
  },
  {
    "date": "2024-12-28",
    "symbol": "INTC",
    "reportedCurrency": "USD",
    "cik": "0000050863",
    "fillingDate": "2025-01-31",
    "acceptedDate": "2025-01-31 17:13:51",
    "calendarYear": "2024",
    "period": "Q4",
    "revenue": 14260000000,
    "costOfRevenue": 8676000000,
    "grossProfit": 5584000000,
    "grossProfitRatio": 0.3915848527,
    "researchAndDevelopmentExpenses": 3876000000,
    "generalAndAdministrativeExpenses": 0,
    "sellingAndMarketingExpenses": 0,
    "sellingGeneralAndAdministrativeExpenses": 1239000000,
    "otherExpenses": 57000000,
    "operatingExpenses": 5172000000,
    "costAndExpenses": 13848000000,
    "interestIncome": 822000000,
    "interestExpense": 196000000,
    "depreciationAndAmortization": 2647000000,
    "ebitda": 3480000000,
    "ebitdaratio": 0.2440392707,
    "operatingIncome": 412000000,
    "operatingIncomeRatio": 0.0288920056,
    "totalOtherIncomeExpensesNet": 187000000,
    "incomeBeforeTax": 599000000,
    "incomeBeforeTaxRatio": 0.0420056101,
    "incomeTaxExpense": 725000000,
    "netIncome": -126000000,
    "netIncomeRatio": -0.0088359046,
    "eps": -0.0292,
    "epsdiluted": -0.0292,
    "weightedAverageShsOut": 4319000000,
    "weightedAverageShsOutDil": 4319000000,
    "link": "https://www.sec.gov/Archives/edgar/data/50863/000005086325000009/0000050863-25-000009-index.htm",
    "finalLink": "https://www.sec.gov/Archives/edgar/data/50863/000005086325000009/intc-20241228.htm"
  },
  {
    "date": "2024-09-28",
    "symbol": "INTC",
    "reportedCurrency": "USD",
    "cik": "0000050863",
    "fillingDate": "2024-11-01",
    "acceptedDate": "2024-10-31 18:13:27",
    "calendarYear": "2024",
    "period": "Q3",
    "revenue": 13284000000,
    "costOfRevenue": 11287000000,
    "grossProfit": 1997000000,
    "grossProfitRatio": 0.1503312255,
    "researchAndDevelopmentExpenses": 4049000000,
    "generalAndAdministrativeExpenses": 0,
    "sellingAndMarketingExpenses": 0,
    "sellingGeneralAndAdministrativeExpenses": 1383000000,
    "otherExpenses": 5622000000,
    "operatingExpenses": 11054000000,
    "costAndExpenses": 22341000000,
    "interestIncome": 340000000,
    "interestExpense": 210000000,
    "depreciationAndAmortization": 3612000000,
    "ebitda": -5226000000,
    "ebitdaratio": -0.3934056007,
    "operatingIncome": -9057000000,
    "operatingIncomeRatio": -0.6817976513,
    "totalOtherIncomeExpensesNet": -29000000,
    "incomeBeforeTax": -9086000000,
    "incomeBeforeTaxRatio": -0.6839807287,
    "incomeTaxExpense": 7903000000,
    "netIncome": -16639000000,
    "netIncomeRatio": -1.25255947,
    "eps": -3.88,
    "epsdiluted": -3.88,
    "weightedAverageShsOut": 4292000000,
    "weightedAverageShsOutDil": 4292000000,
    "link": "https://www.sec.gov/Archives/edgar/data/50863/000005086324000149/0000050863-24-000149-index.htm",
    "finalLink": "https://www.sec.gov/Archives/edgar/data/50863/000005086324000149/intc-20240928.htm"
  },
  {
    "date": "2024-06-29",
    "symbol": "INTC",
    "reportedCurrency": "USD",
    "cik": "0000050863",
    "fillingDate": "2024-08-02",
    "acceptedDate": "2024-08-01 18:26:52",
    "calendarYear": "2024",
    "period": "Q2",
    "revenue": 12833000000,
    "costOfRevenue": 8286000000,
    "grossProfit": 4547000000,
    "grossProfitRatio": 0.3543208915,
    "researchAndDevelopmentExpenses": 4239000000,
    "generalAndAdministrativeExpenses": 0,
    "sellingAndMarketingExpenses": 0,
    "sellingGeneralAndAdministrativeExpenses": 1329000000,
    "otherExpenses": 943000000,
    "operatingExpenses": 6511000000,
    "costAndExpenses": 14797000000,
    "interestIncome": 320000000,
    "interestExpense": 294000000,
    "depreciationAndAmortization": 2569000000,
    "ebitda": 859000000,
    "ebitdaratio": 0.0669368036,
    "operatingIncome": -1964000000,
    "operatingIncomeRatio": -0.1530429362,
    "totalOtherIncomeExpensesNet": -40000000,
    "incomeBeforeTax": -2004000000,
    "incomeBeforeTaxRatio": -0.1561599003,
    "incomeTaxExpense": -350000000,
    "netIncome": -1610000000,
    "netIncomeRatio": -0.1254578041,
    "eps": -0.38,
    "epsdiluted": -0.38,
    "weightedAverageShsOut": 4267000000,
    "weightedAverageShsOutDil": 4267000000,
    "link": "https://www.sec.gov/Archives/edgar/data/50863/000005086324000124/0000050863-24-000124-index.htm",
    "finalLink": "https://www.sec.gov/Archives/edgar/data/50863/000005086324000124/intc-20240629.htm"
  },
  {
    "date": "2024-03-31",
    "symbol": "INTC",
    "reportedCurrency": "USD",
    "cik": "0000050863",
    "fillingDate": "2024-04-25",
    "acceptedDate": "2024-04-25 16:09:45",
    "calendarYear": "2024",
    "period": "Q1",
    "revenue": 12724000000,
    "costOfRevenue": 7507000000,
    "grossProfit": 5217000000,
    "grossProfitRatio": 0.4100125747,
    "researchAndDevelopmentExpenses": 4382000000,
    "generalAndAdministrativeExpenses": 0,
    "sellingAndMarketingExpenses": 0,
    "sellingGeneralAndAdministrativeExpenses": 1556000000,
    "otherExpenses": 348000000,
    "operatingExpenses": 6286000000,
    "costAndExpenses": 13793000000,
    "interestIncome": 323000000,
    "interestExpense": 258000000,
    "depreciationAndAmortization": 2551000000,
    "ebitda": 2090000000,
    "ebitdaratio": 0.1642565231,
    "operatingIncome": -1069000000,
    "operatingIncomeRatio": -0.0840144609,
    "totalOtherIncomeExpensesNet": 350000000,
    "incomeBeforeTax": -719000000,
    "incomeBeforeTaxRatio": -0.0565073876,
    "incomeTaxExpense": -282000000,
    "netIncome": -381000000,
    "netIncomeRatio": -0.029943414,
    "eps": -0.0898,
    "epsdiluted": -0.0898,
    "weightedAverageShsOut": 4242000000,
    "weightedAverageShsOutDil": 4242000000,
    "link": "https://www.sec.gov/Archives/edgar/data/50863/000005086324000076/0000050863-24-000076-index.htm",
    "finalLink": "https://www.sec.gov/Archives/edgar/data/50863/000005086324000076/intc-20240330.htm"
  },
  {
    "date": "2023-12-30",
    "symbol": "INTC",
    "reportedCurrency": "USD",
    "cik": "0000050863",
    "fillingDate": "2024-01-26",
    "acceptedDate": "2024-01-25 18:38:16",
    "calendarYear": "2023",
    "period": "Q4",
    "revenue": 15406000000,
    "costOfRevenue": 8359000000,
    "grossProfit": 7047000000,
    "grossProfitRatio": 0.4574191873,
    "researchAndDevelopmentExpenses": 3987000000,
    "generalAndAdministrativeExpenses": 0,
    "sellingAndMarketingExpenses": 0,
    "sellingGeneralAndAdministrativeExpenses": 1617000000,
    "otherExpenses": -1142000000,
    "operatingExpenses": 4462000000,
    "costAndExpenses": 12821000000,
    "interestIncome": 356000000,
    "interestExpense": 267000000,
    "depreciationAndAmortization": 2513000000,
    "ebitda": 5568000000,
    "ebitdaratio": 0.3614176295,
    "operatingIncome": 2585000000,
    "operatingIncomeRatio": 0.1677917694,
    "totalOtherIncomeExpensesNet": 203000000,
    "incomeBeforeTax": 2788000000,
    "incomeBeforeTaxRatio": 0.1809684538,
    "incomeTaxExpense": 128000000,
    "netIncome": 2669000000,
    "netIncomeRatio": 0.1732441906,
    "eps": 0.63,
    "epsdiluted": 0.63,
    "weightedAverageShsOut": 4222000000,
    "weightedAverageShsOutDil": 4260000000,
    "link": "https://www.sec.gov/Archives/edgar/data/50863/000005086324000010/0000050863-24-000010-index.htm",
    "finalLink": "https://www.sec.gov/Archives/edgar/data/50863/000005086324000010/intc-20231230.htm"
  },
  {
    "date": "2023-09-30",
    "symbol": "INTC",
    "reportedCurrency": "USD",
    "cik": "0000050863",
    "fillingDate": "2023-10-27",
    "acceptedDate": "2023-10-26 18:34:47",
    "calendarYear": "2023",
    "period": "Q3",
    "revenue": 14158000000,
    "costOfRevenue": 8140000000,
    "grossProfit": 6018000000,
    "grossProfitRatio": 0.4250600367,
    "researchAndDevelopmentExpenses": 3870000000,
    "generalAndAdministrativeExpenses": 0,
    "sellingAndMarketingExpenses": 0,
    "sellingGeneralAndAdministrativeExpenses": 1340000000,
    "otherExpenses": 816000000,
    "operatingExpenses": 6026000000,
    "costAndExpenses": 14166000000,
    "interestIncome": 332000000,
    "interestExpense": 204000000,
    "depreciationAndAmortization": 2447000000,
    "ebitda": 2599000000,
    "ebitdaratio": 0.1835711259,
    "operatingIncome": -8000000,
    "operatingIncomeRatio": -0.0005650516,
    "totalOtherIncomeExpensesNet": -44000000,
    "incomeBeforeTax": -52000000,
    "incomeBeforeTaxRatio": -0.0036728351,
    "incomeTaxExpense": -362000000,
    "netIncome": 297000000,
    "netIncomeRatio": 0.0209775392,
    "eps": 0.07,
    "epsdiluted": 0.07,
    "weightedAverageShsOut": 4202000000,
    "weightedAverageShsOutDil": 4229000000,
    "link": "https://www.sec.gov/Archives/edgar/data/50863/000005086323000103/0000050863-23-000103-index.htm",
    "finalLink": "https://www.sec.gov/Archives/edgar/data/50863/000005086323000103/intc-20230930.htm"
  },
  {
    "date": "2023-07-01",
    "symbol": "INTC",
    "reportedCurrency": "USD",
    "cik": "0000050863",
    "fillingDate": "2023-07-28",
    "acceptedDate": "2023-07-27 18:13:00",
    "calendarYear": "2023",
    "period": "Q2",
    "revenue": 12949000000,
    "costOfRevenue": 8311000000,
    "grossProfit": 4638000000,
    "grossProfitRatio": 0.3581743764,
    "researchAndDevelopmentExpenses": 4080000000,
    "generalAndAdministrativeExpenses": 0,
    "sellingAndMarketingExpenses": 0,
    "sellingGeneralAndAdministrativeExpenses": 1374000000,
    "otherExpenses": 200000000,
    "operatingExpenses": 5654000000,
    "costAndExpenses": 13965000000,
    "interestIncome": 313000000,
    "interestExpense": 214000000,
    "depreciationAndAmortization": 2276000000,
    "ebitda": 1674000000,
    "ebitdaratio": 0.129276392,
    "operatingIncome": -1016000000,
    "operatingIncomeRatio": -0.0784616573,
    "totalOtherIncomeExpensesNet": 200000000,
    "incomeBeforeTax": -816000000,
    "incomeBeforeTaxRatio": -0.0630164491,
    "incomeTaxExpense": -2289000000,
    "netIncome": 1481000000,
    "netIncomeRatio": 0.1143717662,
    "eps": 0.35,
    "epsdiluted": 0.35,
    "weightedAverageShsOut": 4182000000,
    "weightedAverageShsOutDil": 4196000000,
    "link": "https://www.sec.gov/Archives/edgar/data/50863/000005086323000069/0000050863-23-000069-index.htm",
    "finalLink": "https://www.sec.gov/Archives/edgar/data/50863/000005086323000069/intc-20230701.htm"
  },
  {
    "date": "2023-04-01",
    "symbol": "INTC",
    "reportedCurrency": "USD",
    "cik": "0000050863",
    "fillingDate": "2023-04-28",
    "acceptedDate": "2023-04-27 18:25:04",
    "calendarYear": "2023",
    "period": "Q1",
    "revenue": 11715000000,
    "costOfRevenue": 7707000000,
    "grossProfit": 4008000000,
    "grossProfitRatio": 0.3421254802,
    "researchAndDevelopmentExpenses": 4109000000,
    "generalAndAdministrativeExpenses": 0,
    "sellingAndMarketingExpenses": 0,
    "sellingGeneralAndAdministrativeExpenses": 1303000000,
    "otherExpenses": 64000000,
    "operatingExpenses": 5476000000,
    "costAndExpenses": 13183000000,
    "interestIncome": 334000000,
    "interestExpense": 193000000,
    "depreciationAndAmortization": 2366000000,
    "ebitda": 1401000000,
    "ebitdaratio": 0.1195902689,
    "operatingIncome": -1468000000,
    "operatingIncomeRatio": -0.1253094324,
    "totalOtherIncomeExpensesNet": 310000000,
    "incomeBeforeTax": -1158000000,
    "incomeBeforeTaxRatio": -0.0988476312,
    "incomeTaxExpense": 1610000000,
    "netIncome": -2758000000,
    "netIncomeRatio": -0.2354246692,
    "eps": -0.66,
    "epsdiluted": -0.66,
    "weightedAverageShsOut": 4154000000,
    "weightedAverageShsOutDil": 4154000000,
    "link": "https://www.sec.gov/Archives/edgar/data/50863/000005086323000028/0000050863-23-000028-index.htm",
    "finalLink": "https://www.sec.gov/Archives/edgar/data/50863/000005086323000028/intc-20230401.htm"
  },
  {
    "date": "2022-12-31",
    "symbol": "INTC",
    "reportedCurrency": "USD",
    "cik": "0000050863",
    "fillingDate": "2023-01-27",
    "acceptedDate": "2023-01-26 18:31:20",
    "calendarYear": "2022",
    "period": "Q4",
    "revenue": 14042000000,
    "costOfRevenue": 8542000000,
    "grossProfit": 5500000000,
    "grossProfitRatio": 0.3916820966,
    "researchAndDevelopmentExpenses": 4464000000,
    "generalAndAdministrativeExpenses": 0,
    "sellingAndMarketingExpenses": 0,
    "sellingGeneralAndAdministrativeExpenses": 1706000000,
    "otherExpenses": 462000000,
    "operatingExpenses": 6632000000,
    "costAndExpenses": 15174000000,
    "interestIncome": 274000000,
    "interestExpense": 149000000,
    "depreciationAndAmortization": 3287000000,
    "ebitda": 2640000000,
    "ebitdaratio": 0.1880074064,
    "operatingIncome": -1132000000,
    "operatingIncomeRatio": -0.080615297,
    "totalOtherIncomeExpensesNet": 336000000,
    "incomeBeforeTax": -796000000,
    "incomeBeforeTaxRatio": -0.0566870816,
    "incomeTaxExpense": -135000000,
    "netIncome": -664000000,
    "netIncomeRatio": -0.0472867113,
    "eps": -0.16,
    "epsdiluted": -0.16,
    "weightedAverageShsOut": 4133000000,
    "weightedAverageShsOutDil": 4133000000,
    "link": "https://www.sec.gov/Archives/edgar/data/50863/000005086323000006/0000050863-23-000006-index.htm",
    "finalLink": "https://www.sec.gov/Archives/edgar/data/50863/000005086323000006/intc-20221231.htm"
  },
  {
    "date": "2022-10-01",
    "symbol": "INTC",
    "reportedCurrency": "USD",
    "cik": "0000050863",
    "fillingDate": "2022-10-28",
    "acceptedDate": "2022-10-27 18:30:22",
    "calendarYear": "2022",
    "period": "Q3",
    "revenue": 15338000000,
    "costOfRevenue": 8803000000,
    "grossProfit": 6535000000,
    "grossProfitRatio": 0.4260659799,
    "researchAndDevelopmentExpenses": 4302000000,
    "generalAndAdministrativeExpenses": 0,
    "sellingAndMarketingExpenses": 0,
    "sellingGeneralAndAdministrativeExpenses": 1744000000,
    "otherExpenses": 664000000,
    "operatingExpenses": 6710000000,
    "costAndExpenses": 15513000000,
    "interestIncome": 170000000,
    "interestExpense": 114000000,
    "depreciationAndAmortization": 3252000000,
    "ebitda": 3178000000,
    "ebitdaratio": 0.2071978094,
    "operatingIncome": -175000000,
    "operatingIncomeRatio": -0.011409571,
    "totalOtherIncomeExpensesNet": -13000000,
    "incomeBeforeTax": -188000000,
    "incomeBeforeTaxRatio": -0.0122571391,
    "incomeTaxExpense": -1207000000,
    "netIncome": 1019000000,
    "netIncomeRatio": 0.066436302,
    "eps": 0.25,
    "epsdiluted": 0.25,
    "weightedAverageShsOut": 4118000000,
    "weightedAverageShsOutDil": 4125000000,
    "link": "https://www.sec.gov/Archives/edgar/data/50863/000005086322000038/0000050863-22-000038-index.htm",
    "finalLink": "https://www.sec.gov/Archives/edgar/data/50863/000005086322000038/intc-20221001.htm"
  },
  {
    "date": "2022-07-02",
    "symbol": "INTC",
    "reportedCurrency": "USD",
    "cik": "0000050863",
    "fillingDate": "2022-07-29",
    "acceptedDate": "2022-07-28 18:52:49",
    "calendarYear": "2022",
    "period": "Q2",
    "revenue": 15321000000,
    "costOfRevenue": 9734000000,
    "grossProfit": 5587000000,
    "grossProfitRatio": 0.364662881,
    "researchAndDevelopmentExpenses": 4400000000,
    "generalAndAdministrativeExpenses": 0,
    "sellingAndMarketingExpenses": 0,
    "sellingGeneralAndAdministrativeExpenses": 1800000000,
    "otherExpenses": 87000000,
    "operatingExpenses": 6287000000,
    "costAndExpenses": 16021000000,
    "interestIncome": 98000000,
    "interestExpense": 109000000,
    "depreciationAndAmortization": 3148000000,
    "ebitda": 2348000000,
    "ebitdaratio": 0.1532537041,
    "operatingIncome": -700000000,
    "operatingIncomeRatio": -0.0456889237,
    "totalOtherIncomeExpensesNet": -209000000,
    "incomeBeforeTax": -909000000,
    "incomeBeforeTaxRatio": -0.0593303309,
    "incomeTaxExpense": -455000000,
    "netIncome": -454000000,
    "netIncomeRatio": -0.0296325305,
    "eps": -0.11,
    "epsdiluted": -0.11,
    "weightedAverageShsOut": 4100000000,
    "weightedAverageShsOutDil": 4100000000,
    "link": "https://www.sec.gov/Archives/edgar/data/50863/000005086322000030/0000050863-22-000030-index.htm",
    "finalLink": "https://www.sec.gov/Archives/edgar/data/50863/000005086322000030/intc-20220702.htm"
  },
  {
    "date": "2022-04-02",
    "symbol": "INTC",
    "reportedCurrency": "USD",
    "cik": "0000050863",
    "fillingDate": "2022-04-29",
    "acceptedDate": "2022-04-28 18:41:34",
    "calendarYear": "2022",
    "period": "Q1",
    "revenue": 18353000000,
    "costOfRevenue": 9109000000,
    "grossProfit": 9244000000,
    "grossProfitRatio": 0.5036778728,
    "researchAndDevelopmentExpenses": 4362000000,
    "generalAndAdministrativeExpenses": 0,
    "sellingAndMarketingExpenses": 0,
    "sellingGeneralAndAdministrativeExpenses": 1752000000,
    "otherExpenses": -1211000000,
    "operatingExpenses": 4903000000,
    "costAndExpenses": 14012000000,
    "interestIncome": 47000000,
    "interestExpense": 124000000,
    "depreciationAndAmortization": 3348000000,
    "ebitda": 13133000000,
    "ebitdaratio": 0.7155778347,
    "operatingIncome": 4341000000,
    "operatingIncomeRatio": 0.2365280881,
    "totalOtherIncomeExpensesNet": 5320000000,
    "incomeBeforeTax": 9661000000,
    "incomeBeforeTaxRatio": 0.5263989538,
    "incomeTaxExpense": 1548000000,
    "netIncome": 8113000000,
    "netIncomeRatio": 0.4420530703,
    "eps": 1.99,
    "epsdiluted": 1.98,
    "weightedAverageShsOut": 4079000000,
    "weightedAverageShsOutDil": 4107000000,
    "link": "https://www.sec.gov/Archives/edgar/data/50863/000005086322000020/0000050863-22-000020-index.htm",
    "finalLink": "https://www.sec.gov/Archives/edgar/data/50863/000005086322000020/intc-20220402.htm"
  },
  {
    "date": "2021-12-25",
    "symbol": "INTC",
    "reportedCurrency": "USD",
    "cik": "0000050863",
    "fillingDate": "2022-01-27",
    "acceptedDate": "2022-01-26 18:34:53",
    "calendarYear": "2021",
    "period": "Q4",
    "revenue": 20528000000,
    "costOfRevenue": 9519000000,
    "grossProfit": 11009000000,
    "grossProfitRatio": 0.536291894,
    "researchAndDevelopmentExpenses": 4049000000,
    "generalAndAdministrativeExpenses": 0,
    "sellingAndMarketingExpenses": 0,
    "sellingGeneralAndAdministrativeExpenses": 1942000000,
    "otherExpenses": 29000000,
    "operatingExpenses": 5991000000,
    "costAndExpenses": 15510000000,
    "interestIncome": 33000000,
    "interestExpense": 134000000,
    "depreciationAndAmortization": 3074000000,
    "ebitda": 8402000000,
    "ebitdaratio": 0.409294622,
    "operatingIncome": 5018000000,
    "operatingIncomeRatio": 0.2444466095,
    "totalOtherIncomeExpensesNet": 176000000,
    "incomeBeforeTax": 5194000000,
    "incomeBeforeTaxRatio": 0.253020265,
    "incomeTaxExpense": 571000000,
    "netIncome": 4623000000,
    "netIncomeRatio": 0.2252045986,
    "eps": 1.14,
    "epsdiluted": 1.13,
    "weightedAverageShsOut": 4069000000,
    "weightedAverageShsOutDil": 4095000000,
    "link": "https://www.sec.gov/Archives/edgar/data/50863/000005086322000007/0000050863-22-000007-index.htm",
    "finalLink": "https://www.sec.gov/Archives/edgar/data/50863/000005086322000007/intc-20211225.htm"
  },
  {
    "date": "2021-09-25",
    "symbol": "INTC",
    "reportedCurrency": "USD",
    "cik": "0000050863",
    "fillingDate": "2021-10-22",
    "acceptedDate": "2021-10-21 20:36:01",
    "calendarYear": "2021",
    "period": "Q3",
    "revenue": 19192000000,
    "costOfRevenue": 8446000000,
    "grossProfit": 10746000000,
    "grossProfitRatio": 0.5599208003,
    "researchAndDevelopmentExpenses": 3803000000,
    "generalAndAdministrativeExpenses": 0,
    "sellingAndMarketingExpenses": 0,
    "sellingGeneralAndAdministrativeExpenses": 1674000000,
    "otherExpenses": 42000000,
    "operatingExpenses": 5519000000,
    "costAndExpenses": 13923000000,
    "interestIncome": 37000000,
    "interestExpense": 144000000,
    "depreciationAndAmortization": 2959000000,
    "ebitda": 9961000000,
    "ebitdaratio": 0.519018341,
    "operatingIncome": 5269000000,
    "operatingIncomeRatio": 0.2745414756,
    "totalOtherIncomeExpensesNet": 1589000000,
    "incomeBeforeTax": 6858000000,
    "incomeBeforeTaxRatio": 0.3573363902,
    "incomeTaxExpense": 35000000,
    "netIncome": 6823000000,
    "netIncomeRatio": 0.3555127136,
    "eps": 1.68,
    "epsdiluted": 1.67,
    "weightedAverageShsOut": 4061000000,
    "weightedAverageShsOutDil": 4086000000,
    "link": "https://www.sec.gov/Archives/edgar/data/50863/000005086321000038/0000050863-21-000038-index.htm",
    "finalLink": "https://www.sec.gov/Archives/edgar/data/50863/000005086321000038/intc-20210925.htm"
  },
  {
    "date": "2021-06-26",
    "symbol": "INTC",
    "reportedCurrency": "USD",
    "cik": "0000050863",
    "fillingDate": "2021-07-23",
    "acceptedDate": "2021-07-22 18:25:47",
    "calendarYear": "2021",
    "period": "Q2",
    "revenue": 19631000000,
    "costOfRevenue": 8425000000,
    "grossProfit": 11206000000,
    "grossProfitRatio": 0.5708318476,
    "researchAndDevelopmentExpenses": 3715000000,
    "generalAndAdministrativeExpenses": 0,
    "sellingAndMarketingExpenses": 0,
    "sellingGeneralAndAdministrativeExpenses": 1599000000,
    "otherExpenses": -4000000,
    "operatingExpenses": 5314000000,
    "costAndExpenses": 13739000000,
    "interestIncome": 37000000,
    "interestExpense": 129000000,
    "depreciationAndAmortization": 2857000000,
    "ebitda": 8749000000,
    "ebitdaratio": 0.4456726606,
    "operatingIncome": 5892000000,
    "operatingIncomeRatio": 0.3001375376,
    "totalOtherIncomeExpensesNet": -147000000,
    "incomeBeforeTax": 5745000000,
    "incomeBeforeTaxRatio": 0.2926493811,
    "incomeTaxExpense": 684000000,
    "netIncome": 5061000000,
    "netIncomeRatio": 0.2578065305,
    "eps": 1.25,
    "epsdiluted": 1.24,
    "weightedAverageShsOut": 4049000000,
    "weightedAverageShsOutDil": 4084000000,
    "link": "https://www.sec.gov/Archives/edgar/data/50863/000005086321000030/0000050863-21-000030-index.htm",
    "finalLink": "https://www.sec.gov/Archives/edgar/data/50863/000005086321000030/intc-20210626.htm"
  },
  {
    "date": "2021-03-27",
    "symbol": "INTC",
    "reportedCurrency": "USD",
    "cik": "0000050863",
    "fillingDate": "2021-04-23",
    "acceptedDate": "2021-04-22 18:19:50",
    "calendarYear": "2021",
    "period": "Q1",
    "revenue": 19673000000,
    "costOfRevenue": 8819000000,
    "grossProfit": 10854000000,
    "grossProfitRatio": 0.5517206323,
    "researchAndDevelopmentExpenses": 3623000000,
    "generalAndAdministrativeExpenses": 0,
    "sellingAndMarketingExpenses": 0,
    "sellingGeneralAndAdministrativeExpenses": 1328000000,
    "otherExpenses": -3000000,
    "operatingExpenses": 4951000000,
    "costAndExpenses": 13770000000,
    "interestIncome": 37000000,
    "interestExpense": 190000000,
    "depreciationAndAmortization": 2902000000,
    "ebitda": 6998000000,
    "ebitdaratio": 0.3557159559,
    "operatingIncome": 5903000000,
    "operatingIncomeRatio": 0.3000559142,
    "totalOtherIncomeExpensesNet": -1997000000,
    "incomeBeforeTax": 3906000000,
    "incomeBeforeTaxRatio": 0.1985462309,
    "incomeTaxExpense": 545000000,
    "netIncome": 3361000000,
    "netIncomeRatio": 0.1708432878,
    "eps": 0.83,
    "epsdiluted": 0.82,
    "weightedAverageShsOut": 4056000000,
    "weightedAverageShsOutDil": 4096000000,
    "link": "https://www.sec.gov/Archives/edgar/data/50863/000005086321000018/0000050863-21-000018-index.htm",
    "finalLink": "https://www.sec.gov/Archives/edgar/data/50863/000005086321000018/intc-20210327.htm"
  },
  {
    "date": "2020-12-26",
    "symbol": "INTC",
    "reportedCurrency": "USD",
    "cik": "0000050863",
    "fillingDate": "2021-01-22",
    "acceptedDate": "2021-01-21 19:06:04",
    "calendarYear": "2020",
    "period": "Q4",
    "revenue": 19978000000,
    "costOfRevenue": 8835000000,
    "grossProfit": 11143000000,
    "grossProfitRatio": 0.5577635399,
    "researchAndDevelopmentExpenses": 3655000000,
    "generalAndAdministrativeExpenses": 0,
    "sellingAndMarketingExpenses": 0,
    "sellingGeneralAndAdministrativeExpenses": 1757000000,
    "otherExpenses": 17000000,
    "operatingExpenses": 5412000000,
    "costAndExpenses": 14247000000,
    "interestIncome": 43000000,
    "interestExpense": 148000000,
    "depreciationAndAmortization": 3003000000,
    "ebitda": 10639000000,
    "ebitdaratio": 0.5325357894,
    "operatingIncome": 5731000000,
    "operatingIncomeRatio": 0.2868655521,
    "totalOtherIncomeExpensesNet": 1757000000,
    "incomeBeforeTax": 7488000000,
    "incomeBeforeTaxRatio": 0.3748122935,
    "incomeTaxExpense": 1631000000,
    "netIncome": 5857000000,
    "netIncomeRatio": 0.2931724897,
    "eps": 1.43,
    "epsdiluted": 1.42,
    "weightedAverageShsOut": 4094000000,
    "weightedAverageShsOutDil": 4119000000,
    "link": "https://www.sec.gov/Archives/edgar/data/50863/000005086321000010/0000050863-21-000010-index.htm",
    "finalLink": "https://www.sec.gov/Archives/edgar/data/50863/000005086321000010/intc-20201226.htm"
  },
  {
    "date": "2020-09-26",
    "symbol": "INTC",
    "reportedCurrency": "USD",
    "cik": "0000050863",
    "fillingDate": "2020-10-23",
    "acceptedDate": "2020-10-22 18:42:17",
    "calendarYear": "2020",
    "period": "Q3",
    "revenue": 18333000000,
    "costOfRevenue": 8592000000,
    "grossProfit": 9741000000,
    "grossProfitRatio": 0.5313369334,
    "researchAndDevelopmentExpenses": 3272000000,
    "generalAndAdministrativeExpenses": 0,
    "sellingAndMarketingExpenses": 0,
    "sellingGeneralAndAdministrativeExpenses": 1435000000,
    "otherExpenses": -25000000,
    "operatingExpenses": 4682000000,
    "costAndExpenses": 13299000000,
    "interestIncome": 53000000,
    "interestExpense": 160000000,
    "depreciationAndAmortization": 3123000000,
    "ebitda": 8157000000,
    "ebitdaratio": 0.4449353625,
    "operatingIncome": 5059000000,
    "operatingIncomeRatio": 0.2759504718,
    "totalOtherIncomeExpensesNet": -18000000,
    "incomeBeforeTax": 5041000000,
    "incomeBeforeTaxRatio": 0.2749686358,
    "incomeTaxExpense": 765000000,
    "netIncome": 4276000000,
    "netIncomeRatio": 0.2332406044,
    "eps": 1.02,
    "epsdiluted": 1.02,
    "weightedAverageShsOut": 4188000000,
    "weightedAverageShsOutDil": 4211000000,
    "link": "https://www.sec.gov/Archives/edgar/data/50863/000005086320000043/0000050863-20-000043-index.htm",
    "finalLink": "https://www.sec.gov/Archives/edgar/data/50863/000005086320000043/intc-20200926.htm"
  },
  {
    "date": "2020-06-27",
    "symbol": "INTC",
    "reportedCurrency": "USD",
    "cik": "0000050863",
    "fillingDate": "2020-07-24",
    "acceptedDate": "2020-07-23 19:30:14",
    "calendarYear": "2020",
    "period": "Q2",
    "revenue": 19728000000,
    "costOfRevenue": 9221000000,
    "grossProfit": 10507000000,
    "grossProfitRatio": 0.5325932685,
    "researchAndDevelopmentExpenses": 3354000000,
    "generalAndAdministrativeExpenses": 0,
    "sellingAndMarketingExpenses": 0,
    "sellingGeneralAndAdministrativeExpenses": 1447000000,
    "otherExpenses": 0,
    "operatingExpenses": 4801000000,
    "costAndExpenses": 14022000000,
    "interestIncome": 83000000,
    "interestExpense": 186000000,
    "depreciationAndAmortization": 3063000000,
    "ebitda": 8769000000,
    "ebitdaratio": 0.4444951338,
    "operatingIncome": 5697000000,
    "operatingIncomeRatio": 0.2887773723,
    "totalOtherIncomeExpensesNet": 238000000,
    "incomeBeforeTax": 5935000000,
    "incomeBeforeTaxRatio": 0.3008414436,
    "incomeTaxExpense": 830000000,
    "netIncome": 5105000000,
    "netIncomeRatio": 0.258769262,
    "eps": 1.2,
    "epsdiluted": 1.19,
    "weightedAverageShsOut": 4246000000,
    "weightedAverageShsOutDil": 4284000000,
    "link": "https://www.sec.gov/Archives/edgar/data/50863/000005086320000026/0000050863-20-000026-index.htm",
    "finalLink": "https://www.sec.gov/Archives/edgar/data/50863/000005086320000026/intc-20200627.htm"
  },
  {
    "date": "2020-03-28",
    "symbol": "INTC",
    "reportedCurrency": "USD",
    "cik": "0000050863",
    "fillingDate": "2020-04-24",
    "acceptedDate": "2020-04-23 18:41:50",
    "calendarYear": "2020",
    "period": "Q1",
    "revenue": 19828000000,
    "costOfRevenue": 7812000000,
    "grossProfit": 12016000000,
    "grossProfitRatio": 0.6060117006,
    "researchAndDevelopmentExpenses": 3275000000,
    "generalAndAdministrativeExpenses": 0,
    "sellingAndMarketingExpenses": 0,
    "sellingGeneralAndAdministrativeExpenses": 1541000000,
    "otherExpenses": 162000000,
    "operatingExpenses": 4978000000,
    "costAndExpenses": 12790000000,
    "interestIncome": 93000000,
    "interestExpense": 135000000,
    "depreciationAndAmortization": 3050000000,
    "ebitda": 10250000000,
    "ebitdaratio": 0.5169457333,
    "operatingIncome": 7038000000,
    "operatingIncomeRatio": 0.3549525923,
    "totalOtherIncomeExpensesNet": -424000000,
    "incomeBeforeTax": 6614000000,
    "incomeBeforeTaxRatio": 0.3335686907,
    "incomeTaxExpense": 953000000,
    "netIncome": 5661000000,
    "netIncomeRatio": 0.285505346,
    "eps": 1.33,
    "epsdiluted": 1.31,
    "weightedAverageShsOut": 4266000000,
    "weightedAverageShsOutDil": 4312000000,
    "link": "https://www.sec.gov/Archives/edgar/data/50863/000005086320000017/0000050863-20-000017-index.htm",
    "finalLink": "https://www.sec.gov/Archives/edgar/data/50863/000005086320000017/a0328202010qdocument-u.htm"
  },
  {
    "date": "2019-12-28",
    "symbol": "INTC",
    "reportedCurrency": "USD",
    "cik": "0000050863",
    "fillingDate": "2020-01-24",
    "acceptedDate": "2020-01-23 18:39:55",
    "calendarYear": "2019",
    "period": "Q4",
    "revenue": 20209000000,
    "costOfRevenue": 8331000000,
    "grossProfit": 11878000000,
    "grossProfitRatio": 0.5877579296,
    "researchAndDevelopmentExpenses": 3384000000,
    "generalAndAdministrativeExpenses": 710000000,
    "sellingAndMarketingExpenses": 832000000,
    "sellingGeneralAndAdministrativeExpenses": 1542000000,
    "otherExpenses": 155000000,
    "operatingExpenses": 5081000000,
    "costAndExpenses": 13412000000,
    "interestIncome": 109000000,
    "interestExpense": 108000000,
    "depreciationAndAmortization": 2968000000,
    "ebitda": 9870000000,
    "ebitdaratio": 0.4883962591,
    "operatingIncome": 6797000000,
    "operatingIncomeRatio": 0.3363352962,
    "totalOtherIncomeExpensesNet": 1271000000,
    "incomeBeforeTax": 8068000000,
    "incomeBeforeTaxRatio": 0.3992280667,
    "incomeTaxExpense": 1163000000,
    "netIncome": 6905000000,
    "netIncomeRatio": 0.3416794498,
    "eps": 1.6,
    "epsdiluted": 1.58,
    "weightedAverageShsOut": 4319000000,
    "weightedAverageShsOutDil": 4373000000,
    "link": "https://www.sec.gov/Archives/edgar/data/50863/000005086320000011/0000050863-20-000011-index.htm",
    "finalLink": "https://www.sec.gov/Archives/edgar/data/50863/000005086320000011/a12282019q4-10kdocument.htm"
  },
  {
    "date": "2019-09-28",
    "symbol": "INTC",
    "reportedCurrency": "USD",
    "cik": "0000050863",
    "fillingDate": "2019-10-25",
    "acceptedDate": "2019-10-24 18:35:18",
    "calendarYear": "2019",
    "period": "Q3",
    "revenue": 19190000000,
    "costOfRevenue": 7895000000,
    "grossProfit": 11295000000,
    "grossProfitRatio": 0.5885878061,
    "researchAndDevelopmentExpenses": 3208000000,
    "generalAndAdministrativeExpenses": 0,
    "sellingAndMarketingExpenses": 0,
    "sellingGeneralAndAdministrativeExpenses": 1486000000,
    "otherExpenses": 154000000,
    "operatingExpenses": 4848000000,
    "costAndExpenses": 12743000000,
    "interestIncome": 114000000,
    "interestExpense": 107000000,
    "depreciationAndAmortization": 2679000000,
    "ebitda": 9230000000,
    "ebitdaratio": 0.4809796769,
    "operatingIncome": 6447000000,
    "operatingIncomeRatio": 0.3359562272,
    "totalOtherIncomeExpensesNet": 272000000,
    "incomeBeforeTax": 6719000000,
    "incomeBeforeTaxRatio": 0.3501302762,
    "incomeTaxExpense": 729000000,
    "netIncome": 5990000000,
    "netIncomeRatio": 0.3121417405,
    "eps": 1.36,
    "epsdiluted": 1.35,
    "weightedAverageShsOut": 4391000000,
    "weightedAverageShsOutDil": 4433000000,
    "link": "https://www.sec.gov/Archives/edgar/data/50863/000005086319000029/0000050863-19-000029-index.htm",
    "finalLink": "https://www.sec.gov/Archives/edgar/data/50863/000005086319000029/a0928201910qdocument.htm"
  },
  {
    "date": "2019-06-29",
    "symbol": "INTC",
    "reportedCurrency": "USD",
    "cik": "0000050863",
    "fillingDate": "2019-07-26",
    "acceptedDate": "2019-07-25 18:44:28",
    "calendarYear": "2019",
    "period": "Q2",
    "revenue": 16505000000,
    "costOfRevenue": 6627000000,
    "grossProfit": 9878000000,
    "grossProfitRatio": 0.5984853075,
    "researchAndDevelopmentExpenses": 3438000000,
    "generalAndAdministrativeExpenses": 0,
    "sellingAndMarketingExpenses": 0,
    "sellingGeneralAndAdministrativeExpenses": 1589000000,
    "otherExpenses": 234000000,
    "operatingExpenses": 5261000000,
    "costAndExpenses": 11888000000,
    "interestIncome": 125000000,
    "interestExpense": 135000000,
    "depreciationAndAmortization": 2554000000,
    "ebitda": 7355000000,
    "ebitdaratio": 0.4456225386,
    "operatingIncome": 4617000000,
    "operatingIncomeRatio": 0.2797334141,
    "totalOtherIncomeExpensesNet": 107000000,
    "incomeBeforeTax": 4724000000,
    "incomeBeforeTaxRatio": 0.2862162981,
    "incomeTaxExpense": 545000000,
    "netIncome": 4179000000,
    "netIncomeRatio": 0.2531960012,
    "eps": 0.94,
    "epsdiluted": 0.92,
    "weightedAverageShsOut": 4466000000,
    "weightedAverageShsOutDil": 4523000000,
    "link": "https://www.sec.gov/Archives/edgar/data/50863/000005086319000023/0000050863-19-000023-index.htm",
    "finalLink": "https://www.sec.gov/Archives/edgar/data/50863/000005086319000023/a0629201910qdocument.htm"
  },
  {
    "date": "2019-03-30",
    "symbol": "INTC",
    "reportedCurrency": "USD",
    "cik": "0000050863",
    "fillingDate": "2019-04-26",
    "acceptedDate": "2019-04-25 18:42:52",
    "calendarYear": "2019",
    "period": "Q1",
    "revenue": 16061000000,
    "costOfRevenue": 6972000000,
    "grossProfit": 9089000000,
    "grossProfitRatio": 0.5659049872,
    "researchAndDevelopmentExpenses": 3332000000,
    "generalAndAdministrativeExpenses": 0,
    "sellingAndMarketingExpenses": 0,
    "sellingGeneralAndAdministrativeExpenses": 1583000000,
    "otherExpenses": 0,
    "operatingExpenses": 4915000000,
    "costAndExpenses": 11887000000,
    "interestIncome": 135000000,
    "interestExpense": 138000000,
    "depreciationAndAmortization": 2625000000,
    "ebitda": 6799000000,
    "ebitdaratio": 0.4233235789,
    "operatingIncome": 4174000000,
    "operatingIncomeRatio": 0.2598841915,
    "totalOtherIncomeExpensesNet": 373000000,
    "incomeBeforeTax": 4547000000,
    "incomeBeforeTaxRatio": 0.2831081502,
    "incomeTaxExpense": 573000000,
    "netIncome": 3974000000,
    "netIncomeRatio": 0.2474316668,
    "eps": 0.88,
    "epsdiluted": 0.87,
    "weightedAverageShsOut": 4492000000,
    "weightedAverageShsOutDil": 4564000000,
    "link": "https://www.sec.gov/Archives/edgar/data/50863/000005086319000013/0000050863-19-000013-index.htm",
    "finalLink": "https://www.sec.gov/Archives/edgar/data/50863/000005086319000013/a0330201910qdocument.htm"
  },
  {
    "date": "2018-12-29",
    "symbol": "INTC",
    "reportedCurrency": "USD",
    "cik": "0000050863",
    "fillingDate": "2019-02-01",
    "acceptedDate": "2019-02-01 09:00:50",
    "calendarYear": "2018",
    "period": "Q4",
    "revenue": 18657000000,
    "costOfRevenue": 7430000000,
    "grossProfit": 11227000000,
    "grossProfitRatio": 0.6017580533,
    "researchAndDevelopmentExpenses": 3433000000,
    "generalAndAdministrativeExpenses": 320000000,
    "sellingAndMarketingExpenses": 1200000000,
    "sellingGeneralAndAdministrativeExpenses": 1520000000,
    "otherExpenses": 50000000,
    "operatingExpenses": 5003000000,
    "costAndExpenses": 12433000000,
    "interestIncome": 130000000,
    "interestExpense": 131000000,
    "depreciationAndAmortization": 2493000000,
    "ebitda": 8717000000,
    "ebitdaratio": 0.4672240982,
    "operatingIncome": 6224000000,
    "operatingIncomeRatio": 0.3336013293,
    "totalOtherIncomeExpensesNet": -589000000,
    "incomeBeforeTax": 5635000000,
    "incomeBeforeTaxRatio": 0.3020314091,
    "incomeTaxExpense": 440000000,
    "netIncome": 5195000000,
    "netIncomeRatio": 0.2784477676,
    "eps": 1.14,
    "epsdiluted": 1.12,
    "weightedAverageShsOut": 4549000000,
    "weightedAverageShsOutDil": 4619000000,
    "link": "https://www.sec.gov/Archives/edgar/data/50863/000005086319000007/0000050863-19-000007-index.htm",
    "finalLink": "https://www.sec.gov/Archives/edgar/data/50863/000005086319000007/a12292018q4-10kdocument.htm"
  },
  {
    "date": "2018-09-29",
    "symbol": "INTC",
    "reportedCurrency": "USD",
    "cik": "0000050863",
    "fillingDate": "2018-10-26",
    "acceptedDate": "2018-10-25 18:52:51",
    "calendarYear": "2018",
    "period": "Q3",
    "revenue": 19163000000,
    "costOfRevenue": 6803000000,
    "grossProfit": 12360000000,
    "grossProfitRatio": 0.6449929552,
    "researchAndDevelopmentExpenses": 3428000000,
    "generalAndAdministrativeExpenses": 0,
    "sellingAndMarketingExpenses": 0,
    "sellingGeneralAndAdministrativeExpenses": 1605000000,
    "otherExpenses": -22000000,
    "operatingExpenses": 5011000000,
    "costAndExpenses": 11814000000,
    "interestIncome": 109000000,
    "interestExpense": 109000000,
    "depreciationAndAmortization": 2274000000,
    "ebitda": 9551000000,
    "ebitdaratio": 0.4984083912,
    "operatingIncome": 7349000000,
    "operatingIncomeRatio": 0.3834994521,
    "totalOtherIncomeExpensesNet": -207000000,
    "incomeBeforeTax": 7142000000,
    "incomeBeforeTaxRatio": 0.3726973856,
    "incomeTaxExpense": 744000000,
    "netIncome": 6398000000,
    "netIncomeRatio": 0.3338725669,
    "eps": 1.4,
    "epsdiluted": 1.38,
    "weightedAverageShsOut": 4574000000,
    "weightedAverageShsOutDil": 4648000000,
    "link": "https://www.sec.gov/Archives/edgar/data/50863/000005086318000029/0000050863-18-000029-index.htm",
    "finalLink": "https://www.sec.gov/Archives/edgar/data/50863/000005086318000029/a0929201810qdocument.htm"
  },
  {
    "date": "2018-06-30",
    "symbol": "INTC",
    "reportedCurrency": "USD",
    "cik": "0000050863",
    "fillingDate": "2018-07-27",
    "acceptedDate": "2018-07-26 18:19:24",
    "calendarYear": "2018",
    "period": "Q2",
    "revenue": 16962000000,
    "costOfRevenue": 6543000000,
    "grossProfit": 10419000000,
    "grossProfitRatio": 0.6142553944,
    "researchAndDevelopmentExpenses": 3371000000,
    "generalAndAdministrativeExpenses": 0,
    "sellingAndMarketingExpenses": 0,
    "sellingGeneralAndAdministrativeExpenses": 1725000000,
    "otherExpenses": 50000000,
    "operatingExpenses": 5146000000,
    "costAndExpenses": 11689000000,
    "interestIncome": 108000000,
    "interestExpense": 116000000,
    "depreciationAndAmortization": 2122000000,
    "ebitda": 7395000000,
    "ebitdaratio": 0.4359745313,
    "operatingIncome": 5273000000,
    "operatingIncomeRatio": 0.3108713595,
    "totalOtherIncomeExpensesNet": 256000000,
    "incomeBeforeTax": 5529000000,
    "incomeBeforeTaxRatio": 0.3259639193,
    "incomeTaxExpense": 523000000,
    "netIncome": 5006000000,
    "netIncomeRatio": 0.2951302912,
    "eps": 1.08,
    "epsdiluted": 1.05,
    "weightedAverageShsOut": 4649000000,
    "weightedAverageShsOutDil": 4747000000,
    "link": "https://www.sec.gov/Archives/edgar/data/50863/000005086318000022/0000050863-18-000022-index.htm",
    "finalLink": "https://www.sec.gov/Archives/edgar/data/50863/000005086318000022/a0630201810qdocument.htm"
  },
  {
    "date": "2018-03-31",
    "symbol": "INTC",
    "reportedCurrency": "USD",
    "cik": "0000050863",
    "fillingDate": "2018-04-27",
    "acceptedDate": "2018-04-26 18:13:03",
    "calendarYear": "2018",
    "period": "Q1",
    "revenue": 16066000000,
    "costOfRevenue": 6335000000,
    "grossProfit": 9731000000,
    "grossProfitRatio": 0.6056890327,
    "researchAndDevelopmentExpenses": 3311000000,
    "generalAndAdministrativeExpenses": 0,
    "sellingAndMarketingExpenses": 0,
    "sellingGeneralAndAdministrativeExpenses": 1900000000,
    "otherExpenses": 50000000,
    "operatingExpenses": 5261000000,
    "costAndExpenses": 11596000000,
    "interestIncome": 91000000,
    "interestExpense": 112000000,
    "depreciationAndAmortization": 2196000000,
    "ebitda": 6666000000,
    "ebitdaratio": 0.4149134819,
    "operatingIncome": 4470000000,
    "operatingIncomeRatio": 0.2782273123,
    "totalOtherIncomeExpensesNet": 541000000,
    "incomeBeforeTax": 5011000000,
    "incomeBeforeTaxRatio": 0.3119009088,
    "incomeTaxExpense": 557000000,
    "netIncome": 4454000000,
    "netIncomeRatio": 0.2772314204,
    "eps": 0.95,
    "epsdiluted": 0.93,
    "weightedAverageShsOut": 4674000000,
    "weightedAverageShsOutDil": 4790000000,
    "link": "https://www.sec.gov/Archives/edgar/data/50863/000005086318000013/0000050863-18-000013-index.htm",
    "finalLink": "https://www.sec.gov/Archives/edgar/data/50863/000005086318000013/a0331201810qdocument.htm"
  },
  {
    "date": "2017-12-30",
    "symbol": "INTC",
    "reportedCurrency": "USD",
    "cik": "0000050863",
    "fillingDate": "2018-02-16",
    "acceptedDate": "2018-02-16 08:31:45",
    "calendarYear": "2017",
    "period": "Q4",
    "revenue": 17053000000,
    "costOfRevenue": 6286000000,
    "grossProfit": 10767000000,
    "grossProfitRatio": 0.6313845071,
    "researchAndDevelopmentExpenses": 3274000000,
    "generalAndAdministrativeExpenses": 450000000,
    "sellingAndMarketingExpenses": 1400000000,
    "sellingGeneralAndAdministrativeExpenses": 1850000000,
    "otherExpenses": 248000000,
    "operatingExpenses": 5372000000,
    "costAndExpenses": 11463000000,
    "interestIncome": 92000000,
    "interestExpense": 153000000,
    "depreciationAndAmortization": 2140000000,
    "ebitda": 8328000000,
    "ebitdaratio": 0.4883598194,
    "operatingIncome": 5591000000,
    "operatingIncomeRatio": 0.3278602006,
    "totalOtherIncomeExpensesNet": 444000000,
    "incomeBeforeTax": 6035000000,
    "incomeBeforeTaxRatio": 0.3538966751,
    "incomeTaxExpense": 6722000000,
    "netIncome": -687000000,
    "netIncomeRatio": -0.0402861667,
    "eps": -0.15,
    "epsdiluted": -0.15,
    "weightedAverageShsOut": 4683000000,
    "weightedAverageShsOutDil": 4683000000,
    "link": "https://www.sec.gov/Archives/edgar/data/50863/000005086318000007/0000050863-18-000007-index.htm",
    "finalLink": "https://www.sec.gov/Archives/edgar/data/50863/000005086318000007/a12302017q4-10kdocument.htm"
  },
  {
    "date": "2017-09-30",
    "symbol": "INTC",
    "reportedCurrency": "USD",
    "cik": "0000050863",
    "fillingDate": "2017-10-26",
    "acceptedDate": "2017-10-26 16:30:26",
    "calendarYear": "2017",
    "period": "Q3",
    "revenue": 16149000000,
    "costOfRevenue": 6092000000,
    "grossProfit": 10057000000,
    "grossProfitRatio": 0.6227630194,
    "researchAndDevelopmentExpenses": 3223000000,
    "generalAndAdministrativeExpenses": 0,
    "sellingAndMarketingExpenses": 0,
    "sellingGeneralAndAdministrativeExpenses": 1666000000,
    "otherExpenses": 49000000,
    "operatingExpenses": 4938000000,
    "costAndExpenses": 11030000000,
    "interestIncome": 137000000,
    "interestExpense": 191000000,
    "depreciationAndAmortization": 2055000000,
    "ebitda": 7227000000,
    "ebitdaratio": 0.4475199703,
    "operatingIncome": 5115000000,
    "operatingIncomeRatio": 0.3167378785,
    "totalOtherIncomeExpensesNet": 815000000,
    "incomeBeforeTax": 5930000000,
    "incomeBeforeTaxRatio": 0.3672053997,
    "incomeTaxExpense": 1414000000,
    "netIncome": 4516000000,
    "netIncomeRatio": 0.2796457985,
    "eps": 0.96,
    "epsdiluted": 0.94,
    "weightedAverageShsOut": 4688000000,
    "weightedAverageShsOutDil": 4821000000,
    "link": "https://www.sec.gov/Archives/edgar/data/50863/000005086317000048/0000050863-17-000048-index.htm",
    "finalLink": "https://www.sec.gov/Archives/edgar/data/50863/000005086317000048/a2017q3-10qdocument.htm"
  },
  {
    "date": "2017-07-01",
    "symbol": "INTC",
    "reportedCurrency": "USD",
    "cik": "0000050863",
    "fillingDate": "2017-07-27",
    "acceptedDate": "2017-07-27 16:36:53",
    "calendarYear": "2017",
    "period": "Q2",
    "revenue": 14763000000,
    "costOfRevenue": 5665000000,
    "grossProfit": 9098000000,
    "grossProfitRatio": 0.6162704057,
    "researchAndDevelopmentExpenses": 3275000000,
    "generalAndAdministrativeExpenses": 0,
    "sellingAndMarketingExpenses": 0,
    "sellingGeneralAndAdministrativeExpenses": 1854000000,
    "otherExpenses": 0,
    "operatingExpenses": 5166000000,
    "costAndExpenses": 10831000000,
    "interestIncome": 136000000,
    "interestExpense": 156000000,
    "depreciationAndAmortization": 1988000000,
    "ebitda": 5935000000,
    "ebitdaratio": 0.4020185599,
    "operatingIncome": 3827000000,
    "operatingIncomeRatio": 0.259229154,
    "totalOtherIncomeExpensesNet": 745000000,
    "incomeBeforeTax": 4572000000,
    "incomeBeforeTaxRatio": 0.3096931518,
    "incomeTaxExpense": 1764000000,
    "netIncome": 2808000000,
    "netIncomeRatio": 0.1902052428,
    "eps": 0.6,
    "epsdiluted": 0.58,
    "weightedAverageShsOut": 4710000000,
    "weightedAverageShsOutDil": 4845000000,
    "link": "https://www.sec.gov/Archives/edgar/data/50863/000005086317000041/0000050863-17-000041-index.htm",
    "finalLink": "https://www.sec.gov/Archives/edgar/data/50863/000005086317000041/new10qdocument07012017.htm"
  },
  {
    "date": "2017-04-01",
    "symbol": "INTC",
    "reportedCurrency": "USD",
    "cik": "0000050863",
    "fillingDate": "2017-04-27",
    "acceptedDate": "2017-04-27 16:38:04",
    "calendarYear": "2017",
    "period": "Q1",
    "revenue": 14796000000,
    "costOfRevenue": 5649000000,
    "grossProfit": 9147000000,
    "grossProfitRatio": 0.6182076237,
    "researchAndDevelopmentExpenses": 3326000000,
    "generalAndAdministrativeExpenses": 0,
    "sellingAndMarketingExpenses": 0,
    "sellingGeneralAndAdministrativeExpenses": 2104000000,
    "otherExpenses": 34000000,
    "operatingExpenses": 5468000000,
    "costAndExpenses": 11117000000,
    "interestIncome": 76000000,
    "interestExpense": 146000000,
    "depreciationAndAmortization": 1946000000,
    "ebitda": 5658000000,
    "ebitdaratio": 0.3824006488,
    "operatingIncome": 3599000000,
    "operatingIncomeRatio": 0.2432414166,
    "totalOtherIncomeExpensesNet": 216000000,
    "incomeBeforeTax": 3815000000,
    "incomeBeforeTaxRatio": 0.2578399567,
    "incomeTaxExpense": 851000000,
    "netIncome": 2964000000,
    "netIncomeRatio": 0.200324412,
    "eps": 0.63,
    "epsdiluted": 0.61,
    "weightedAverageShsOut": 4723000000,
    "weightedAverageShsOutDil": 4881000000,
    "link": "https://www.sec.gov/Archives/edgar/data/50863/000005086317000029/0000050863-17-000029-index.htm",
    "finalLink": "https://www.sec.gov/Archives/edgar/data/50863/000005086317000029/a10qdocument04012017.htm"
  },
  {
    "date": "2016-12-31",
    "symbol": "INTC",
    "reportedCurrency": "USD",
    "cik": "0000050863",
    "fillingDate": "2017-02-17",
    "acceptedDate": "2017-02-17 08:37:46",
    "calendarYear": "2016",
    "period": "Q4",
    "revenue": 16374000000,
    "costOfRevenue": 6269000000,
    "grossProfit": 10105000000,
    "grossProfitRatio": 0.6171369244,
    "researchAndDevelopmentExpenses": 3280000000,
    "generalAndAdministrativeExpenses": 358000000,
    "sellingAndMarketingExpenses": 1800000000,
    "sellingGeneralAndAdministrativeExpenses": 2158000000,
    "otherExpenses": -9000000,
    "operatingExpenses": 5479000000,
    "costAndExpenses": 11748000000,
    "interestIncome": 63000000,
    "interestExpense": 158000000,
    "depreciationAndAmortization": 41000000,
    "ebitda": 6556000000,
    "ebitdaratio": 0.4003908636,
    "operatingIncome": 4526000000,
    "operatingIncomeRatio": 0.2764138268,
    "totalOtherIncomeExpensesNet": -86000000,
    "incomeBeforeTax": 4440000000,
    "incomeBeforeTaxRatio": 0.2711615977,
    "incomeTaxExpense": 878000000,
    "netIncome": 3562000000,
    "netIncomeRatio": 0.2175400024,
    "eps": 0.75,
    "epsdiluted": 0.73,
    "weightedAverageShsOut": 4735000000,
    "weightedAverageShsOutDil": 4881000000,
    "link": "https://www.sec.gov/Archives/edgar/data/50863/000005086317000012/0000050863-17-000012-index.htm",
    "finalLink": "https://www.sec.gov/Archives/edgar/data/50863/000005086317000012/a10kdocument12312016q4.htm"
  },
  {
    "date": "2016-10-01",
    "symbol": "INTC",
    "reportedCurrency": "USD",
    "cik": "0000050863",
    "fillingDate": "2016-10-31",
    "acceptedDate": "2016-10-31 17:00:19",
    "calendarYear": "2016",
    "period": "Q3",
    "revenue": 15778000000,
    "costOfRevenue": 5795000000,
    "grossProfit": 9983000000,
    "grossProfitRatio": 0.6327164406,
    "researchAndDevelopmentExpenses": 3069000000,
    "generalAndAdministrativeExpenses": 0,
    "sellingAndMarketingExpenses": 0,
    "sellingGeneralAndAdministrativeExpenses": 2006000000,
    "otherExpenses": -8000000,
    "operatingExpenses": 5149000000,
    "costAndExpenses": 10944000000,
    "interestIncome": 56000000,
    "interestExpense": 180000000,
    "depreciationAndAmortization": 74000000,
    "ebitda": 6762000000,
    "ebitdaratio": 0.4285714286,
    "operatingIncome": 4462000000,
    "operatingIncomeRatio": 0.2827988338,
    "totalOtherIncomeExpensesNet": -144000000,
    "incomeBeforeTax": 4318000000,
    "incomeBeforeTaxRatio": 0.2736722018,
    "incomeTaxExpense": 940000000,
    "netIncome": 3378000000,
    "netIncomeRatio": 0.2140955761,
    "eps": 0.71,
    "epsdiluted": 0.69,
    "weightedAverageShsOut": 4734000000,
    "weightedAverageShsOutDil": 4877000000,
    "link": "https://www.sec.gov/Archives/edgar/data/50863/000005086316000153/0000050863-16-000153-index.htm",
    "finalLink": "https://www.sec.gov/Archives/edgar/data/50863/000005086316000153/a10qdocument10012016.htm"
  },
  {
    "date": "2016-07-02",
    "symbol": "INTC",
    "reportedCurrency": "USD",
    "cik": "0000050863",
    "fillingDate": "2016-08-01",
    "acceptedDate": "2016-08-01 16:37:06",
    "calendarYear": "2016",
    "period": "Q2",
    "revenue": 13533000000,
    "costOfRevenue": 5560000000,
    "grossProfit": 7973000000,
    "grossProfitRatio": 0.5891524422,
    "researchAndDevelopmentExpenses": 3145000000,
    "generalAndAdministrativeExpenses": 0,
    "sellingAndMarketingExpenses": 0,
    "sellingGeneralAndAdministrativeExpenses": 2007000000,
    "otherExpenses": 10000000,
    "operatingExpenses": 5241000000,
    "costAndExpenses": 10801000000,
    "interestIncome": 51000000,
    "interestExpense": 187000000,
    "depreciationAndAmortization": 89000000,
    "ebitda": 4810000000,
    "ebitdaratio": 0.3554274736,
    "operatingIncome": 1318000000,
    "operatingIncomeRatio": 0.0973915614,
    "totalOtherIncomeExpensesNet": 352000000,
    "incomeBeforeTax": 1670000000,
    "incomeBeforeTaxRatio": 0.1234020542,
    "incomeTaxExpense": 340000000,
    "netIncome": 1330000000,
    "netIncomeRatio": 0.0982782827,
    "eps": 0.28,
    "epsdiluted": 0.27,
    "weightedAverageShsOut": 4729000000,
    "weightedAverageShsOutDil": 4866000000,
    "link": "https://www.sec.gov/Archives/edgar/data/50863/000005086316000142/0000050863-16-000142-index.htm",
    "finalLink": "https://www.sec.gov/Archives/edgar/data/50863/000005086316000142/a10qdocument07022016.htm"
  },
  {
    "date": "2016-04-02",
    "symbol": "INTC",
    "reportedCurrency": "USD",
    "cik": "0000050863",
    "fillingDate": "2016-05-02",
    "acceptedDate": "2016-05-02 17:15:56",
    "calendarYear": "2016",
    "period": "Q1",
    "revenue": 13702000000,
    "costOfRevenue": 5572000000,
    "grossProfit": 8130000000,
    "grossProfitRatio": 0.5933440374,
    "researchAndDevelopmentExpenses": 3246000000,
    "generalAndAdministrativeExpenses": 0,
    "sellingAndMarketingExpenses": 0,
    "sellingGeneralAndAdministrativeExpenses": 2226000000,
    "otherExpenses": 74000000,
    "operatingExpenses": 5562000000,
    "costAndExpenses": 11134000000,
    "interestIncome": 52000000,
    "interestExpense": 208000000,
    "depreciationAndAmortization": 90000000,
    "ebitda": 4809000000,
    "ebitdaratio": 0.3509706612,
    "operatingIncome": 2568000000,
    "operatingIncomeRatio": 0.1874178952,
    "totalOtherIncomeExpensesNet": -60000000,
    "incomeBeforeTax": 2508000000,
    "incomeBeforeTaxRatio": 0.1830389724,
    "incomeTaxExpense": 462000000,
    "netIncome": 2046000000,
    "netIncomeRatio": 0.149321267,
    "eps": 0.43,
    "epsdiluted": 0.42,
    "weightedAverageShsOut": 4722000000,
    "weightedAverageShsOutDil": 4875000000,
    "link": "https://www.sec.gov/Archives/edgar/data/50863/000005086316000125/0000050863-16-000125-index.htm",
    "finalLink": "https://www.sec.gov/Archives/edgar/data/50863/000005086316000125/a10qdocument04022016.htm"
  },
  {
    "date": "2015-12-26",
    "symbol": "INTC",
    "reportedCurrency": "USD",
    "cik": "0000050863",
    "fillingDate": "2016-02-12",
    "acceptedDate": "2016-02-12 08:09:19",
    "calendarYear": "2015",
    "period": "Q4",
    "revenue": 14914000000,
    "costOfRevenue": 5324000000,
    "grossProfit": 9590000000,
    "grossProfitRatio": 0.6430199812,
    "researchAndDevelopmentExpenses": 3119000000,
    "generalAndAdministrativeExpenses": 318000000,
    "sellingAndMarketingExpenses": 1800000000,
    "sellingGeneralAndAdministrativeExpenses": 2118000000,
    "otherExpenses": 79000000,
    "operatingExpenses": 5304000000,
    "costAndExpenses": 10628000000,
    "interestIncome": 33000000,
    "interestExpense": 126000000,
    "depreciationAndAmortization": 67000000,
    "ebitda": 6432000000,
    "ebitdaratio": 0.4312726297,
    "operatingIncome": 4299000000,
    "operatingIncomeRatio": 0.2882526485,
    "totalOtherIncomeExpensesNet": 4000000,
    "incomeBeforeTax": 4303000000,
    "incomeBeforeTaxRatio": 0.2885208529,
    "incomeTaxExpense": 690000000,
    "netIncome": 3613000000,
    "netIncomeRatio": 0.2422555988,
    "eps": 0.77,
    "epsdiluted": 0.74,
    "weightedAverageShsOut": 4722000000,
    "weightedAverageShsOutDil": 4876000000,
    "link": "https://www.sec.gov/Archives/edgar/data/50863/000005086316000105/0000050863-16-000105-index.htm",
    "finalLink": "https://www.sec.gov/Archives/edgar/data/50863/000005086316000105/a10kdocument12262015q4.htm"
  },
  {
    "date": "2015-09-26",
    "symbol": "INTC",
    "reportedCurrency": "USD",
    "cik": "0000050863",
    "fillingDate": "2015-10-28",
    "acceptedDate": "2015-10-28 08:54:56",
    "calendarYear": "2015",
    "period": "Q3",
    "revenue": 14465000000,
    "costOfRevenue": 5354000000,
    "grossProfit": 9111000000,
    "grossProfitRatio": 0.6298651918,
    "researchAndDevelopmentExpenses": 2927000000,
    "generalAndAdministrativeExpenses": 0,
    "sellingAndMarketingExpenses": 0,
    "sellingGeneralAndAdministrativeExpenses": 1910000000,
    "otherExpenses": -19000000,
    "operatingExpenses": 4905000000,
    "costAndExpenses": 10259000000,
    "interestIncome": 31000000,
    "interestExpense": 116000000,
    "depreciationAndAmortization": 68000000,
    "ebitda": 6481000000,
    "ebitdaratio": 0.44804701,
    "operatingIncome": 4192000000,
    "operatingIncomeRatio": 0.2898029727,
    "totalOtherIncomeExpensesNet": 61000000,
    "incomeBeforeTax": 4253000000,
    "incomeBeforeTaxRatio": 0.2940200484,
    "incomeTaxExpense": 1144000000,
    "netIncome": 3109000000,
    "netIncomeRatio": 0.2149325959,
    "eps": 0.65,
    "epsdiluted": 0.64,
    "weightedAverageShsOut": 4747000000,
    "weightedAverageShsOutDil": 4876000000,
    "link": "https://www.sec.gov/Archives/edgar/data/50863/000005086315000072/0000050863-15-000072-index.htm",
    "finalLink": "https://www.sec.gov/Archives/edgar/data/50863/000005086315000072/a10qdocument9262015.htm"
  },
  {
    "date": "2015-06-27",
    "symbol": "INTC",
    "reportedCurrency": "USD",
    "cik": "0000050863",
    "fillingDate": "2015-07-27",
    "acceptedDate": "2015-07-27 09:02:07",
    "calendarYear": "2015",
    "period": "Q2",
    "revenue": 13195000000,
    "costOfRevenue": 4947000000,
    "grossProfit": 8248000000,
    "grossProfitRatio": 0.6250852596,
    "researchAndDevelopmentExpenses": 3087000000,
    "generalAndAdministrativeExpenses": 0,
    "sellingAndMarketingExpenses": 0,
    "sellingGeneralAndAdministrativeExpenses": 1949000000,
    "otherExpenses": 12000000,
    "operatingExpenses": 5104000000,
    "costAndExpenses": 10051000000,
    "interestIncome": 28000000,
    "interestExpense": 53000000,
    "depreciationAndAmortization": 68000000,
    "ebitda": 5335000000,
    "ebitdaratio": 0.4043198181,
    "operatingIncome": 2896000000,
    "operatingIncomeRatio": 0.2194770746,
    "totalOtherIncomeExpensesNet": 87000000,
    "incomeBeforeTax": 2983000000,
    "incomeBeforeTaxRatio": 0.2260704812,
    "incomeTaxExpense": 277000000,
    "netIncome": 2706000000,
    "netIncomeRatio": 0.2050776809,
    "eps": 0.57,
    "epsdiluted": 0.55,
    "weightedAverageShsOut": 4759000000,
    "weightedAverageShsOutDil": 4909000000,
    "link": "https://www.sec.gov/Archives/edgar/data/50863/000005086315000055/0000050863-15-000055-index.htm",
    "finalLink": "https://www.sec.gov/Archives/edgar/data/50863/000005086315000055/a10qdocument6272015.htm"
  },
  {
    "date": "2015-03-28",
    "symbol": "INTC",
    "reportedCurrency": "USD",
    "cik": "0000050863",
    "fillingDate": "2015-04-27",
    "acceptedDate": "2015-04-27 17:11:48",
    "calendarYear": "2015",
    "period": "Q1",
    "revenue": 12781000000,
    "costOfRevenue": 5051000000,
    "grossProfit": 7730000000,
    "grossProfitRatio": 0.6048040059,
    "researchAndDevelopmentExpenses": 2995000000,
    "generalAndAdministrativeExpenses": 0,
    "sellingAndMarketingExpenses": 0,
    "sellingGeneralAndAdministrativeExpenses": 1953000000,
    "otherExpenses": 36000000,
    "operatingExpenses": 5010000000,
    "costAndExpenses": 10061000000,
    "interestIncome": 32000000,
    "interestExpense": 42000000,
    "depreciationAndAmortization": 62000000,
    "ebitda": 4819000000,
    "ebitdaratio": 0.3770440498,
    "operatingIncome": 2615000000,
    "operatingIncomeRatio": 0.204600579,
    "totalOtherIncomeExpensesNet": 58000000,
    "incomeBeforeTax": 2673000000,
    "incomeBeforeTaxRatio": 0.2091385651,
    "incomeTaxExpense": 681000000,
    "netIncome": 1992000000,
    "netIncomeRatio": 0.1558563493,
    "eps": 0.42,
    "epsdiluted": 0.41,
    "weightedAverageShsOut": 4741000000,
    "weightedAverageShsOutDil": 4914000000,
    "link": "https://www.sec.gov/Archives/edgar/data/50863/000005086315000028/0000050863-15-000028-index.htm",
    "finalLink": "https://www.sec.gov/Archives/edgar/data/50863/000005086315000028/a10qdocument3282015.htm"
  },
  {
    "date": "2014-12-27",
    "symbol": "INTC",
    "reportedCurrency": "USD",
    "cik": "0000050863",
    "fillingDate": "2015-02-13",
    "acceptedDate": "2015-02-13 09:11:52",
    "calendarYear": "2014",
    "period": "Q4",
    "revenue": 14721000000,
    "costOfRevenue": 5100000000,
    "grossProfit": 9621000000,
    "grossProfitRatio": 0.6535561443,
    "researchAndDevelopmentExpenses": 2990000000,
    "generalAndAdministrativeExpenses": 249000000,
    "sellingAndMarketingExpenses": 1800000000,
    "sellingGeneralAndAdministrativeExpenses": 2049000000,
    "otherExpenses": -7000000,
    "operatingExpenses": 5111000000,
    "costAndExpenses": 10211000000,
    "interestIncome": 33000000,
    "interestExpense": 53000000,
    "depreciationAndAmortization": 72000000,
    "ebitda": 6684000000,
    "ebitdaratio": 0.4540452415,
    "operatingIncome": 4453000000,
    "operatingIncomeRatio": 0.3024930372,
    "totalOtherIncomeExpensesNet": 206000000,
    "incomeBeforeTax": 4659000000,
    "incomeBeforeTaxRatio": 0.3164866517,
    "incomeTaxExpense": 998000000,
    "netIncome": 3661000000,
    "netIncomeRatio": 0.2486923443,
    "eps": 0.77,
    "epsdiluted": 0.74,
    "weightedAverageShsOut": 4769000000,
    "weightedAverageShsOutDil": 4940000000,
    "link": "https://www.sec.gov/Archives/edgar/data/50863/000005086315000015/0000050863-15-000015-index.htm",
    "finalLink": "https://www.sec.gov/Archives/edgar/data/50863/000005086315000015/a10kdocument12272014.htm"
  },
  {
    "date": "2014-09-27",
    "symbol": "INTC",
    "reportedCurrency": "USD",
    "cik": "0000050863",
    "fillingDate": "2014-10-29",
    "acceptedDate": "2014-10-29 17:27:39",
    "calendarYear": "2014",
    "period": "Q3",
    "revenue": 14554000000,
    "costOfRevenue": 5096000000,
    "grossProfit": 9458000000,
    "grossProfitRatio": 0.6498557098,
    "researchAndDevelopmentExpenses": 2842000000,
    "generalAndAdministrativeExpenses": 0,
    "sellingAndMarketingExpenses": 0,
    "sellingGeneralAndAdministrativeExpenses": 1979000000,
    "otherExpenses": -7000000,
    "operatingExpenses": 4898000000,
    "costAndExpenses": 9994000000,
    "interestIncome": 35000000,
    "interestExpense": 53000000,
    "depreciationAndAmortization": 77000000,
    "ebitda": 6758000000,
    "ebitdaratio": 0.4643397004,
    "operatingIncome": 4540000000,
    "operatingIncomeRatio": 0.3119417342,
    "totalOtherIncomeExpensesNet": 10000000,
    "incomeBeforeTax": 4550000000,
    "incomeBeforeTaxRatio": 0.3126288306,
    "incomeTaxExpense": 1233000000,
    "netIncome": 3317000000,
    "netIncomeRatio": 0.227909853,
    "eps": 0.68,
    "epsdiluted": 0.66,
    "weightedAverageShsOut": 4880000000,
    "weightedAverageShsOutDil": 5045000000,
    "link": "https://www.sec.gov/Archives/edgar/data/50863/000005086314000069/0000050863-14-000069-index.htm",
    "finalLink": "https://www.sec.gov/Archives/edgar/data/50863/000005086314000069/a10qdocument9272014.htm"
  },
  {
    "date": "2014-06-28",
    "symbol": "INTC",
    "reportedCurrency": "USD",
    "cik": "0000050863",
    "fillingDate": "2014-07-25",
    "acceptedDate": "2014-07-25 09:02:54",
    "calendarYear": "2014",
    "period": "Q2",
    "revenue": 13831000000,
    "costOfRevenue": 4914000000,
    "grossProfit": 8917000000,
    "grossProfitRatio": 0.6447111561,
    "researchAndDevelopmentExpenses": 2859000000,
    "generalAndAdministrativeExpenses": 0,
    "sellingAndMarketingExpenses": 0,
    "sellingGeneralAndAdministrativeExpenses": 2061000000,
    "otherExpenses": -6000000,
    "operatingExpenses": 4992000000,
    "costAndExpenses": 9906000000,
    "interestIncome": 38000000,
    "interestExpense": 49000000,
    "depreciationAndAmortization": 72000000,
    "ebitda": 6095000000,
    "ebitdaratio": 0.4406767407,
    "operatingIncome": 3844000000,
    "operatingIncomeRatio": 0.2779263972,
    "totalOtherIncomeExpensesNet": 78000000,
    "incomeBeforeTax": 3922000000,
    "incomeBeforeTaxRatio": 0.2835659027,
    "incomeTaxExpense": 1126000000,
    "netIncome": 2796000000,
    "netIncomeRatio": 0.2021545803,
    "eps": 0.56,
    "epsdiluted": 0.55,
    "weightedAverageShsOut": 4981000000,
    "weightedAverageShsOutDil": 5123000000,
    "link": "https://www.sec.gov/Archives/edgar/data/50863/000005086314000058/0000050863-14-000058-index.htm",
    "finalLink": "https://www.sec.gov/Archives/edgar/data/50863/000005086314000058/a10qdocument6282014.htm"
  },
  {
    "date": "2014-03-29",
    "symbol": "INTC",
    "reportedCurrency": "USD",
    "cik": "0000050863",
    "fillingDate": "2014-04-25",
    "acceptedDate": "2014-04-25 09:04:50",
    "calendarYear": "2014",
    "period": "Q1",
    "revenue": 12764000000,
    "costOfRevenue": 5138000000,
    "grossProfit": 7626000000,
    "grossProfitRatio": 0.5974616108,
    "researchAndDevelopmentExpenses": 2846000000,
    "generalAndAdministrativeExpenses": 0,
    "sellingAndMarketingExpenses": 0,
    "sellingGeneralAndAdministrativeExpenses": 2037000000,
    "otherExpenses": 114000000,
    "operatingExpenses": 4956000000,
    "costAndExpenses": 10094000000,
    "interestIncome": 35000000,
    "interestExpense": 37000000,
    "depreciationAndAmortization": 73000000,
    "ebitda": 4654000000,
    "ebitdaratio": 0.3646192416,
    "operatingIncome": 2533000000,
    "operatingIncomeRatio": 0.1984487621,
    "totalOtherIncomeExpensesNet": 160000000,
    "incomeBeforeTax": 2693000000,
    "incomeBeforeTaxRatio": 0.2109840175,
    "incomeTaxExpense": 746000000,
    "netIncome": 1947000000,
    "netIncomeRatio": 0.1525383892,
    "eps": 0.39,
    "epsdiluted": 0.38,
    "weightedAverageShsOut": 4974000000,
    "weightedAverageShsOutDil": 5117000000,
    "link": "https://www.sec.gov/Archives/edgar/data/50863/000005086314000032/0000050863-14-000032-index.htm",
    "finalLink": "https://www.sec.gov/Archives/edgar/data/50863/000005086314000032/a10qdocument3292014.htm"
  },
  {
    "date": "2013-12-28",
    "symbol": "INTC",
    "reportedCurrency": "USD",
    "cik": "0000050863",
    "fillingDate": "2014-02-14",
    "acceptedDate": "2014-02-14 09:08:47",
    "calendarYear": "2013",
    "period": "Q4",
    "revenue": 13834000000,
    "costOfRevenue": 5263000000,
    "grossProfit": 8571000000,
    "grossProfitRatio": 0.6195605031,
    "researchAndDevelopmentExpenses": 2826000000,
    "generalAndAdministrativeExpenses": 106000000,
    "sellingAndMarketingExpenses": 1900000000,
    "sellingGeneralAndAdministrativeExpenses": 2006000000,
    "otherExpenses": -8000000,
    "operatingExpenses": 4906000000,
    "costAndExpenses": 10169000000,
    "interestIncome": 31000000,
    "interestExpense": 55000000,
    "depreciationAndAmortization": 74000000,
    "ebitda": 5621000000,
    "ebitdaratio": 0.4063177678,
    "operatingIncome": 3549000000,
    "operatingIncomeRatio": 0.2565418534,
    "totalOtherIncomeExpensesNet": 2000000,
    "incomeBeforeTax": 3551000000,
    "incomeBeforeTaxRatio": 0.2566864248,
    "incomeTaxExpense": 926000000,
    "netIncome": 2625000000,
    "netIncomeRatio": 0.1897498916,
    "eps": 0.53,
    "epsdiluted": 0.51,
    "weightedAverageShsOut": 4971000000,
    "weightedAverageShsOutDil": 5103000000,
    "link": "https://www.sec.gov/Archives/edgar/data/50863/000005086314000020/0000050863-14-000020-index.htm",
    "finalLink": "https://www.sec.gov/Archives/edgar/data/50863/000005086314000020/a10kdocument12282013.htm"
  },
  {
    "date": "2013-09-28",
    "symbol": "INTC",
    "reportedCurrency": "USD",
    "cik": "0000050863",
    "fillingDate": "2013-10-28",
    "acceptedDate": "2013-10-28 08:58:14",
    "calendarYear": "2013",
    "period": "Q3",
    "revenue": 13483000000,
    "costOfRevenue": 5069000000,
    "grossProfit": 8414000000,
    "grossProfitRatio": 0.6240450938,
    "researchAndDevelopmentExpenses": 2742000000,
    "generalAndAdministrativeExpenses": 0,
    "sellingAndMarketingExpenses": 0,
    "sellingGeneralAndAdministrativeExpenses": 1970000000,
    "otherExpenses": 198000000,
    "operatingExpenses": 4786000000,
    "costAndExpenses": 9855000000,
    "interestIncome": 24000000,
    "interestExpense": 56000000,
    "depreciationAndAmortization": 74000000,
    "ebitda": 5649000000,
    "ebitdaratio": 0.4189720389,
    "operatingIncome": 3504000000,
    "operatingIncomeRatio": 0.2598828154,
    "totalOtherIncomeExpensesNet": 420000000,
    "incomeBeforeTax": 3924000000,
    "incomeBeforeTaxRatio": 0.2910331529,
    "incomeTaxExpense": 974000000,
    "netIncome": 2950000000,
    "netIncomeRatio": 0.2187940369,
    "eps": 0.59,
    "epsdiluted": 0.58,
    "weightedAverageShsOut": 4981000000,
    "weightedAverageShsOutDil": 5100000000,
    "link": "https://www.sec.gov/Archives/edgar/data/50863/000005086313000104/0000050863-13-000104-index.htm",
    "finalLink": "https://www.sec.gov/Archives/edgar/data/50863/000005086313000104/a10qdocument9282013.htm"
  },
  {
    "date": "2013-06-29",
    "symbol": "INTC",
    "reportedCurrency": "USD",
    "cik": "0000050863",
    "fillingDate": "2013-07-29",
    "acceptedDate": "2013-07-29 17:04:49",
    "calendarYear": "2013",
    "period": "Q2",
    "revenue": 12811000000,
    "costOfRevenue": 5341000000,
    "grossProfit": 7470000000,
    "grossProfitRatio": 0.5830926547,
    "researchAndDevelopmentExpenses": 2516000000,
    "generalAndAdministrativeExpenses": 0,
    "sellingAndMarketingExpenses": 0,
    "sellingGeneralAndAdministrativeExpenses": 2165000000,
    "otherExpenses": -3000000,
    "operatingExpenses": 4751000000,
    "costAndExpenses": 10092000000,
    "interestIncome": 26000000,
    "interestExpense": 60000000,
    "depreciationAndAmortization": 70000000,
    "ebitda": 4744000000,
    "ebitdaratio": 0.3703067676,
    "operatingIncome": 2719000000,
    "operatingIncomeRatio": 0.2122394817,
    "totalOtherIncomeExpensesNet": -26000000,
    "incomeBeforeTax": 2693000000,
    "incomeBeforeTaxRatio": 0.2102099758,
    "incomeTaxExpense": 693000000,
    "netIncome": 2000000000,
    "netIncomeRatio": 0.156115838,
    "eps": 0.4,
    "epsdiluted": 0.39,
    "weightedAverageShsOut": 4978000000,
    "weightedAverageShsOutDil": 5106000000,
    "link": "https://www.sec.gov/Archives/edgar/data/50863/000005086313000087/0000050863-13-000087-index.htm",
    "finalLink": "https://www.sec.gov/Archives/edgar/data/50863/000005086313000087/a10qdocument6292013.htm"
  },
  {
    "date": "2013-03-30",
    "symbol": "INTC",
    "reportedCurrency": "USD",
    "cik": "0000050863",
    "fillingDate": "2013-04-29",
    "acceptedDate": "2013-04-29 17:14:42",
    "calendarYear": "2013",
    "period": "Q1",
    "revenue": 12580000000,
    "costOfRevenue": 5514000000,
    "grossProfit": 7066000000,
    "grossProfitRatio": 0.5616852146,
    "researchAndDevelopmentExpenses": 2527000000,
    "generalAndAdministrativeExpenses": 0,
    "sellingAndMarketingExpenses": 0,
    "sellingGeneralAndAdministrativeExpenses": 1947000000,
    "otherExpenses": 73000000,
    "operatingExpenses": 4547000000,
    "costAndExpenses": 10061000000,
    "interestIncome": 23000000,
    "interestExpense": 73000000,
    "depreciationAndAmortization": 73000000,
    "ebitda": 4580000000,
    "ebitdaratio": 0.3640699523,
    "operatingIncome": 2519000000,
    "operatingIncomeRatio": 0.2002384738,
    "totalOtherIncomeExpensesNet": -76000000,
    "incomeBeforeTax": 2443000000,
    "incomeBeforeTaxRatio": 0.1941971383,
    "incomeTaxExpense": 398000000,
    "netIncome": 2045000000,
    "netIncomeRatio": 0.1625596184,
    "eps": 0.41,
    "epsdiluted": 0.4,
    "weightedAverageShsOut": 4948000000,
    "weightedAverageShsOutDil": 5080000000,
    "link": "https://www.sec.gov/Archives/edgar/data/50863/000005086313000043/0000050863-13-000043-index.htm",
    "finalLink": "https://www.sec.gov/Archives/edgar/data/50863/000005086313000043/a10qdocument3302013.htm"
  },
  {
    "date": "2012-12-29",
    "symbol": "INTC",
    "reportedCurrency": "USD",
    "cik": "0000050863",
    "fillingDate": "2013-02-19",
    "acceptedDate": "2013-02-19 17:06:31",
    "calendarYear": "2012",
    "period": "Q4",
    "revenue": 13477000000,
    "costOfRevenue": 5660000000,
    "grossProfit": 7817000000,
    "grossProfitRatio": 0.5800252282,
    "researchAndDevelopmentExpenses": 2629000000,
    "generalAndAdministrativeExpenses": -42000000,
    "sellingAndMarketingExpenses": 2000000000,
    "sellingGeneralAndAdministrativeExpenses": 1958000000,
    "otherExpenses": 0,
    "operatingExpenses": 4662000000,
    "costAndExpenses": 10322000000,
    "interestIncome": 21000000,
    "interestExpense": 24000000,
    "depreciationAndAmortization": 75000000,
    "ebitda": 5233000000,
    "ebitdaratio": 0.3882911627,
    "operatingIncome": 3155000000,
    "operatingIncomeRatio": 0.2341025451,
    "totalOtherIncomeExpensesNet": 49000000,
    "incomeBeforeTax": 3204000000,
    "incomeBeforeTaxRatio": 0.2377383691,
    "incomeTaxExpense": 736000000,
    "netIncome": 2468000000,
    "netIncomeRatio": 0.1831268086,
    "eps": 0.5,
    "epsdiluted": 0.48,
    "weightedAverageShsOut": 4968000000,
    "weightedAverageShsOutDil": 5095000000,
    "link": "https://www.sec.gov/Archives/edgar/data/50863/000119312513065416/0001193125-13-065416-index.htm",
    "finalLink": "https://www.sec.gov/Archives/edgar/data/50863/000119312513065416/d424446d10k.htm"
  },
  {
    "date": "2012-09-29",
    "symbol": "INTC",
    "reportedCurrency": "USD",
    "cik": "0000050863",
    "fillingDate": "2012-10-31",
    "acceptedDate": "2012-10-31 17:14:21",
    "calendarYear": "2012",
    "period": "Q3",
    "revenue": 13457000000,
    "costOfRevenue": 4942000000,
    "grossProfit": 8515000000,
    "grossProfitRatio": 0.6327561864,
    "researchAndDevelopmentExpenses": 2605000000,
    "generalAndAdministrativeExpenses": 0,
    "sellingAndMarketingExpenses": 1995000000,
    "sellingGeneralAndAdministrativeExpenses": 1995000000,
    "otherExpenses": 0,
    "operatingExpenses": 4674000000,
    "costAndExpenses": 9616000000,
    "interestIncome": 23000000,
    "interestExpense": 14000000,
    "depreciationAndAmortization": 74000000,
    "ebitda": 5828000000,
    "ebitdaratio": 0.4330831537,
    "operatingIncome": 3841000000,
    "operatingIncomeRatio": 0.2854276585,
    "totalOtherIncomeExpensesNet": 80000000,
    "incomeBeforeTax": 3921000000,
    "incomeBeforeTaxRatio": 0.2913725199,
    "incomeTaxExpense": 949000000,
    "netIncome": 2972000000,
    "netIncomeRatio": 0.2208516014,
    "eps": 0.59,
    "epsdiluted": 0.58,
    "weightedAverageShsOut": 4996000000,
    "weightedAverageShsOutDil": 5153000000,
    "link": "https://www.sec.gov/Archives/edgar/data/50863/000119312512444095/0001193125-12-444095-index.htm",
    "finalLink": "https://www.sec.gov/Archives/edgar/data/50863/000119312512444095/d427493d10q.htm"
  },
  {
    "date": "2012-06-30",
    "symbol": "INTC",
    "reportedCurrency": "USD",
    "cik": "0000050863",
    "fillingDate": "2012-08-01",
    "acceptedDate": "2012-08-01 17:08:28",
    "calendarYear": "2012",
    "period": "Q2",
    "revenue": 13501000000,
    "costOfRevenue": 4947000000,
    "grossProfit": 8554000000,
    "grossProfitRatio": 0.6335826976,
    "researchAndDevelopmentExpenses": 2513000000,
    "generalAndAdministrativeExpenses": 0,
    "sellingAndMarketingExpenses": 2131000000,
    "sellingGeneralAndAdministrativeExpenses": 2131000000,
    "otherExpenses": 0,
    "operatingExpenses": 4722000000,
    "costAndExpenses": 9669000000,
    "interestIncome": 25000000,
    "interestExpense": 21000000,
    "depreciationAndAmortization": 78000000,
    "ebitda": 3863000000,
    "ebitdaratio": 0.2861269536,
    "operatingIncome": 3832000000,
    "operatingIncomeRatio": 0.2838308273,
    "totalOtherIncomeExpensesNet": 102000000,
    "incomeBeforeTax": 3934000000,
    "incomeBeforeTaxRatio": 0.2913858233,
    "incomeTaxExpense": 1107000000,
    "netIncome": 2827000000,
    "netIncomeRatio": 0.2093918969,
    "eps": 0.56,
    "epsdiluted": 0.54,
    "weightedAverageShsOut": 5022000000,
    "weightedAverageShsOutDil": 5199000000,
    "link": "https://www.sec.gov/Archives/edgar/data/50863/000119312512329132/0001193125-12-329132-index.htm",
    "finalLink": "https://www.sec.gov/Archives/edgar/data/50863/000119312512329132/d386477d10q.htm"
  },
  {
    "date": "2012-03-31",
    "symbol": "INTC",
    "reportedCurrency": "USD",
    "cik": "0000050863",
    "fillingDate": "2012-05-04",
    "acceptedDate": "2012-05-04 17:04:29",
    "calendarYear": "2012",
    "period": "Q1",
    "revenue": 12906000000,
    "costOfRevenue": 4641000000,
    "grossProfit": 8265000000,
    "grossProfitRatio": 0.640399814,
    "researchAndDevelopmentExpenses": 2401000000,
    "generalAndAdministrativeExpenses": 0,
    "sellingAndMarketingExpenses": 1973000000,
    "sellingGeneralAndAdministrativeExpenses": 1973000000,
    "otherExpenses": 0,
    "operatingExpenses": 4455000000,
    "costAndExpenses": 9096000000,
    "interestIncome": 28000000,
    "interestExpense": 31000000,
    "depreciationAndAmortization": 81000000,
    "ebitda": 3910000000,
    "ebitdaratio": 0.3029598636,
    "operatingIncome": 3810000000,
    "operatingIncomeRatio": 0.2952115295,
    "totalOtherIncomeExpensesNet": 4000000,
    "incomeBeforeTax": 3814000000,
    "incomeBeforeTaxRatio": 0.2955214629,
    "incomeTaxExpense": 1076000000,
    "netIncome": 2738000000,
    "netIncomeRatio": 0.2121493879,
    "eps": 0.55,
    "epsdiluted": 0.53,
    "weightedAverageShsOut": 4999000000,
    "weightedAverageShsOutDil": 5192000000,
    "link": "https://www.sec.gov/Archives/edgar/data/50863/000119312512212253/0001193125-12-212253-index.htm",
    "finalLink": "https://www.sec.gov/Archives/edgar/data/50863/000119312512212253/d320644d10q.htm"
  },
  {
    "date": "2011-12-31",
    "symbol": "INTC",
    "reportedCurrency": "USD",
    "cik": "0000050863",
    "fillingDate": "2012-02-23",
    "acceptedDate": "2012-02-23 17:05:25",
    "calendarYear": "2011",
    "period": "Q4",
    "revenue": 13887000000,
    "costOfRevenue": 4935000000,
    "grossProfit": 8952000000,
    "grossProfitRatio": 0.6446316699,
    "researchAndDevelopmentExpenses": 2308000000,
    "generalAndAdministrativeExpenses": 0,
    "sellingAndMarketingExpenses": 0,
    "sellingGeneralAndAdministrativeExpenses": 1973000000,
    "otherExpenses": 0,
    "operatingExpenses": 4353000000,
    "costAndExpenses": 9288000000,
    "interestIncome": 28000000,
    "interestExpense": 35000000,
    "depreciationAndAmortization": 1589000000,
    "ebitda": 6211000000,
    "ebitdaratio": 0.4472528264,
    "operatingIncome": 4599000000,
    "operatingIncomeRatio": 0.3311730395,
    "totalOtherIncomeExpensesNet": -12000000,
    "incomeBeforeTax": 4587000000,
    "incomeBeforeTaxRatio": 0.330308922,
    "incomeTaxExpense": 1227000000,
    "netIncome": 3360000000,
    "netIncomeRatio": 0.2419529056,
    "eps": 0.66,
    "epsdiluted": 0.64,
    "weightedAverageShsOut": 5073000000,
    "weightedAverageShsOutDil": 5246000000,
    "link": "https://www.sec.gov/Archives/edgar/data/50863/000119312512075534/0001193125-12-075534-index.htm",
    "finalLink": "https://www.sec.gov/Archives/edgar/data/50863/000119312512075534/d302695d10k.htm"
  },
  {
    "date": "2011-10-01",
    "symbol": "INTC",
    "reportedCurrency": "USD",
    "cik": "0000050863",
    "fillingDate": "2011-11-04",
    "acceptedDate": "2011-11-04 17:08:32",
    "calendarYear": "2011",
    "period": "Q3",
    "revenue": 14233000000,
    "costOfRevenue": 5215000000,
    "grossProfit": 9018000000,
    "grossProfitRatio": 0.6335979765,
    "researchAndDevelopmentExpenses": 2140000000,
    "generalAndAdministrativeExpenses": 0,
    "sellingAndMarketingExpenses": 2017000000,
    "sellingGeneralAndAdministrativeExpenses": 2017000000,
    "otherExpenses": 0,
    "operatingExpenses": 4233000000,
    "costAndExpenses": 9448000000,
    "interestIncome": 15000000,
    "interestExpense": 0,
    "depreciationAndAmortization": 76000000,
    "ebitda": 4769000000,
    "ebitdaratio": 0.335066395,
    "operatingIncome": 4785000000,
    "operatingIncomeRatio": 0.3361905431,
    "totalOtherIncomeExpensesNet": 107000000,
    "incomeBeforeTax": 4892000000,
    "incomeBeforeTaxRatio": 0.3437082836,
    "incomeTaxExpense": 1424000000,
    "netIncome": 3468000000,
    "netIncomeRatio": 0.2436591021,
    "eps": 0.67,
    "epsdiluted": 0.65,
    "weightedAverageShsOut": 5194000000,
    "weightedAverageShsOutDil": 5340000000,
    "link": "https://www.sec.gov/Archives/edgar/data/50863/000119312511297669/0001193125-11-297669-index.htm",
    "finalLink": "https://www.sec.gov/Archives/edgar/data/50863/000119312511297669/d250787d10q.htm"
  },
  {
    "date": "2011-07-02",
    "symbol": "INTC",
    "reportedCurrency": "USD",
    "cik": "0000050863",
    "fillingDate": "2011-08-08",
    "acceptedDate": "2011-08-08 17:16:00",
    "calendarYear": "2011",
    "period": "Q2",
    "revenue": 25879000000,
    "costOfRevenue": 10092000000,
    "grossProfit": 15787000000,
    "grossProfitRatio": 0.6100312995,
    "researchAndDevelopmentExpenses": 3902000000,
    "generalAndAdministrativeExpenses": 1775000000,
    "sellingAndMarketingExpenses": 1905000000,
    "sellingGeneralAndAdministrativeExpenses": 3680000000,
    "otherExpenses": 0,
    "operatingExpenses": 7694000000,
    "costAndExpenses": 17786000000,
    "interestIncome": 20000000,
    "interestExpense": 0,
    "depreciationAndAmortization": 112000000,
    "ebitda": 5435000000,
    "ebitdaratio": 0.210015843,
    "operatingIncome": 8093000000,
    "operatingIncomeRatio": 0.312724603,
    "totalOtherIncomeExpensesNet": -4000000,
    "incomeBeforeTax": 8302000000,
    "incomeBeforeTaxRatio": 0.3208006492,
    "incomeTaxExpense": 2188000000,
    "netIncome": 6114000000,
    "netIncomeRatio": 0.2362533328,
    "eps": 1.14,
    "epsdiluted": 1.11,
    "weightedAverageShsOut": 5376000000,
    "weightedAverageShsOutDil": 5527000000,
    "link": "https://www.sec.gov/Archives/edgar/data/50863/000095012311074495/0000950123-11-074495-index.htm",
    "finalLink": "https://www.sec.gov/Archives/edgar/data/50863/000095012311074495/f59247e10vq.htm"
  },
  {
    "date": "2011-04-02",
    "symbol": "INTC",
    "reportedCurrency": "USD",
    "cik": "0000050863",
    "fillingDate": "2011-05-09",
    "acceptedDate": "2011-05-09 17:08:42",
    "calendarYear": "2011",
    "period": "Q1",
    "revenue": 12847000000,
    "costOfRevenue": 4962000000,
    "grossProfit": 7885000000,
    "grossProfitRatio": 0.6137619678,
    "researchAndDevelopmentExpenses": 1916000000,
    "generalAndAdministrativeExpenses": 0,
    "sellingAndMarketingExpenses": 1775000000,
    "sellingGeneralAndAdministrativeExpenses": 1775000000,
    "otherExpenses": 0,
    "operatingExpenses": 3727000000,
    "costAndExpenses": 8689000000,
    "interestIncome": 28000000,
    "interestExpense": 6000000,
    "depreciationAndAmortization": 36000000,
    "ebitda": 4166000000,
    "ebitdaratio": 0.3242780416,
    "operatingIncome": 4158000000,
    "operatingIncomeRatio": 0.3236553281,
    "totalOtherIncomeExpensesNet": 213000000,
    "incomeBeforeTax": 4371000000,
    "incomeBeforeTaxRatio": 0.3402350743,
    "incomeTaxExpense": 1211000000,
    "netIncome": 3160000000,
    "netIncomeRatio": 0.2459718222,
    "eps": 0.58,
    "epsdiluted": 0.56,
    "weightedAverageShsOut": 5452000000,
    "weightedAverageShsOutDil": 5606000000,
    "link": "https://www.sec.gov/Archives/edgar/data/50863/000095012311047498/0000950123-11-047498-index.htm",
    "finalLink": "https://www.sec.gov/Archives/edgar/data/50863/000095012311047498/f58500e10vq.htm"
  },
  {
    "date": "2010-12-25",
    "symbol": "INTC",
    "reportedCurrency": "USD",
    "cik": "0000050863",
    "fillingDate": "2011-02-18",
    "acceptedDate": "2011-02-18 17:20:31",
    "calendarYear": "2010",
    "period": "Q4",
    "revenue": 11457000000,
    "costOfRevenue": 4051000000,
    "grossProfit": 7406000000,
    "grossProfitRatio": 0.6464170376,
    "researchAndDevelopmentExpenses": 1671000000,
    "generalAndAdministrativeExpenses": 0,
    "sellingAndMarketingExpenses": 0,
    "sellingGeneralAndAdministrativeExpenses": 1705000000,
    "otherExpenses": 0,
    "operatingExpenses": 3383000000,
    "costAndExpenses": 7434000000,
    "interestIncome": 29000000,
    "interestExpense": -12000000,
    "depreciationAndAmortization": 1206000000,
    "ebitda": 5686000000,
    "ebitdaratio": 0.4962904774,
    "operatingIncome": 4023000000,
    "operatingIncomeRatio": 0.3511390416,
    "totalOtherIncomeExpensesNet": 140000000,
    "incomeBeforeTax": 4163000000,
    "incomeBeforeTaxRatio": 0.3633586454,
    "incomeTaxExpense": 983000000,
    "netIncome": 3180000000,
    "netIncomeRatio": 0.2775595706,
    "eps": 0.57,
    "epsdiluted": 0.56,
    "weightedAverageShsOut": 5552000000,
    "weightedAverageShsOutDil": 5699000000,
    "link": "https://www.sec.gov/Archives/edgar/data/50863/000095012311015783/0000950123-11-015783-index.htm",
    "finalLink": "https://www.sec.gov/Archives/edgar/data/50863/000095012311015783/f56033e10vk.htm"
  },
  {
    "date": "2010-09-25",
    "symbol": "INTC",
    "reportedCurrency": "USD",
    "cik": "0000050863",
    "fillingDate": "2010-11-02",
    "acceptedDate": "2010-11-02 17:12:31",
    "calendarYear": "2010",
    "period": "Q3",
    "revenue": 11102000000,
    "costOfRevenue": 3781000000,
    "grossProfit": 7321000000,
    "grossProfitRatio": 0.6594307332,
    "researchAndDevelopmentExpenses": 1675000000,
    "generalAndAdministrativeExpenses": 0,
    "sellingAndMarketingExpenses": 0,
    "sellingGeneralAndAdministrativeExpenses": 1506000000,
    "otherExpenses": 0,
    "operatingExpenses": 3185000000,
    "costAndExpenses": 6966000000,
    "interestIncome": 35000000,
    "interestExpense": 0,
    "depreciationAndAmortization": 4000000,
    "ebitda": 4063000000,
    "ebitdaratio": 0.3659700955,
    "operatingIncome": 4136000000,
    "operatingIncomeRatio": 0.3725454873,
    "totalOtherIncomeExpensesNet": 115000000,
    "incomeBeforeTax": 4251000000,
    "incomeBeforeTaxRatio": 0.3829039813,
    "incomeTaxExpense": 1296000000,
    "netIncome": 2955000000,
    "netIncomeRatio": 0.266168258,
    "eps": 0.53,
    "epsdiluted": 0.52,
    "weightedAverageShsOut": 5575000000,
    "weightedAverageShsOutDil": 5694000000,
    "link": "https://www.sec.gov/Archives/edgar/data/50863/000095012310099521/0000950123-10-099521-index.htm",
    "finalLink": "https://www.sec.gov/Archives/edgar/data/50863/000095012310099521/f56770e10vq.htm"
  },
  {
    "date": "2010-06-26",
    "symbol": "INTC",
    "reportedCurrency": "USD",
    "cik": "0000050863",
    "fillingDate": "2010-07-30",
    "acceptedDate": "2010-07-30 17:12:47",
    "calendarYear": "2010",
    "period": "Q2",
    "revenue": 10765000000,
    "costOfRevenue": 3530000000,
    "grossProfit": 7235000000,
    "grossProfitRatio": 0.6720854621,
    "researchAndDevelopmentExpenses": 1666000000,
    "generalAndAdministrativeExpenses": 0,
    "sellingAndMarketingExpenses": 0,
    "sellingGeneralAndAdministrativeExpenses": 1584000000,
    "otherExpenses": 0,
    "operatingExpenses": 3254000000,
    "costAndExpenses": 6784000000,
    "interestIncome": 29000000,
    "interestExpense": 0,
    "depreciationAndAmortization": 4000000,
    "ebitda": 3792000000,
    "ebitdaratio": 0.3522526707,
    "operatingIncome": 3981000000,
    "operatingIncomeRatio": 0.369809568,
    "totalOtherIncomeExpensesNet": 204000000,
    "incomeBeforeTax": 4185000000,
    "incomeBeforeTaxRatio": 0.3887598699,
    "incomeTaxExpense": 1298000000,
    "netIncome": 2887000000,
    "netIncomeRatio": 0.2681839294,
    "eps": 0.52,
    "epsdiluted": 0.51,
    "weightedAverageShsOut": 5563000000,
    "weightedAverageShsOutDil": 5711000000,
    "link": "https://www.sec.gov/Archives/edgar/data/50863/000095012310070570/0000950123-10-070570-index.htm",
    "finalLink": "https://www.sec.gov/Archives/edgar/data/50863/000095012310070570/f56011e10vq.htm"
  },
  {
    "date": "2010-03-27",
    "symbol": "INTC",
    "reportedCurrency": "USD",
    "cik": "0000050863",
    "fillingDate": "2010-05-03",
    "acceptedDate": "2010-05-03 17:17:00",
    "calendarYear": "2010",
    "period": "Q1",
    "revenue": 10299000000,
    "costOfRevenue": 3770000000,
    "grossProfit": 6529000000,
    "grossProfitRatio": 0.6339450432,
    "researchAndDevelopmentExpenses": 1564000000,
    "generalAndAdministrativeExpenses": 0,
    "sellingAndMarketingExpenses": 0,
    "sellingGeneralAndAdministrativeExpenses": 1514000000,
    "otherExpenses": 0,
    "operatingExpenses": 3081000000,
    "costAndExpenses": 6851000000,
    "interestIncome": 26000000,
    "interestExpense": 0,
    "depreciationAndAmortization": 3000000,
    "ebitda": 4587000000,
    "ebitdaratio": 0.4453830469,
    "operatingIncome": 3448000000,
    "operatingIncomeRatio": 0.3347897854,
    "totalOtherIncomeExpensesNet": -2000000,
    "incomeBeforeTax": 3446000000,
    "incomeBeforeTaxRatio": 0.3345955918,
    "incomeTaxExpense": 1004000000,
    "netIncome": 2442000000,
    "netIncomeRatio": 0.2371103991,
    "eps": 0.44,
    "epsdiluted": 0.43,
    "weightedAverageShsOut": 5529000000,
    "weightedAverageShsOutDil": 5681000000,
    "link": "https://www.sec.gov/Archives/edgar/data/50863/000095012310042822/0000950123-10-042822-index.htm",
    "finalLink": "https://www.sec.gov/Archives/edgar/data/50863/000095012310042822/f55272e10vq.htm"
  },
  {
    "date": "2009-12-26",
    "symbol": "INTC",
    "reportedCurrency": "USD",
    "cik": "0000050863",
    "fillingDate": "2010-02-22",
    "acceptedDate": "2010-02-22 17:14:00",
    "calendarYear": "2009",
    "period": "Q4",
    "revenue": 10569000000,
    "costOfRevenue": 3729000000,
    "grossProfit": 6840000000,
    "grossProfitRatio": 0.6471757025,
    "researchAndDevelopmentExpenses": 1603000000,
    "generalAndAdministrativeExpenses": 0,
    "sellingAndMarketingExpenses": 0,
    "sellingGeneralAndAdministrativeExpenses": 2718000000,
    "otherExpenses": 0,
    "operatingExpenses": 4340000000,
    "costAndExpenses": 8069000000,
    "interestIncome": 24000000,
    "interestExpense": 0,
    "depreciationAndAmortization": 1261000000,
    "ebitda": 3854000000,
    "ebitdaratio": 0.3646513388,
    "operatingIncome": 2497000000,
    "operatingIncomeRatio": 0.236256978,
    "totalOtherIncomeExpensesNet": 96000000,
    "incomeBeforeTax": 2593000000,
    "incomeBeforeTaxRatio": 0.2453401457,
    "incomeTaxExpense": 311000000,
    "netIncome": 2282000000,
    "netIncomeRatio": 0.2159144668,
    "eps": 0.42,
    "epsdiluted": 0.4,
    "weightedAverageShsOut": 5524000000,
    "weightedAverageShsOutDil": 5650000000,
    "link": "https://www.sec.gov/Archives/edgar/data/50863/000095012310015237/0000950123-10-015237-index.htm",
    "finalLink": "https://www.sec.gov/Archives/edgar/data/50863/000095012310015237/f54119e10vk.htm"
  },
  {
    "date": "2009-09-26",
    "symbol": "INTC",
    "reportedCurrency": "USD",
    "cik": "0000050863",
    "fillingDate": "2009-11-02",
    "acceptedDate": "2009-11-02 17:10:52",
    "calendarYear": "2009",
    "period": "Q3",
    "revenue": 9389000000,
    "costOfRevenue": 3985000000,
    "grossProfit": 5404000000,
    "grossProfitRatio": 0.5755671531,
    "researchAndDevelopmentExpenses": 1430000000,
    "generalAndAdministrativeExpenses": 0,
    "sellingAndMarketingExpenses": 0,
    "sellingGeneralAndAdministrativeExpenses": 1320000000,
    "otherExpenses": 0,
    "operatingExpenses": 2762000000,
    "costAndExpenses": 6747000000,
    "interestIncome": 34000000,
    "interestExpense": 2000000,
    "depreciationAndAmortization": 12000000,
    "ebitda": 2764000000,
    "ebitdaratio": 0.2943870487,
    "operatingIncome": 2579000000,
    "operatingIncomeRatio": 0.2746831398,
    "totalOtherIncomeExpensesNet": -47000000,
    "incomeBeforeTax": 2532000000,
    "incomeBeforeTaxRatio": 0.2696772819,
    "incomeTaxExpense": 676000000,
    "netIncome": 1856000000,
    "netIncomeRatio": 0.197678134,
    "eps": 0.34,
    "epsdiluted": 0.33,
    "weightedAverageShsOut": 5537000000,
    "weightedAverageShsOutDil": 5616000000,
    "link": "https://www.sec.gov/Archives/edgar/data/50863/000095012309056321/0000950123-09-056321-index.htm",
    "finalLink": "https://www.sec.gov/Archives/edgar/data/50863/000095012309056321/f53311e10vq.htm"
  },
  {
    "date": "2009-06-27",
    "symbol": "INTC",
    "reportedCurrency": "USD",
    "cik": "0000050863",
    "fillingDate": "2009-08-03",
    "acceptedDate": "2009-08-03 17:08:44",
    "calendarYear": "2009",
    "period": "Q2",
    "revenue": 8024000000,
    "costOfRevenue": 3945000000,
    "grossProfit": 4079000000,
    "grossProfitRatio": 0.5083499501,
    "researchAndDevelopmentExpenses": 1303000000,
    "generalAndAdministrativeExpenses": 0,
    "sellingAndMarketingExpenses": 0,
    "sellingGeneralAndAdministrativeExpenses": 2697000000,
    "otherExpenses": 0,
    "operatingExpenses": 4000000000,
    "costAndExpenses": 7945000000,
    "interestIncome": 38000000,
    "interestExpense": 1000000,
    "depreciationAndAmortization": 1286000000,
    "ebitda": 1365000000,
    "ebitdaratio": 0.170114656,
    "operatingIncome": -12000000,
    "operatingIncomeRatio": -0.0014955135,
    "totalOtherIncomeExpensesNet": -38000000,
    "incomeBeforeTax": -50000000,
    "incomeBeforeTaxRatio": -0.0062313061,
    "incomeTaxExpense": 348000000,
    "netIncome": -398000000,
    "netIncomeRatio": -0.0496011964,
    "eps": -0.0711,
    "epsdiluted": -0.0711,
    "weightedAverageShsOut": 5595000000,
    "weightedAverageShsOutDil": 5595000000,
    "link": "https://www.sec.gov/Archives/edgar/data/50863/000095012309028975/0000950123-09-028975-index.htm",
    "finalLink": "https://www.sec.gov/Archives/edgar/data/50863/000095012309028975/f53036e10vq.htm"
  },
  {
    "date": "2009-03-28",
    "symbol": "INTC",
    "reportedCurrency": "USD",
    "cik": "0000050863",
    "fillingDate": "2009-04-30",
    "acceptedDate": "2009-04-29 18:12:19",
    "calendarYear": "2009",
    "period": "Q1",
    "revenue": 7145000000,
    "costOfRevenue": 3884000000,
    "grossProfit": 3261000000,
    "grossProfitRatio": 0.4564030791,
    "researchAndDevelopmentExpenses": 1317000000,
    "generalAndAdministrativeExpenses": 0,
    "sellingAndMarketingExpenses": 0,
    "sellingGeneralAndAdministrativeExpenses": 1200000000,
    "otherExpenses": 0,
    "operatingExpenses": 2517000000,
    "costAndExpenses": 6401000000,
    "interestIncome": 95000000,
    "interestExpense": 0,
    "depreciationAndAmortization": 1270000000,
    "ebitda": 1991000000,
    "ebitdaratio": 0.2786564031,
    "operatingIncome": 670000000,
    "operatingIncomeRatio": 0.0937718684,
    "totalOtherIncomeExpensesNet": -18000000,
    "incomeBeforeTax": 652000000,
    "incomeBeforeTaxRatio": 0.0912526242,
    "incomeTaxExpense": 5000000,
    "netIncome": 647000000,
    "netIncomeRatio": 0.0905528341,
    "eps": 0.12,
    "epsdiluted": 0.11,
    "weightedAverageShsOut": 5573000000,
    "weightedAverageShsOutDil": 5634000000,
    "link": "https://www.sec.gov/Archives/edgar/data/50863/000095013409008795/0000950134-09-008795-index.htm",
    "finalLink": "https://www.sec.gov/Archives/edgar/data/50863/000095013409008795/f52211e10vq.htm"
  },
  {
    "date": "2008-12-27",
    "symbol": "INTC",
    "reportedCurrency": "USD",
    "cik": "0000050863",
    "fillingDate": "2009-02-23",
    "acceptedDate": "2009-02-20 17:44:51",
    "calendarYear": "2008",
    "period": "Q4",
    "revenue": 8226000000,
    "costOfRevenue": 3857000000,
    "grossProfit": 4369000000,
    "grossProfitRatio": 0.5311208364,
    "researchAndDevelopmentExpenses": 1316000000,
    "generalAndAdministrativeExpenses": 0,
    "sellingAndMarketingExpenses": 0,
    "sellingGeneralAndAdministrativeExpenses": 1263000000,
    "otherExpenses": 0,
    "operatingExpenses": 2579000000,
    "costAndExpenses": 6436000000,
    "interestIncome": 0,
    "interestExpense": 0,
    "depreciationAndAmortization": 1219000000,
    "ebitda": 1539000000,
    "ebitdaratio": 0.1870897155,
    "operatingIncome": 1539000000,
    "operatingIncomeRatio": 0.1870897155,
    "totalOtherIncomeExpensesNet": -1170000000,
    "incomeBeforeTax": 369000000,
    "incomeBeforeTaxRatio": 0.0448577681,
    "incomeTaxExpense": 135000000,
    "netIncome": 234000000,
    "netIncomeRatio": 0.0284463895,
    "eps": 0.04,
    "epsdiluted": 0.04,
    "weightedAverageShsOut": 5564000000,
    "weightedAverageShsOutDil": 5623000000,
    "link": "https://www.sec.gov/Archives/edgar/data/50863/000089161809000047/0000891618-09-000047-index.htm",
    "finalLink": "https://www.sec.gov/Archives/edgar/data/50863/000089161809000047/f50771e10vk.htm"
  },
  {
    "date": "2008-09-27",
    "symbol": "INTC",
    "reportedCurrency": "USD",
    "cik": "0000050863",
    "fillingDate": "2008-10-31",
    "acceptedDate": "2008-10-30 17:58:57",
    "calendarYear": "2008",
    "period": "Q3",
    "revenue": 10217000000,
    "costOfRevenue": 4198000000,
    "grossProfit": 6019000000,
    "grossProfitRatio": 0.5891161789,
    "researchAndDevelopmentExpenses": 1471000000,
    "generalAndAdministrativeExpenses": 0,
    "sellingAndMarketingExpenses": 0,
    "sellingGeneralAndAdministrativeExpenses": 1416000000,
    "otherExpenses": 0,
    "operatingExpenses": 2887000000,
    "costAndExpenses": 7085000000,
    "interestIncome": 0,
    "interestExpense": 0,
    "depreciationAndAmortization": 1127000000,
    "ebitda": 4259000000,
    "ebitdaratio": 0.4168542625,
    "operatingIncome": 3098000000,
    "operatingIncomeRatio": 0.3032201233,
    "totalOtherIncomeExpensesNet": -265000000,
    "incomeBeforeTax": 2833000000,
    "incomeBeforeTaxRatio": 0.2772829598,
    "incomeTaxExpense": 819000000,
    "netIncome": 2014000000,
    "netIncomeRatio": 0.197122443,
    "eps": 0.36,
    "epsdiluted": 0.35,
    "weightedAverageShsOut": 5603000000,
    "weightedAverageShsOutDil": 5692000000,
    "link": "https://www.sec.gov/Archives/edgar/data/50863/000095013408018805/0000950134-08-018805-index.htm",
    "finalLink": "https://www.sec.gov/Archives/edgar/data/50863/000095013408018805/f50051e10vq.htm"
  },
  {
    "date": "2008-06-28",
    "symbol": "INTC",
    "reportedCurrency": "USD",
    "cik": "0000050863",
    "fillingDate": "2008-08-01",
    "acceptedDate": "2008-07-31 17:55:30",
    "calendarYear": "2008",
    "period": "Q2",
    "revenue": 9470000000,
    "costOfRevenue": 4221000000,
    "grossProfit": 5249000000,
    "grossProfitRatio": 0.5542766631,
    "researchAndDevelopmentExpenses": 1468000000,
    "generalAndAdministrativeExpenses": 0,
    "sellingAndMarketingExpenses": 0,
    "sellingGeneralAndAdministrativeExpenses": 1430000000,
    "otherExpenses": 0,
    "operatingExpenses": 2898000000,
    "costAndExpenses": 7119000000,
    "interestIncome": 137000000,
    "interestExpense": 8000000,
    "depreciationAndAmortization": 1105000000,
    "ebitda": 3426000000,
    "ebitdaratio": 0.3617740232,
    "operatingIncome": 2255000000,
    "operatingIncomeRatio": 0.2381203801,
    "totalOtherIncomeExpensesNet": 58000000,
    "incomeBeforeTax": 2313000000,
    "incomeBeforeTaxRatio": 0.2442449842,
    "incomeTaxExpense": 712000000,
    "netIncome": 1601000000,
    "netIncomeRatio": 0.1690601901,
    "eps": 0.28,
    "epsdiluted": 0.28,
    "weightedAverageShsOut": 5699000000,
    "weightedAverageShsOutDil": 5800000000,
    "link": "https://www.sec.gov/Archives/edgar/data/50863/000089161808000380/0000891618-08-000380-index.htm",
    "finalLink": "https://www.sec.gov/Archives/edgar/data/50863/000089161808000380/f42344e10vq.htm"
  },
  {
    "date": "2008-03-29",
    "symbol": "INTC",
    "reportedCurrency": "USD",
    "cik": "0000050863",
    "fillingDate": "2008-05-02",
    "acceptedDate": "2008-05-01 18:03:09",
    "calendarYear": "2008",
    "period": "Q1",
    "revenue": 9673000000,
    "costOfRevenue": 4466000000,
    "grossProfit": 5207000000,
    "grossProfitRatio": 0.5383024915,
    "researchAndDevelopmentExpenses": 1467000000,
    "generalAndAdministrativeExpenses": 0,
    "sellingAndMarketingExpenses": 0,
    "sellingGeneralAndAdministrativeExpenses": 1349000000,
    "otherExpenses": 0,
    "operatingExpenses": 2816000000,
    "costAndExpenses": 7282000000,
    "interestIncome": 0,
    "interestExpense": 0,
    "depreciationAndAmortization": 1165000000,
    "ebitda": 3556000000,
    "ebitdaratio": 0.3676212137,
    "operatingIncome": 2062000000,
    "operatingIncomeRatio": 0.2131706813,
    "totalOtherIncomeExpensesNet": 109000000,
    "incomeBeforeTax": 2171000000,
    "incomeBeforeTaxRatio": 0.2244391605,
    "incomeTaxExpense": 728000000,
    "netIncome": 1443000000,
    "netIncomeRatio": 0.1491781247,
    "eps": 0.25,
    "epsdiluted": 0.25,
    "weightedAverageShsOut": 5787000000,
    "weightedAverageShsOutDil": 5879000000,
    "link": "https://www.sec.gov/Archives/edgar/data/50863/000095013408008205/0000950134-08-008205-index.htm",
    "finalLink": "https://www.sec.gov/Archives/edgar/data/50863/000095013408008205/f40150e10vq.htm"
  },
  {
    "date": "2007-12-29",
    "symbol": "INTC",
    "reportedCurrency": "USD",
    "cik": "0000050863",
    "fillingDate": "2008-02-20",
    "acceptedDate": "2008-02-19 19:50:19",
    "calendarYear": "2007",
    "period": "Q4",
    "revenue": 10712000000,
    "costOfRevenue": 4486000000,
    "grossProfit": 6226000000,
    "grossProfitRatio": 0.5812173264,
    "researchAndDevelopmentExpenses": 1481000000,
    "generalAndAdministrativeExpenses": 0,
    "sellingAndMarketingExpenses": 0,
    "sellingGeneralAndAdministrativeExpenses": 1462000000,
    "otherExpenses": 0,
    "operatingExpenses": 3172000000,
    "costAndExpenses": 7658000000,
    "interestIncome": 0,
    "interestExpense": 0,
    "depreciationAndAmortization": 1171000000,
    "ebitda": 4225000000,
    "ebitdaratio": 0.3944174757,
    "operatingIncome": 3047000000,
    "operatingIncomeRatio": 0.2844473488,
    "totalOtherIncomeExpensesNet": 214000000,
    "incomeBeforeTax": 3261000000,
    "incomeBeforeTaxRatio": 0.304424944,
    "incomeTaxExpense": 990000000,
    "netIncome": 2271000000,
    "netIncomeRatio": 0.2120052278,
    "eps": 0.39,
    "epsdiluted": 0.39,
    "weightedAverageShsOut": 5840000000,
    "weightedAverageShsOutDil": 5988000000,
    "link": "https://www.sec.gov/Archives/edgar/data/50863/000089161808000106/0000891618-08-000106-index.htm",
    "finalLink": "https://www.sec.gov/Archives/edgar/data/50863/000089161808000106/f36442e10vk.htm"
  },
  {
    "date": "2007-09-29",
    "symbol": "INTC",
    "reportedCurrency": "USD",
    "cik": "0000050863",
    "fillingDate": "2007-11-02",
    "acceptedDate": "2007-11-01 17:46:47",
    "calendarYear": "2007",
    "period": "Q3",
    "revenue": 10090000000,
    "costOfRevenue": 4919000000,
    "grossProfit": 5171000000,
    "grossProfitRatio": 0.5124876115,
    "researchAndDevelopmentExpenses": 1521000000,
    "generalAndAdministrativeExpenses": 0,
    "sellingAndMarketingExpenses": 0,
    "sellingGeneralAndAdministrativeExpenses": 1378000000,
    "otherExpenses": 0,
    "operatingExpenses": 2902000000,
    "costAndExpenses": 7821000000,
    "interestIncome": 0,
    "interestExpense": 0,
    "depreciationAndAmortization": 1163000000,
    "ebitda": 3432000000,
    "ebitdaratio": 0.3401387512,
    "operatingIncome": 2144000000,
    "operatingIncomeRatio": 0.2124876115,
    "totalOtherIncomeExpensesNet": 359000000,
    "incomeBeforeTax": 2503000000,
    "incomeBeforeTaxRatio": 0.2480673935,
    "incomeTaxExpense": 712000000,
    "netIncome": 1791000000,
    "netIncomeRatio": 0.1775024777,
    "eps": 0.31,
    "epsdiluted": 0.3,
    "weightedAverageShsOut": 5837000000,
    "weightedAverageShsOutDil": 5967000000,
    "link": "https://www.sec.gov/Archives/edgar/data/50863/000089161807000624/0000891618-07-000624-index.htm",
    "finalLink": "https://www.sec.gov/Archives/edgar/data/50863/000089161807000624/f34863e10vq.htm"
  },
  {
    "date": "2007-06-30",
    "symbol": "INTC",
    "reportedCurrency": "USD",
    "cik": "0000050863",
    "fillingDate": "2007-08-06",
    "acceptedDate": "2007-08-03 17:45:31",
    "calendarYear": "2007",
    "period": "Q2",
    "revenue": 8680000000,
    "costOfRevenue": 4605000000,
    "grossProfit": 4075000000,
    "grossProfitRatio": 0.4694700461,
    "researchAndDevelopmentExpenses": 1353000000,
    "generalAndAdministrativeExpenses": 0,
    "sellingAndMarketingExpenses": 0,
    "sellingGeneralAndAdministrativeExpenses": 1284000000,
    "otherExpenses": 0,
    "operatingExpenses": 2643000000,
    "costAndExpenses": 7248000000,
    "interestIncome": 0,
    "interestExpense": 0,
    "depreciationAndAmortization": 1213000000,
    "ebitda": 2645000000,
    "ebitdaratio": 0.3047235023,
    "operatingIncome": 1350000000,
    "operatingIncomeRatio": 0.1555299539,
    "totalOtherIncomeExpensesNet": 179000000,
    "incomeBeforeTax": 1529000000,
    "incomeBeforeTaxRatio": 0.1761520737,
    "incomeTaxExpense": 251000000,
    "netIncome": 1278000000,
    "netIncomeRatio": 0.147235023,
    "eps": 0.22,
    "epsdiluted": 0.22,
    "weightedAverageShsOut": 5809000000,
    "weightedAverageShsOutDil": 5917000000,
    "link": "https://www.sec.gov/Archives/edgar/data/50863/000095013407016808/0000950134-07-016808-index.htm",
    "finalLink": "https://www.sec.gov/Archives/edgar/data/50863/000095013407016808/f32127e10vq.htm"
  },
  {
    "date": "2007-03-31",
    "symbol": "INTC",
    "reportedCurrency": "USD",
    "cik": "0000050863",
    "fillingDate": "2007-05-03",
    "acceptedDate": "2007-05-02 18:03:01",
    "calendarYear": "2007",
    "period": "Q1",
    "revenue": 8852000000,
    "costOfRevenue": 4420000000,
    "grossProfit": 4432000000,
    "grossProfitRatio": 0.5006778129,
    "researchAndDevelopmentExpenses": 1400000000,
    "generalAndAdministrativeExpenses": 0,
    "sellingAndMarketingExpenses": 0,
    "sellingGeneralAndAdministrativeExpenses": 1277000000,
    "otherExpenses": 0,
    "operatingExpenses": 2682000000,
    "costAndExpenses": 7102000000,
    "interestIncome": 0,
    "interestExpense": 0,
    "depreciationAndAmortization": 1251000000,
    "ebitda": 3001000000,
    "ebitdaratio": 0.3390194306,
    "operatingIncome": 1675000000,
    "operatingIncomeRatio": 0.1892227745,
    "totalOtherIncomeExpensesNet": 198000000,
    "incomeBeforeTax": 1873000000,
    "incomeBeforeTaxRatio": 0.211590601,
    "incomeTaxExpense": 237000000,
    "netIncome": 1636000000,
    "netIncomeRatio": 0.1848169905,
    "eps": 0.28,
    "epsdiluted": 0.28,
    "weightedAverageShsOut": 5777000000,
    "weightedAverageShsOutDil": 5874000000,
    "link": "https://www.sec.gov/Archives/edgar/data/50863/000095013407009935/0000950134-07-009935-index.htm",
    "finalLink": "https://www.sec.gov/Archives/edgar/data/50863/000095013407009935/f29491e10vq.htm"
  },
  {
    "date": "2006-12-30",
    "symbol": "INTC",
    "reportedCurrency": "USD",
    "cik": "0000050863",
    "fillingDate": "2007-02-26",
    "acceptedDate": "2007-02-23 17:40:01",
    "calendarYear": "2006",
    "period": "Q4",
    "revenue": 9694000000,
    "costOfRevenue": 4884000000,
    "grossProfit": 4810000000,
    "grossProfitRatio": 0.4961832061,
    "researchAndDevelopmentExpenses": 1426000000,
    "generalAndAdministrativeExpenses": 0,
    "sellingAndMarketingExpenses": 0,
    "sellingGeneralAndAdministrativeExpenses": 1434000000,
    "otherExpenses": 0,
    "operatingExpenses": 2865000000,
    "costAndExpenses": 7749000000,
    "interestIncome": 0,
    "interestExpense": 0,
    "depreciationAndAmortization": 1227000000,
    "ebitda": 3172000000,
    "ebitdaratio": 0.3272127089,
    "operatingIncome": 1488000000,
    "operatingIncomeRatio": 0.1534970085,
    "totalOtherIncomeExpensesNet": 639000000,
    "incomeBeforeTax": 2127000000,
    "incomeBeforeTaxRatio": 0.2194140706,
    "incomeTaxExpense": 626000000,
    "netIncome": 1501000000,
    "netIncomeRatio": 0.1548380442,
    "eps": 0.26,
    "epsdiluted": 0.26,
    "weightedAverageShsOut": 5764000000,
    "weightedAverageShsOutDil": 5867000000,
    "link": "https://www.sec.gov/Archives/edgar/data/50863/000089161807000111/0000891618-07-000111-index.htm",
    "finalLink": "https://www.sec.gov/Archives/edgar/data/50863/000089161807000111/f23627e10vk.htm"
  },
  {
    "date": "2006-09-30",
    "symbol": "INTC",
    "reportedCurrency": "USD",
    "cik": "0000050863",
    "fillingDate": "2006-11-03",
    "acceptedDate": "2006-11-02 18:34:41",
    "calendarYear": "2006",
    "period": "Q3",
    "revenue": 8739000000,
    "costOfRevenue": 4445000000,
    "grossProfit": 4294000000,
    "grossProfitRatio": 0.4913605676,
    "researchAndDevelopmentExpenses": 1389000000,
    "generalAndAdministrativeExpenses": 0,
    "sellingAndMarketingExpenses": 0,
    "sellingGeneralAndAdministrativeExpenses": 1425000000,
    "otherExpenses": 0,
    "operatingExpenses": 2822000000,
    "costAndExpenses": 7267000000,
    "interestIncome": 0,
    "interestExpense": 0,
    "depreciationAndAmortization": 1256000000,
    "ebitda": 2728000000,
    "ebitdaratio": 0.3121638631,
    "operatingIncome": 1374000000,
    "operatingIncomeRatio": 0.1572262273,
    "totalOtherIncomeExpensesNet": 440000000,
    "incomeBeforeTax": 1814000000,
    "incomeBeforeTaxRatio": 0.2075752374,
    "incomeTaxExpense": 513000000,
    "netIncome": 1301000000,
    "netIncomeRatio": 0.1488728687,
    "eps": 0.23,
    "epsdiluted": 0.22,
    "weightedAverageShsOut": 5769000000,
    "weightedAverageShsOutDil": 5832000000,
    "link": "https://www.sec.gov/Archives/edgar/data/50863/000089161806000457/0000891618-06-000457-index.htm",
    "finalLink": "https://www.sec.gov/Archives/edgar/data/50863/000089161806000457/f23624e10vq.htm"
  },
  {
    "date": "2006-07-01",
    "symbol": "INTC",
    "reportedCurrency": "USD",
    "cik": "0000050863",
    "fillingDate": "2006-08-02",
    "acceptedDate": "2006-08-01 19:18:39",
    "calendarYear": "2006",
    "period": "Q2",
    "revenue": 8009000000,
    "costOfRevenue": 3838000000,
    "grossProfit": 4171000000,
    "grossProfitRatio": 0.5207891122,
    "researchAndDevelopmentExpenses": 1496000000,
    "generalAndAdministrativeExpenses": 0,
    "sellingAndMarketingExpenses": 0,
    "sellingGeneralAndAdministrativeExpenses": 1593000000,
    "otherExpenses": 0,
    "operatingExpenses": 3099000000,
    "costAndExpenses": 6937000000,
    "interestIncome": 0,
    "interestExpense": 0,
    "depreciationAndAmortization": 1215000000,
    "ebitda": 2287000000,
    "ebitdaratio": 0.285553752,
    "operatingIncome": 1072000000,
    "operatingIncomeRatio": 0.1338494194,
    "totalOtherIncomeExpensesNet": 181000000,
    "incomeBeforeTax": 1253000000,
    "incomeBeforeTaxRatio": 0.1564489949,
    "incomeTaxExpense": 368000000,
    "netIncome": 885000000,
    "netIncomeRatio": 0.1105006867,
    "eps": 0.15,
    "epsdiluted": 0.15,
    "weightedAverageShsOut": 5801000000,
    "weightedAverageShsOutDil": 5868000000,
    "link": "https://www.sec.gov/Archives/edgar/data/50863/000089161806000309/0000891618-06-000309-index.htm",
    "finalLink": "https://www.sec.gov/Archives/edgar/data/50863/000089161806000309/f22070e10vq.htm"
  },
  {
    "date": "2006-04-01",
    "symbol": "INTC",
    "reportedCurrency": "USD",
    "cik": "0000050863",
    "fillingDate": "2006-05-08",
    "acceptedDate": "2006-05-05 17:40:58",
    "calendarYear": "2006",
    "period": "Q1",
    "revenue": 8940000000,
    "costOfRevenue": 3997000000,
    "grossProfit": 4943000000,
    "grossProfitRatio": 0.5529082774,
    "researchAndDevelopmentExpenses": 1562000000,
    "generalAndAdministrativeExpenses": 0,
    "sellingAndMarketingExpenses": 0,
    "sellingGeneralAndAdministrativeExpenses": 1644000000,
    "otherExpenses": 0,
    "operatingExpenses": 3225000000,
    "costAndExpenses": 7222000000,
    "interestIncome": 0,
    "interestExpense": 0,
    "depreciationAndAmortization": 1214000000,
    "ebitda": 2932000000,
    "ebitdaratio": 0.3279642058,
    "operatingIncome": 1718000000,
    "operatingIncomeRatio": 0.1921700224,
    "totalOtherIncomeExpensesNet": 156000000,
    "incomeBeforeTax": 1874000000,
    "incomeBeforeTaxRatio": 0.2096196868,
    "incomeTaxExpense": 517000000,
    "netIncome": 1357000000,
    "netIncomeRatio": 0.1517897092,
    "eps": 0.23,
    "epsdiluted": 0.23,
    "weightedAverageShsOut": 5854000000,
    "weightedAverageShsOutDil": 5954000000,
    "link": "https://www.sec.gov/Archives/edgar/data/50863/000089161806000189/0000891618-06-000189-index.htm",
    "finalLink": "https://www.sec.gov/Archives/edgar/data/50863/000089161806000189/f19747e10vq.htm"
  },
  {
    "date": "2005-12-31",
    "symbol": "INTC",
    "reportedCurrency": "USD",
    "cik": "0000050863",
    "fillingDate": "2006-02-27",
    "acceptedDate": "2006-02-24 17:40:44",
    "calendarYear": "2005",
    "period": "Q4",
    "revenue": 10201000000,
    "costOfRevenue": 3901000000,
    "grossProfit": 6300000000,
    "grossProfitRatio": 0.6175865111,
    "researchAndDevelopmentExpenses": 1362000000,
    "generalAndAdministrativeExpenses": 0,
    "sellingAndMarketingExpenses": 0,
    "sellingGeneralAndAdministrativeExpenses": 1606000000,
    "otherExpenses": 0,
    "operatingExpenses": 2991000000,
    "costAndExpenses": 6892000000,
    "interestIncome": 0,
    "interestExpense": 0,
    "depreciationAndAmortization": 1108000000,
    "ebitda": 4417000000,
    "ebitdaratio": 0.432996765,
    "operatingIncome": 3309000000,
    "operatingIncomeRatio": 0.3243799627,
    "totalOtherIncomeExpensesNet": 153000000,
    "incomeBeforeTax": 3462000000,
    "incomeBeforeTaxRatio": 0.3393784923,
    "incomeTaxExpense": 1009000000,
    "netIncome": 2453000000,
    "netIncomeRatio": 0.2404666209,
    "eps": 0.41,
    "epsdiluted": 0.4,
    "weightedAverageShsOut": 6007000000,
    "weightedAverageShsOutDil": 6144000000,
    "link": "https://www.sec.gov/Archives/edgar/data/50863/000089161806000089/0000891618-06-000089-index.htm",
    "finalLink": "https://www.sec.gov/Archives/edgar/data/50863/000089161806000089/f12963e10vk.htm"
  },
  {
    "date": "2005-10-01",
    "symbol": "INTC",
    "reportedCurrency": "USD",
    "cik": "0000050863",
    "fillingDate": "2005-11-01",
    "acceptedDate": "2005-10-31 18:08:48",
    "calendarYear": "2005",
    "period": "Q3",
    "revenue": 9960000000,
    "costOfRevenue": 4012000000,
    "grossProfit": 5948000000,
    "grossProfitRatio": 0.597188755,
    "researchAndDevelopmentExpenses": 1341000000,
    "generalAndAdministrativeExpenses": 0,
    "sellingAndMarketingExpenses": 0,
    "sellingGeneralAndAdministrativeExpenses": 1478000000,
    "otherExpenses": 0,
    "operatingExpenses": 2848000000,
    "costAndExpenses": 6860000000,
    "interestIncome": 0,
    "interestExpense": 0,
    "depreciationAndAmortization": 1114000000,
    "ebitda": 4214000000,
    "ebitdaratio": 0.4230923695,
    "operatingIncome": 3100000000,
    "operatingIncomeRatio": 0.3112449799,
    "totalOtherIncomeExpensesNet": -1105000000,
    "incomeBeforeTax": 3243000000,
    "incomeBeforeTaxRatio": 0.3256024096,
    "incomeTaxExpense": 1248000000,
    "netIncome": 1995000000,
    "netIncomeRatio": 0.2003012048,
    "eps": 0.33,
    "epsdiluted": 0.32,
    "weightedAverageShsOut": 6062000000,
    "weightedAverageShsOutDil": 6144000000,
    "link": "https://www.sec.gov/Archives/edgar/data/50863/000089161805000821/0000891618-05-000821-index.htm",
    "finalLink": "https://www.sec.gov/Archives/edgar/data/50863/000089161805000821/f12965e10vq.htm"
  },
  {
    "date": "2005-07-02",
    "symbol": "INTC",
    "reportedCurrency": "USD",
    "cik": "0000050863",
    "fillingDate": "2005-08-08",
    "acceptedDate": "2005-08-05 17:42:09",
    "calendarYear": "2005",
    "period": "Q2",
    "revenue": 9231000000,
    "costOfRevenue": 4028000000,
    "grossProfit": 5203000000,
    "grossProfitRatio": 0.5636442422,
    "researchAndDevelopmentExpenses": 1176000000,
    "generalAndAdministrativeExpenses": 0,
    "sellingAndMarketingExpenses": 0,
    "sellingGeneralAndAdministrativeExpenses": 1342000000,
    "otherExpenses": 36000000,
    "operatingExpenses": 2554000000,
    "costAndExpenses": 6582000000,
    "interestIncome": 0,
    "interestExpense": 0,
    "depreciationAndAmortization": 1117000000,
    "ebitda": 2649000000,
    "ebitdaratio": 0.2869678258,
    "operatingIncome": 2649000000,
    "operatingIncomeRatio": 0.2869678258,
    "totalOtherIncomeExpensesNet": 105000000,
    "incomeBeforeTax": 2754000000,
    "incomeBeforeTaxRatio": 0.2983425414,
    "incomeTaxExpense": 716000000,
    "netIncome": 2038000000,
    "netIncomeRatio": 0.2207778139,
    "eps": 0.33,
    "epsdiluted": 0.33,
    "weightedAverageShsOut": 6144000000,
    "weightedAverageShsOutDil": 6215000000,
    "link": "https://www.sec.gov/Archives/edgar/data/50863/000119312505159285/0001193125-05-159285-index.htm",
    "finalLink": "https://www.sec.gov/Archives/edgar/data/50863/000119312505159285/d10q.htm"
  },
  {
    "date": "2005-04-02",
    "symbol": "INTC",
    "reportedCurrency": "USD",
    "cik": "0000050863",
    "fillingDate": "2005-05-11",
    "acceptedDate": "2005-05-10 17:52:22",
    "calendarYear": "2005",
    "period": "Q1",
    "revenue": 9434000000,
    "costOfRevenue": 3836000000,
    "grossProfit": 5598000000,
    "grossProfitRatio": 0.5933856265,
    "researchAndDevelopmentExpenses": 1266000000,
    "generalAndAdministrativeExpenses": 0,
    "sellingAndMarketingExpenses": 0,
    "sellingGeneralAndAdministrativeExpenses": 1262000000,
    "otherExpenses": 38000000,
    "operatingExpenses": 2566000000,
    "costAndExpenses": 6402000000,
    "interestIncome": 0,
    "interestExpense": 0,
    "depreciationAndAmortization": 1256000000,
    "ebitda": 3032000000,
    "ebitdaratio": 0.3213907144,
    "operatingIncome": 3032000000,
    "operatingIncomeRatio": 0.3213907144,
    "totalOtherIncomeExpensesNet": 119000000,
    "incomeBeforeTax": 3151000000,
    "incomeBeforeTaxRatio": 0.334004664,
    "incomeTaxExpense": 973000000,
    "netIncome": 2178000000,
    "netIncomeRatio": 0.2308670765,
    "eps": 0.35,
    "epsdiluted": 0.35,
    "weightedAverageShsOut": 6211000000,
    "weightedAverageShsOutDil": 6273000000,
    "link": "https://www.sec.gov/Archives/edgar/data/50863/000119312505103060/0001193125-05-103060-index.htm",
    "finalLink": "https://www.sec.gov/Archives/edgar/data/50863/000119312505103060/d10q.htm"
  },
  {
    "date": "2004-12-25",
    "symbol": "INTC",
    "reportedCurrency": "USD",
    "cik": "0000050863",
    "fillingDate": "2005-02-22",
    "acceptedDate": "2005-02-18 17:51:02",
    "calendarYear": "2004",
    "period": "Q4",
    "revenue": 9598000000,
    "costOfRevenue": 4221000000,
    "grossProfit": 5377000000,
    "grossProfitRatio": 0.5602208793,
    "researchAndDevelopmentExpenses": 1214000000,
    "generalAndAdministrativeExpenses": 0,
    "sellingAndMarketingExpenses": 0,
    "sellingGeneralAndAdministrativeExpenses": 1225000000,
    "otherExpenses": 0,
    "operatingExpenses": 2477000000,
    "costAndExpenses": 6698000000,
    "interestIncome": 0,
    "interestExpense": 0,
    "depreciationAndAmortization": 1211000000,
    "ebitda": 4111000000,
    "ebitdaratio": 0.4283183997,
    "operatingIncome": 2900000000,
    "operatingIncomeRatio": 0.3021462805,
    "totalOtherIncomeExpensesNet": 127000000,
    "incomeBeforeTax": 3027000000,
    "incomeBeforeTaxRatio": 0.3153782038,
    "incomeTaxExpense": 904000000,
    "netIncome": 2123000000,
    "netIncomeRatio": 0.221191915,
    "eps": 0.33,
    "epsdiluted": 0.33,
    "weightedAverageShsOut": 6295000000,
    "weightedAverageShsOutDil": 6352000000,
    "link": "https://www.sec.gov/Archives/edgar/data/50863/000119312505033162/0001193125-05-033162-index.htm",
    "finalLink": "https://www.sec.gov/Archives/edgar/data/50863/000119312505033162/d10k.htm"
  },
  {
    "date": "2004-09-25",
    "symbol": "INTC",
    "reportedCurrency": "USD",
    "cik": "0000050863",
    "fillingDate": "2004-11-04",
    "acceptedDate": "2004-11-03 18:07:54",
    "calendarYear": "2004",
    "period": "Q3",
    "revenue": 8471000000,
    "costOfRevenue": 3752000000,
    "grossProfit": 4719000000,
    "grossProfitRatio": 0.5570770865,
    "researchAndDevelopmentExpenses": 1183000000,
    "generalAndAdministrativeExpenses": 0,
    "sellingAndMarketingExpenses": 0,
    "sellingGeneralAndAdministrativeExpenses": 1123000000,
    "otherExpenses": 0,
    "operatingExpenses": 2346000000,
    "costAndExpenses": 6098000000,
    "interestIncome": 0,
    "interestExpense": 0,
    "depreciationAndAmortization": 1220000000,
    "ebitda": 2373000000,
    "ebitdaratio": 0.2801322158,
    "operatingIncome": 2373000000,
    "operatingIncomeRatio": 0.2801322158,
    "totalOtherIncomeExpensesNet": 53000000,
    "incomeBeforeTax": 2426000000,
    "incomeBeforeTaxRatio": 0.2863888561,
    "incomeTaxExpense": 520000000,
    "netIncome": 1906000000,
    "netIncomeRatio": 0.2250029512,
    "eps": 0.3,
    "epsdiluted": 0.3,
    "weightedAverageShsOut": 6375000000,
    "weightedAverageShsOutDil": 6442000000,
    "link": "https://www.sec.gov/Archives/edgar/data/50863/000119312504185001/0001193125-04-185001-index.htm",
    "finalLink": "https://www.sec.gov/Archives/edgar/data/50863/000119312504185001/d10q.htm"
  },
  {
    "date": "2004-06-26",
    "symbol": "INTC",
    "reportedCurrency": "USD",
    "cik": "0000050863",
    "fillingDate": "2004-08-02",
    "acceptedDate": "2004-07-30 17:49:53",
    "calendarYear": "2004",
    "period": "Q2",
    "revenue": 8049000000,
    "costOfRevenue": 3269000000,
    "grossProfit": 4780000000,
    "grossProfitRatio": 0.5938625916,
    "researchAndDevelopmentExpenses": 1186000000,
    "generalAndAdministrativeExpenses": 0,
    "sellingAndMarketingExpenses": 0,
    "sellingGeneralAndAdministrativeExpenses": 1170000000,
    "otherExpenses": 43000000,
    "operatingExpenses": 2399000000,
    "costAndExpenses": 5668000000,
    "interestIncome": 0,
    "interestExpense": 0,
    "depreciationAndAmortization": 1225000000,
    "ebitda": 2381000000,
    "ebitdaratio": 0.2958131445,
    "operatingIncome": 2381000000,
    "operatingIncomeRatio": 0.2958131445,
    "totalOtherIncomeExpensesNet": 39000000,
    "incomeBeforeTax": 2420000000,
    "incomeBeforeTaxRatio": 0.3006584669,
    "incomeTaxExpense": 663000000,
    "netIncome": 1757000000,
    "netIncomeRatio": 0.2182879861,
    "eps": 0.27,
    "epsdiluted": 0.27,
    "weightedAverageShsOut": 6449000000,
    "weightedAverageShsOutDil": 6558000000,
    "link": "https://www.sec.gov/Archives/edgar/data/50863/000119312504128340/0001193125-04-128340-index.htm",
    "finalLink": "https://www.sec.gov/Archives/edgar/data/50863/000119312504128340/d10q.htm"
  },
  {
    "date": "2004-03-27",
    "symbol": "INTC",
    "reportedCurrency": "USD",
    "cik": "0000050863",
    "fillingDate": "2004-05-03",
    "acceptedDate": "2004-04-30 17:48:59",
    "calendarYear": "2004",
    "period": "Q1",
    "revenue": 8091000000,
    "costOfRevenue": 3221000000,
    "grossProfit": 4870000000,
    "grossProfitRatio": 0.6019033494,
    "researchAndDevelopmentExpenses": 1195000000,
    "generalAndAdministrativeExpenses": 0,
    "sellingAndMarketingExpenses": 0,
    "sellingGeneralAndAdministrativeExpenses": 1141000000,
    "otherExpenses": 58000000,
    "operatingExpenses": 2394000000,
    "costAndExpenses": 5615000000,
    "interestIncome": 0,
    "interestExpense": 0,
    "depreciationAndAmortization": 1233000000,
    "ebitda": 2476000000,
    "ebitdaratio": 0.3060190335,
    "operatingIncome": 2476000000,
    "operatingIncomeRatio": 0.3060190335,
    "totalOtherIncomeExpensesNet": 68000000,
    "incomeBeforeTax": 2544000000,
    "incomeBeforeTaxRatio": 0.3144234334,
    "incomeTaxExpense": 814000000,
    "netIncome": 1730000000,
    "netIncomeRatio": 0.2138178223,
    "eps": 0.27,
    "epsdiluted": 0.26,
    "weightedAverageShsOut": 6480000000,
    "weightedAverageShsOutDil": 6624000000,
    "link": "https://www.sec.gov/Archives/edgar/data/50863/000119312504075690/0001193125-04-075690-index.htm",
    "finalLink": "https://www.sec.gov/Archives/edgar/data/50863/000119312504075690/d10q.htm"
  },
  {
    "date": "2003-12-27",
    "symbol": "INTC",
    "reportedCurrency": "USD",
    "cik": "0000050863",
    "fillingDate": "2004-02-23",
    "acceptedDate": "2004-02-20 17:50:23",
    "calendarYear": "2003",
    "period": "Q4",
    "revenue": 8741000000,
    "costOfRevenue": 3185000000,
    "grossProfit": 5556000000,
    "grossProfitRatio": 0.6356252145,
    "researchAndDevelopmentExpenses": 1177000000,
    "generalAndAdministrativeExpenses": 0,
    "sellingAndMarketingExpenses": 0,
    "sellingGeneralAndAdministrativeExpenses": 1135000000,
    "otherExpenses": 0,
    "operatingExpenses": 2994000000,
    "costAndExpenses": 6179000000,
    "interestIncome": 0,
    "interestExpense": 0,
    "depreciationAndAmortization": 1270000000,
    "ebitda": 3832000000,
    "ebitdaratio": 0.4383937765,
    "operatingIncome": 2562000000,
    "operatingIncomeRatio": 0.2931014758,
    "totalOtherIncomeExpensesNet": 18000000,
    "incomeBeforeTax": 2580000000,
    "incomeBeforeTaxRatio": 0.2951607368,
    "incomeTaxExpense": 407000000,
    "netIncome": 2173000000,
    "netIncomeRatio": 0.2485985585,
    "eps": 0.33,
    "epsdiluted": 0.32,
    "weightedAverageShsOut": 6512000000,
    "weightedAverageShsOutDil": 6671000000,
    "link": "https://www.sec.gov/Archives/edgar/data/50863/000119312504027430/0001193125-04-027430-index.htm",
    "finalLink": "https://www.sec.gov/Archives/edgar/data/50863/000119312504027430/d10k.htm"
  },
  {
    "date": "2003-09-27",
    "symbol": "INTC",
    "reportedCurrency": "USD",
    "cik": "0000050863",
    "fillingDate": "2003-11-05",
    "acceptedDate": "2003-11-04 18:52:49",
    "calendarYear": "2003",
    "period": "Q3",
    "revenue": 7833000000,
    "costOfRevenue": 3275000000,
    "grossProfit": 4558000000,
    "grossProfitRatio": 0.581897102,
    "researchAndDevelopmentExpenses": 1135000000,
    "generalAndAdministrativeExpenses": 0,
    "sellingAndMarketingExpenses": 0,
    "sellingGeneralAndAdministrativeExpenses": 1046000000,
    "otherExpenses": 73000000,
    "operatingExpenses": 2249000000,
    "costAndExpenses": 5524000000,
    "interestIncome": 0,
    "interestExpense": 0,
    "depreciationAndAmortization": 1261000000,
    "ebitda": 3570000000,
    "ebitdaratio": 0.4557640751,
    "operatingIncome": 2304000000,
    "operatingIncomeRatio": 0.2941401762,
    "totalOtherIncomeExpensesNet": -29000000,
    "incomeBeforeTax": 2275000000,
    "incomeBeforeTaxRatio": 0.290437891,
    "incomeTaxExpense": 618000000,
    "netIncome": 1657000000,
    "netIncomeRatio": 0.2115409166,
    "eps": 0.25,
    "epsdiluted": 0.25,
    "weightedAverageShsOut": 6517000000,
    "weightedAverageShsOutDil": 6625000000,
    "link": "https://www.sec.gov/Archives/edgar/data/50863/000119312503072669/0001193125-03-072669-index.htm",
    "finalLink": "https://www.sec.gov/Archives/edgar/data/50863/000119312503072669/d10q.htm"
  },
  {
    "date": "2003-06-28",
    "symbol": "INTC",
    "reportedCurrency": "USD",
    "cik": "0000050863",
    "fillingDate": "2003-08-06",
    "acceptedDate": "2003-08-06 17:09:13",
    "calendarYear": "2003",
    "period": "Q2",
    "revenue": 6816000000,
    "costOfRevenue": 3348000000,
    "grossProfit": 3468000000,
    "grossProfitRatio": 0.5088028169,
    "researchAndDevelopmentExpenses": 1029000000,
    "generalAndAdministrativeExpenses": 0,
    "sellingAndMarketingExpenses": 0,
    "sellingGeneralAndAdministrativeExpenses": 1079000000,
    "otherExpenses": 84000000,
    "operatingExpenses": 2192000000,
    "costAndExpenses": 5540000000,
    "interestIncome": 0,
    "interestExpense": 0,
    "depreciationAndAmortization": 1275000000,
    "ebitda": 1276000000,
    "ebitdaratio": 0.1872065728,
    "operatingIncome": 1276000000,
    "operatingIncomeRatio": 0.1872065728,
    "totalOtherIncomeExpensesNet": -5000000,
    "incomeBeforeTax": 1271000000,
    "incomeBeforeTaxRatio": 0.1864730047,
    "incomeTaxExpense": 375000000,
    "netIncome": 896000000,
    "netIncomeRatio": 0.1314553991,
    "eps": 0.14,
    "epsdiluted": 0.14,
    "weightedAverageShsOut": 6525000000,
    "weightedAverageShsOutDil": 6580000000,
    "link": "https://www.sec.gov/Archives/edgar/data/50863/000110465903016885/0001104659-03-016885-index.htm",
    "finalLink": "https://www.sec.gov/Archives/edgar/data/50863/000110465903016885/a03-1769_110q.htm"
  },
  {
    "date": "2003-03-29",
    "symbol": "INTC",
    "reportedCurrency": "USD",
    "cik": "0000050863",
    "fillingDate": "2003-05-07",
    "acceptedDate": "2003-05-06 18:42:18",
    "calendarYear": "2003",
    "period": "Q1",
    "revenue": 6751000000,
    "costOfRevenue": 3239000000,
    "grossProfit": 3512000000,
    "grossProfitRatio": 0.5202192268,
    "researchAndDevelopmentExpenses": 1019000000,
    "generalAndAdministrativeExpenses": 0,
    "sellingAndMarketingExpenses": 0,
    "sellingGeneralAndAdministrativeExpenses": 1018000000,
    "otherExpenses": 84000000,
    "operatingExpenses": 2121000000,
    "costAndExpenses": 5360000000,
    "interestIncome": 0,
    "interestExpense": 0,
    "depreciationAndAmortization": 1264000000,
    "ebitda": 1391000000,
    "ebitdaratio": 0.2060435491,
    "operatingIncome": 1391000000,
    "operatingIncomeRatio": 0.2060435491,
    "totalOtherIncomeExpensesNet": -75000000,
    "incomeBeforeTax": 1316000000,
    "incomeBeforeTaxRatio": 0.1949340838,
    "incomeTaxExpense": 401000000,
    "netIncome": 915000000,
    "netIncomeRatio": 0.1355354762,
    "eps": 0.14,
    "epsdiluted": 0.14,
    "weightedAverageShsOut": 6556000000,
    "weightedAverageShsOutDil": 6610000000,
    "link": "https://www.sec.gov/Archives/edgar/data/50863/000110465903008285/0001104659-03-008285-index.htm",
    "finalLink": "https://www.sec.gov/Archives/edgar/data/50863/000110465903008285/j9952_10q.htm"
  },
  {
    "date": "2002-12-28",
    "symbol": "INTC",
    "reportedCurrency": "USD",
    "cik": "0000050863",
    "fillingDate": "2003-03-11",
    "acceptedDate": "2003-03-10 19:12:43",
    "calendarYear": "2002",
    "period": "Q4",
    "revenue": 7160000000,
    "costOfRevenue": 3464000000,
    "grossProfit": 3696000000,
    "grossProfitRatio": 0.5162011173,
    "researchAndDevelopmentExpenses": 1022000000,
    "generalAndAdministrativeExpenses": 0,
    "sellingAndMarketingExpenses": 0,
    "sellingGeneralAndAdministrativeExpenses": 1104000000,
    "otherExpenses": 0,
    "operatingExpenses": 2232000000,
    "costAndExpenses": 5696000000,
    "interestIncome": 0,
    "interestExpense": 0,
    "depreciationAndAmortization": 1386000000,
    "ebitda": 2850000000,
    "ebitdaratio": 0.3980446927,
    "operatingIncome": 1464000000,
    "operatingIncomeRatio": 0.2044692737,
    "totalOtherIncomeExpensesNet": -117000000,
    "incomeBeforeTax": 1347000000,
    "incomeBeforeTaxRatio": 0.1881284916,
    "incomeTaxExpense": 298000000,
    "netIncome": 1049000000,
    "netIncomeRatio": 0.1465083799,
    "eps": 0.16,
    "epsdiluted": 0.16,
    "weightedAverageShsOut": 6597000000,
    "weightedAverageShsOutDil": 6660000000,
    "link": "https://www.sec.gov/Archives/edgar/data/50863/000104746903008257/0001047469-03-008257-index.htm",
    "finalLink": "https://www.sec.gov/Archives/edgar/data/50863/000104746903008257/a2104280z10-k.htm"
  },
  {
    "date": "2002-09-28",
    "symbol": "INTC",
    "reportedCurrency": "USD",
    "cik": "0000050863",
    "fillingDate": "2002-11-06",
    "acceptedDate": "2002-11-05 21:28:46",
    "calendarYear": "2002",
    "period": "Q3",
    "revenue": 6504000000,
    "costOfRevenue": 3331000000,
    "grossProfit": 3173000000,
    "grossProfitRatio": 0.4878536285,
    "researchAndDevelopmentExpenses": 1006000000,
    "generalAndAdministrativeExpenses": 0,
    "sellingAndMarketingExpenses": 0,
    "sellingGeneralAndAdministrativeExpenses": 1095000000,
    "otherExpenses": 0,
    "operatingExpenses": 2203000000,
    "costAndExpenses": 5534000000,
    "interestIncome": 0,
    "interestExpense": 0,
    "depreciationAndAmortization": 1268000000,
    "ebitda": 2238000000,
    "ebitdaratio": 0.344095941,
    "operatingIncome": 964000000,
    "operatingIncomeRatio": 0.1482164822,
    "totalOtherIncomeExpensesNet": -47000000,
    "incomeBeforeTax": 917000000,
    "incomeBeforeTaxRatio": 0.1409901599,
    "incomeTaxExpense": 231000000,
    "netIncome": 686000000,
    "netIncomeRatio": 0.1054735547,
    "eps": 0.1,
    "epsdiluted": 0.1,
    "weightedAverageShsOut": 6646000000,
    "weightedAverageShsOutDil": 6712000000,
    "link": "https://www.sec.gov/Archives/edgar/data/50863/000005086302000121/0000050863-02-000121-index.htm",
    "finalLink": "https://www.sec.gov/Archives/edgar/data/50863/000005086302000121/q30210q.htm"
  },
  {
    "date": "2002-06-29",
    "symbol": "INTC",
    "reportedCurrency": "USD",
    "cik": "0000050863",
    "fillingDate": "2002-08-08",
    "acceptedDate": "2002-08-07 19:32:20",
    "calendarYear": "2002",
    "period": "Q2",
    "revenue": 6319000000,
    "costOfRevenue": 3350000000,
    "grossProfit": 2969000000,
    "grossProfitRatio": 0.4698528248,
    "researchAndDevelopmentExpenses": 1024000000,
    "generalAndAdministrativeExpenses": 0,
    "sellingAndMarketingExpenses": 0,
    "sellingGeneralAndAdministrativeExpenses": 1063000000,
    "otherExpenses": 0,
    "operatingExpenses": 2316000000,
    "costAndExpenses": 5666000000,
    "interestIncome": 0,
    "interestExpense": 0,
    "depreciationAndAmortization": 1394000000,
    "ebitda": 2047000000,
    "ebitdaratio": 0.323943662,
    "operatingIncome": 639000000,
    "operatingIncomeRatio": 0.1011235955,
    "totalOtherIncomeExpensesNet": -16000000,
    "incomeBeforeTax": 623000000,
    "incomeBeforeTaxRatio": 0.0985915493,
    "incomeTaxExpense": 177000000,
    "netIncome": 446000000,
    "netIncomeRatio": 0.0705807881,
    "eps": 0.07,
    "epsdiluted": 0.07,
    "weightedAverageShsOut": 6677000000,
    "weightedAverageShsOutDil": 6803000000,
    "link": "https://www.sec.gov/Archives/edgar/data/50863/000005086302000079/0000050863-02-000079-index.htm",
    "finalLink": "https://www.sec.gov/Archives/edgar/data/50863/000005086302000079/q20210qcomplete.htm"
  },
  {
    "date": "2002-03-30",
    "symbol": "INTC",
    "reportedCurrency": "USD",
    "cik": "0000050863",
    "fillingDate": "2002-05-07",
    "acceptedDate": "2002-05-07 16:38:34",
    "calendarYear": "2002",
    "period": "Q1",
    "revenue": 6781000000,
    "costOfRevenue": 3301000000,
    "grossProfit": 3480000000,
    "grossProfitRatio": 0.5131986433,
    "researchAndDevelopmentExpenses": 982000000,
    "generalAndAdministrativeExpenses": 0,
    "sellingAndMarketingExpenses": 0,
    "sellingGeneralAndAdministrativeExpenses": 1072000000,
    "otherExpenses": 0,
    "operatingExpenses": 2165000000,
    "costAndExpenses": 5466000000,
    "interestIncome": 0,
    "interestExpense": 0,
    "depreciationAndAmortization": 1296000000,
    "ebitda": 1315000000,
    "ebitdaratio": 0.1939242,
    "operatingIncome": 1315000000,
    "operatingIncomeRatio": 0.1939242,
    "totalOtherIncomeExpensesNet": 2000000,
    "incomeBeforeTax": 1317000000,
    "incomeBeforeTaxRatio": 0.1942191417,
    "incomeTaxExpense": 381000000,
    "netIncome": 936000000,
    "netIncomeRatio": 0.1380327385,
    "eps": 0.14,
    "epsdiluted": 0.14,
    "weightedAverageShsOut": 6684000000,
    "weightedAverageShsOutDil": 6861000000,
    "link": "https://www.sec.gov/Archives/edgar/data/50863/000005086302000046/0000050863-02-000046-index.htm",
    "finalLink": "https://www.sec.gov/Archives/edgar/data/50863/000005086302000046/q10210qcomplete.htm"
  },
  {
    "date": "2001-12-29",
    "symbol": "INTC",
    "reportedCurrency": "USD",
    "cik": "0000050863",
    "fillingDate": "2002-03-13",
    "acceptedDate": "2002-03-13 00:00:00",
    "calendarYear": "2001",
    "period": "Q4",
    "revenue": 6983000000,
    "costOfRevenue": 3402000000,
    "grossProfit": 3581000000,
    "grossProfitRatio": 0.5128168409,
    "researchAndDevelopmentExpenses": 952000000,
    "generalAndAdministrativeExpenses": 3393000000,
    "sellingAndMarketingExpenses": -2322000000,
    "sellingGeneralAndAdministrativeExpenses": 1071000000,
    "otherExpenses": -1788000000,
    "operatingExpenses": 2573000000,
    "costAndExpenses": 5975000000,
    "interestIncome": 0,
    "interestExpense": 0,
    "depreciationAndAmortization": 1643000000,
    "ebitda": 2651000000,
    "ebitdaratio": 0.3796362595,
    "operatingIncome": 1008000000,
    "operatingIncomeRatio": 0.1443505657,
    "totalOtherIncomeExpensesNet": -214000000,
    "incomeBeforeTax": 794000000,
    "incomeBeforeTaxRatio": 0.1137047114,
    "incomeTaxExpense": 290000000,
    "netIncome": 504000000,
    "netIncomeRatio": 0.0721752828,
    "eps": 0.07,
    "epsdiluted": 0.07,
    "weightedAverageShsOut": 6852000000,
    "weightedAverageShsOutDil": 6852000000,
    "link": "https://www.sec.gov/Archives/edgar/data/50863/000091205702009698/0000912057-02-009698-index.htm",
    "finalLink": "https://www.sec.gov/Archives/edgar/data/50863/000091205702009698/a2072777z10-k.htm"
  },
  {
    "date": "2001-09-29",
    "symbol": "INTC",
    "reportedCurrency": "USD",
    "cik": "0000050863",
    "fillingDate": "2001-11-07",
    "acceptedDate": "2001-11-07 00:00:00",
    "calendarYear": "2001",
    "period": "Q3",
    "revenue": 6545000000,
    "costOfRevenue": 3553000000,
    "grossProfit": 2992000000,
    "grossProfitRatio": 0.4571428571,
    "researchAndDevelopmentExpenses": 930000000,
    "generalAndAdministrativeExpenses": 0,
    "sellingAndMarketingExpenses": 0,
    "sellingGeneralAndAdministrativeExpenses": 1064000000,
    "otherExpenses": 0,
    "operatingExpenses": 2603000000,
    "costAndExpenses": 6156000000,
    "interestIncome": 0,
    "interestExpense": 0,
    "depreciationAndAmortization": 1663000000,
    "ebitda": 389000000,
    "ebitdaratio": 0.059434683,
    "operatingIncome": 389000000,
    "operatingIncomeRatio": 0.059434683,
    "totalOtherIncomeExpensesNet": -252000000,
    "incomeBeforeTax": 137000000,
    "incomeBeforeTaxRatio": 0.0209320092,
    "incomeTaxExpense": 31000000,
    "netIncome": 106000000,
    "netIncomeRatio": 0.0161955691,
    "eps": 0.02,
    "epsdiluted": 0.02,
    "weightedAverageShsOut": 6718000000,
    "weightedAverageShsOutDil": 6876000000,
    "link": "https://www.sec.gov/Archives/edgar/data/50863/000005086301500150/0000050863-01-500150-index.htm",
    "finalLink": "https://www.sec.gov/Archives/edgar/data/50863/000005086301500150/q30110qfinal.htm"
  },
  {
    "date": "2001-06-30",
    "symbol": "INTC",
    "reportedCurrency": "USD",
    "cik": "0000050863",
    "fillingDate": "2001-08-08",
    "acceptedDate": "2001-08-08 00:00:00",
    "calendarYear": "2001",
    "period": "Q2",
    "revenue": 6334000000,
    "costOfRevenue": 3307000000,
    "grossProfit": 3027000000,
    "grossProfitRatio": 0.4778970635,
    "researchAndDevelopmentExpenses": 919000000,
    "generalAndAdministrativeExpenses": 0,
    "sellingAndMarketingExpenses": 0,
    "sellingGeneralAndAdministrativeExpenses": 1174000000,
    "otherExpenses": 0,
    "operatingExpenses": 2687000000,
    "costAndExpenses": 5994000000,
    "interestIncome": 0,
    "interestExpense": 0,
    "depreciationAndAmortization": 1644000000,
    "ebitda": 1984000000,
    "ebitdaratio": 0.3132301863,
    "operatingIncome": 217000000,
    "operatingIncomeRatio": 0.0342595516,
    "totalOtherIncomeExpensesNet": 129000000,
    "incomeBeforeTax": 346000000,
    "incomeBeforeTaxRatio": 0.0546258289,
    "incomeTaxExpense": 150000000,
    "netIncome": 196000000,
    "netIncomeRatio": 0.0309441111,
    "eps": 0.03,
    "epsdiluted": 0.03,
    "weightedAverageShsOut": 6725000000,
    "weightedAverageShsOutDil": 6889000000,
    "link": "https://www.sec.gov/Archives/edgar/data/50863/000005086301500101/0000050863-01-500101-index.htm",
    "finalLink": "https://www.sec.gov/Archives/edgar/data/50863/000005086301500101/q20110qt.htm"
  },
  {
    "date": "2001-03-31",
    "symbol": "INTC",
    "reportedCurrency": "USD",
    "cik": "0000050863",
    "fillingDate": "2001-05-09",
    "acceptedDate": "2001-05-09 00:00:00",
    "calendarYear": "2001",
    "period": "Q1",
    "revenue": 6677000000,
    "costOfRevenue": 3225000000,
    "grossProfit": 3452000000,
    "grossProfitRatio": 0.5169986521,
    "researchAndDevelopmentExpenses": 995000000,
    "generalAndAdministrativeExpenses": 0,
    "sellingAndMarketingExpenses": 0,
    "sellingGeneralAndAdministrativeExpenses": 1155000000,
    "otherExpenses": 0,
    "operatingExpenses": 2735000000,
    "costAndExpenses": 5960000000,
    "interestIncome": 0,
    "interestExpense": 0,
    "depreciationAndAmortization": 1519000000,
    "ebitda": 2236000000,
    "ebitdaratio": 0.3348809346,
    "operatingIncome": 642000000,
    "operatingIncomeRatio": 0.096150966,
    "totalOtherIncomeExpensesNet": 264000000,
    "incomeBeforeTax": 906000000,
    "incomeBeforeTaxRatio": 0.135689681,
    "incomeTaxExpense": 421000000,
    "netIncome": 485000000,
    "netIncomeRatio": 0.072637412,
    "eps": 0.07,
    "epsdiluted": 0.07,
    "weightedAverageShsOut": 6721000000,
    "weightedAverageShsOutDil": 6899000000,
    "link": "https://www.sec.gov/Archives/edgar/data/50863/000005086301500065/0000050863-01-500065-index.htm",
    "finalLink": "https://www.sec.gov/Archives/edgar/data/50863/000005086301500065/q10110qfnl.htm"
  },
  {
    "date": "2000-12-30",
    "symbol": "INTC",
    "reportedCurrency": "USD",
    "cik": "0000050863",
    "fillingDate": "2001-03-13",
    "acceptedDate": "2001-03-13 00:00:00",
    "calendarYear": "2000",
    "period": "Q4",
    "revenue": 8702000000,
    "costOfRevenue": 3230000000,
    "grossProfit": 5472000000,
    "grossProfitRatio": 0.6288209607,
    "researchAndDevelopmentExpenses": 998000000,
    "generalAndAdministrativeExpenses": 3668000000,
    "sellingAndMarketingExpenses": -2247000000,
    "sellingGeneralAndAdministrativeExpenses": 1421000000,
    "otherExpenses": -1210000000,
    "operatingExpenses": 2878000000,
    "costAndExpenses": 6108000000,
    "interestIncome": 0,
    "interestExpense": 0,
    "depreciationAndAmortization": 1245000000,
    "ebitda": 3839000000,
    "ebitdaratio": 0.441162951,
    "operatingIncome": 2576000000,
    "operatingIncomeRatio": 0.2960239026,
    "totalOtherIncomeExpensesNet": 799000000,
    "incomeBeforeTax": 3375000000,
    "incomeBeforeTaxRatio": 0.3878418754,
    "incomeTaxExpense": 1182000000,
    "netIncome": 2193000000,
    "netIncomeRatio": 0.2520110319,
    "eps": 0.33,
    "epsdiluted": 0.32,
    "weightedAverageShsOut": 6728764331,
    "weightedAverageShsOutDil": 6938000000,
    "link": "https://www.sec.gov/Archives/edgar/data/50863/000091205701503434/0000912057-01-503434-index.htm",
    "finalLink": "https://www.sec.gov/Archives/edgar/data/50863/000091205701503434/a2040883z10-k.htm"
  },
  {
    "date": "2000-09-30",
    "symbol": "INTC",
    "reportedCurrency": "USD",
    "cik": "0000050863",
    "fillingDate": "2000-11-14",
    "acceptedDate": "2000-11-14 00:00:00",
    "calendarYear": "2000",
    "period": "Q3",
    "revenue": 8731000000,
    "costOfRevenue": 3148000000,
    "grossProfit": 5583000000,
    "grossProfitRatio": 0.6394456534,
    "researchAndDevelopmentExpenses": 977000000,
    "generalAndAdministrativeExpenses": 0,
    "sellingAndMarketingExpenses": 0,
    "sellingGeneralAndAdministrativeExpenses": 1321000000,
    "otherExpenses": 0,
    "operatingExpenses": 2718000000,
    "costAndExpenses": 5866000000,
    "interestIncome": 0,
    "interestExpense": 0,
    "depreciationAndAmortization": 1222000000,
    "ebitda": 4087000000,
    "ebitdaratio": 0.4681021647,
    "operatingIncome": 2857000000,
    "operatingIncomeRatio": 0.3272248311,
    "totalOtherIncomeExpensesNet": 966000000,
    "incomeBeforeTax": 3823000000,
    "incomeBeforeTaxRatio": 0.4378650785,
    "incomeTaxExpense": 1314000000,
    "netIncome": 2509000000,
    "netIncomeRatio": 0.2873668537,
    "eps": 0.37,
    "epsdiluted": 0.36,
    "weightedAverageShsOut": 6719000000,
    "weightedAverageShsOutDil": 7007000000,
    "link": "https://www.sec.gov/Archives/edgar/data/50863/000005086300000130/0000050863-00-000130-index.htm",
    "finalLink": "https://www.sec.gov/Archives/edgar/data/50863/000005086300000130/0000050863-00-000130-0001.txt"
  },
  {
    "date": "2000-07-01",
    "symbol": "INTC",
    "reportedCurrency": "USD",
    "cik": "0000050863",
    "fillingDate": "2000-08-14",
    "acceptedDate": "2000-08-14 00:00:00",
    "calendarYear": "2000",
    "period": "Q2",
    "revenue": 8300000000,
    "costOfRevenue": 3283000000,
    "grossProfit": 5017000000,
    "grossProfitRatio": 0.6044578313,
    "researchAndDevelopmentExpenses": 971000000,
    "generalAndAdministrativeExpenses": 0,
    "sellingAndMarketingExpenses": 0,
    "sellingGeneralAndAdministrativeExpenses": 1223000000,
    "otherExpenses": 0,
    "operatingExpenses": 2588000000,
    "costAndExpenses": 5871000000,
    "interestIncome": 0,
    "interestExpense": 0,
    "depreciationAndAmortization": 1158000000,
    "ebitda": 3587000000,
    "ebitdaratio": 0.4321686747,
    "operatingIncome": 2408000000,
    "operatingIncomeRatio": 0.2901204819,
    "totalOtherIncomeExpensesNet": 2341000000,
    "incomeBeforeTax": 4749000000,
    "incomeBeforeTaxRatio": 0.5721686747,
    "incomeTaxExpense": 1612000000,
    "netIncome": 3137000000,
    "netIncomeRatio": 0.3779518072,
    "eps": 0.47,
    "epsdiluted": 0.45,
    "weightedAverageShsOut": 6710000000,
    "weightedAverageShsOutDil": 7005000000,
    "link": "https://www.sec.gov/Archives/edgar/data/50863/000005086300000115/0000050863-00-000115-index.htm",
    "finalLink": "https://www.sec.gov/Archives/edgar/data/50863/000005086300000115/0000050863-00-000115-0001.txt"
  },
  {
    "date": "2000-04-01",
    "symbol": "INTC",
    "reportedCurrency": "USD",
    "cik": "0000050863",
    "fillingDate": "2000-05-16",
    "acceptedDate": "2000-05-16 00:00:00",
    "calendarYear": "2000",
    "period": "Q1",
    "revenue": 7993000000,
    "costOfRevenue": 2989000000,
    "grossProfit": 5004000000,
    "grossProfitRatio": 0.6260477918,
    "researchAndDevelopmentExpenses": 951000000,
    "generalAndAdministrativeExpenses": 0,
    "sellingAndMarketingExpenses": 0,
    "sellingGeneralAndAdministrativeExpenses": 1124000000,
    "otherExpenses": 0,
    "operatingExpenses": 2388000000,
    "costAndExpenses": 5377000000,
    "interestIncome": 0,
    "interestExpense": 0,
    "depreciationAndAmortization": 1210000000,
    "ebitda": 3826000000,
    "ebitdaratio": 0.4786688352,
    "operatingIncome": 2554000000,
    "operatingIncomeRatio": 0.3195295884,
    "totalOtherIncomeExpensesNet": 640000000,
    "incomeBeforeTax": 3194000000,
    "incomeBeforeTaxRatio": 0.3995996497,
    "incomeTaxExpense": 498000000,
    "netIncome": 2696000000,
    "netIncomeRatio": 0.3372951332,
    "eps": 0.4,
    "epsdiluted": 0.39,
    "weightedAverageShsOut": 6682000000,
    "weightedAverageShsOutDil": 6994000000,
    "link": "https://www.sec.gov/Archives/edgar/data/50863/000091205700025033/0000912057-00-025033-index.html",
    "finalLink": "https://www.sec.gov/Archives/edgar/data/50863/000091205700025033/0000912057-00-025033.txt"
  },
  {
    "date": "1999-12-25",
    "symbol": "INTC",
    "reportedCurrency": "USD",
    "cik": "0000050863",
    "fillingDate": "2000-03-23",
    "acceptedDate": "2000-03-23 00:00:00",
    "calendarYear": "1999",
    "period": "Q4",
    "revenue": 8212000000,
    "costOfRevenue": 3176000000,
    "grossProfit": 5036000000,
    "grossProfitRatio": 0.613248904,
    "researchAndDevelopmentExpenses": 877000000,
    "generalAndAdministrativeExpenses": 0,
    "sellingAndMarketingExpenses": 0,
    "sellingGeneralAndAdministrativeExpenses": 1105000000,
    "otherExpenses": 0,
    "operatingExpenses": 2223000000,
    "costAndExpenses": 5399000000,
    "interestIncome": 0,
    "interestExpense": 0,
    "depreciationAndAmortization": 1089000000,
    "ebitda": 3902000000,
    "ebitdaratio": 0.4751583049,
    "operatingIncome": 2754000000,
    "operatingIncomeRatio": 0.3353628836,
    "totalOtherIncomeExpensesNet": 508000000,
    "incomeBeforeTax": 3262000000,
    "incomeBeforeTaxRatio": 0.3972235753,
    "incomeTaxExpense": 1154000000,
    "netIncome": 2108000000,
    "netIncomeRatio": 0.2566975158,
    "eps": 0.31,
    "epsdiluted": 0.3,
    "weightedAverageShsOut": 6675000000,
    "weightedAverageShsOutDil": 6968000000,
    "link": "https://www.sec.gov/Archives/edgar/data/50863/000101287000001562/0001012870-00-001562-index.html",
    "finalLink": "https://www.sec.gov/Archives/edgar/data/50863/000101287000001562/0001012870-00-001562.txt"
  },
  {
    "date": "1999-09-25",
    "symbol": "INTC",
    "reportedCurrency": "USD",
    "cik": "0000050863",
    "fillingDate": "1999-11-09",
    "acceptedDate": "1999-11-09 00:00:00",
    "calendarYear": "1999",
    "period": "Q3",
    "revenue": 7328000000,
    "costOfRevenue": 3026000000,
    "grossProfit": 4302000000,
    "grossProfitRatio": 0.5870633188,
    "researchAndDevelopmentExpenses": 840000000,
    "generalAndAdministrativeExpenses": 0,
    "sellingAndMarketingExpenses": 0,
    "sellingGeneralAndAdministrativeExpenses": 952000000,
    "otherExpenses": 0,
    "operatingExpenses": 1913000000,
    "costAndExpenses": 4939000000,
    "interestIncome": 0,
    "interestExpense": 0,
    "depreciationAndAmortization": 925000000,
    "ebitda": 3314000000,
    "ebitdaratio": 0.4522379913,
    "operatingIncome": 2056000000,
    "operatingIncomeRatio": 0.2805676856,
    "totalOtherIncomeExpensesNet": 316000000,
    "incomeBeforeTax": 2372000000,
    "incomeBeforeTaxRatio": 0.3236899563,
    "incomeTaxExpense": 914000000,
    "netIncome": 1458000000,
    "netIncomeRatio": 0.1989628821,
    "eps": 0.22,
    "epsdiluted": 0.21,
    "weightedAverageShsOut": 6650000000,
    "weightedAverageShsOutDil": 6943000000,
    "link": "https://www.sec.gov/Archives/edgar/data/50863/000091205799004056/0000912057-99-004056-index.html",
    "finalLink": "https://www.sec.gov/Archives/edgar/data/50863/000091205799004056/0000912057-99-004056.txt"
  },
  {
    "date": "1999-06-26",
    "symbol": "INTC",
    "reportedCurrency": "USD",
    "cik": "0000050863",
    "fillingDate": "1999-08-02",
    "acceptedDate": "1999-08-02 00:00:00",
    "calendarYear": "1999",
    "period": "Q2",
    "revenue": 6746000000,
    "costOfRevenue": 2771000000,
    "grossProfit": 3975000000,
    "grossProfitRatio": 0.589238067,
    "researchAndDevelopmentExpenses": 731000000,
    "generalAndAdministrativeExpenses": 0,
    "sellingAndMarketingExpenses": 0,
    "sellingGeneralAndAdministrativeExpenses": 924000000,
    "otherExpenses": 0,
    "operatingExpenses": 1655000000,
    "costAndExpenses": 4426000000,
    "interestIncome": 0,
    "interestExpense": 0,
    "depreciationAndAmortization": 791000000,
    "ebitda": 3111000000,
    "ebitdaratio": 0.4611621702,
    "operatingIncome": 2320000000,
    "operatingIncomeRatio": 0.3439075007,
    "totalOtherIncomeExpensesNet": 290000000,
    "incomeBeforeTax": 2610000000,
    "incomeBeforeTaxRatio": 0.3868959383,
    "incomeTaxExpense": 861000000,
    "netIncome": 1749000000,
    "netIncomeRatio": 0.2592647495,
    "eps": 0.26,
    "epsdiluted": 0.26,
    "weightedAverageShsOut": 6620000000,
    "weightedAverageShsOutDil": 6892000000,
    "link": "https://www.sec.gov/Archives/edgar/data/50863/000104746999029424/0001047469-99-029424-index.html",
    "finalLink": "https://www.sec.gov/Archives/edgar/data/50863/000104746999029424/0001047469-99-029424.txt"
  },
  {
    "date": "1999-03-27",
    "symbol": "INTC",
    "reportedCurrency": "USD",
    "cik": "0000050863",
    "fillingDate": "1999-05-10",
    "acceptedDate": "1999-05-10 00:00:00",
    "calendarYear": "1999",
    "period": "Q1",
    "revenue": 7103000000,
    "costOfRevenue": 2912000000,
    "grossProfit": 4191000000,
    "grossProfitRatio": 0.5900323807,
    "researchAndDevelopmentExpenses": 663000000,
    "generalAndAdministrativeExpenses": 0,
    "sellingAndMarketingExpenses": 0,
    "sellingGeneralAndAdministrativeExpenses": 891000000,
    "otherExpenses": 0,
    "operatingExpenses": 1554000000,
    "costAndExpenses": 4466000000,
    "interestIncome": 0,
    "interestExpense": 0,
    "depreciationAndAmortization": 792000000,
    "ebitda": 3429000000,
    "ebitdaratio": 0.482753766,
    "operatingIncome": 2637000000,
    "operatingIncomeRatio": 0.3712515838,
    "totalOtherIncomeExpensesNet": 347000000,
    "incomeBeforeTax": 2984000000,
    "incomeBeforeTaxRatio": 0.4201041813,
    "incomeTaxExpense": 985000000,
    "netIncome": 1999000000,
    "netIncomeRatio": 0.2814303815,
    "eps": 0.3,
    "epsdiluted": 0.29,
    "weightedAverageShsOut": 6648000000,
    "weightedAverageShsOutDil": 6956000000,
    "link": "https://www.sec.gov/Archives/edgar/data/50863/000104746999018878/0001047469-99-018878-index.html",
    "finalLink": "https://www.sec.gov/Archives/edgar/data/50863/0001047469-99-018878.txt"
  },
  {
    "date": "1998-12-26",
    "symbol": "INTC",
    "reportedCurrency": "USD",
    "cik": "0000050863",
    "fillingDate": "1999-03-26",
    "acceptedDate": "1999-03-26 00:00:00",
    "calendarYear": "1998",
    "period": "Q4",
    "revenue": 7614000000,
    "costOfRevenue": 3176000000,
    "grossProfit": 4438000000,
    "grossProfitRatio": 0.5828736538,
    "researchAndDevelopmentExpenses": 674000000,
    "generalAndAdministrativeExpenses": 0,
    "sellingAndMarketingExpenses": 0,
    "sellingGeneralAndAdministrativeExpenses": 928000000,
    "otherExpenses": 0,
    "operatingExpenses": 1602000000,
    "costAndExpenses": 4778000000,
    "interestIncome": 0,
    "interestExpense": 0,
    "depreciationAndAmortization": 769000000,
    "ebitda": 3605000000,
    "ebitdaratio": 0.4734699238,
    "operatingIncome": 2836000000,
    "operatingIncomeRatio": 0.3724717625,
    "totalOtherIncomeExpensesNet": 244000000,
    "incomeBeforeTax": 3080000000,
    "incomeBeforeTaxRatio": 0.4045179932,
    "incomeTaxExpense": 1016000000,
    "netIncome": 2064000000,
    "netIncomeRatio": 0.2710795902,
    "eps": 0.31,
    "epsdiluted": 0.3,
    "weightedAverageShsOut": 7036000000,
    "weightedAverageShsOutDil": 7036000000,
    "link": "https://www.sec.gov/Archives/edgar/data/50863/000104746999011450/0001047469-99-011450-index.html",
    "finalLink": "https://www.sec.gov/Archives/edgar/data/50863/0001047469-99-011450.txt"
  },
  {
    "date": "1998-09-26",
    "symbol": "INTC",
    "reportedCurrency": "USD",
    "cik": "0000050863",
    "fillingDate": "1998-11-10",
    "acceptedDate": "1998-11-10 00:00:00",
    "calendarYear": "1998",
    "period": "Q3",
    "revenue": 6731000000,
    "costOfRevenue": 3192000000,
    "grossProfit": 3539000000,
    "grossProfitRatio": 0.5257762591,
    "researchAndDevelopmentExpenses": 617000000,
    "generalAndAdministrativeExpenses": 0,
    "sellingAndMarketingExpenses": 0,
    "sellingGeneralAndAdministrativeExpenses": 766000000,
    "otherExpenses": 0,
    "operatingExpenses": 1383000000,
    "costAndExpenses": 4575000000,
    "interestIncome": 0,
    "interestExpense": 0,
    "depreciationAndAmortization": 734000000,
    "ebitda": 2890000000,
    "ebitdaratio": 0.4293567078,
    "operatingIncome": 2156000000,
    "operatingIncomeRatio": 0.320309018,
    "totalOtherIncomeExpensesNet": 170000000,
    "incomeBeforeTax": 2326000000,
    "incomeBeforeTaxRatio": 0.3455652949,
    "incomeTaxExpense": 767000000,
    "netIncome": 1559000000,
    "netIncomeRatio": 0.2316149161,
    "eps": 0.24,
    "epsdiluted": 0.23,
    "weightedAverageShsOut": 6710000000,
    "weightedAverageShsOutDil": 7010000000,
    "link": "https://www.sec.gov/Archives/edgar/data/50863/000005086398000099/0000050863-98-000099-index.html",
    "finalLink": "https://www.sec.gov/Archives/edgar/data/50863/0000050863-98-000099.txt"
  },
  {
    "date": "1998-06-27",
    "symbol": "INTC",
    "reportedCurrency": "USD",
    "cik": "0000050863",
    "fillingDate": "1998-08-11",
    "acceptedDate": "1998-08-11 00:00:00",
    "calendarYear": "1998",
    "period": "Q2",
    "revenue": 5927000000,
    "costOfRevenue": 3027000000,
    "grossProfit": 2900000000,
    "grossProfitRatio": 0.4892863169,
    "researchAndDevelopmentExpenses": 623000000,
    "generalAndAdministrativeExpenses": 0,
    "sellingAndMarketingExpenses": 0,
    "sellingGeneralAndAdministrativeExpenses": 671000000,
    "otherExpenses": 0,
    "operatingExpenses": 1294000000,
    "costAndExpenses": 4321000000,
    "interestIncome": 0,
    "interestExpense": 0,
    "depreciationAndAmortization": 674000000,
    "ebitda": 2280000000,
    "ebitdaratio": 0.3846802767,
    "operatingIncome": 1606000000,
    "operatingIncomeRatio": 0.2709633879,
    "totalOtherIncomeExpensesNet": 144000000,
    "incomeBeforeTax": 1750000000,
    "incomeBeforeTaxRatio": 0.2952589843,
    "incomeTaxExpense": 578000000,
    "netIncome": 1172000000,
    "netIncomeRatio": 0.1977391598,
    "eps": 0.18,
    "epsdiluted": 0.17,
    "weightedAverageShsOut": 6764000000,
    "weightedAverageShsOutDil": 7074000000,
    "link": "https://www.sec.gov/Archives/edgar/data/50863/000005086398000062/0000050863-98-000062-index.html",
    "finalLink": "https://www.sec.gov/Archives/edgar/data/50863/0000050863-98-000062.txt"
  },
  {
    "date": "1998-03-28",
    "symbol": "INTC",
    "reportedCurrency": "USD",
    "cik": "0000050863",
    "fillingDate": "1998-05-12",
    "acceptedDate": "1998-05-12 00:00:00",
    "calendarYear": "1998",
    "period": "Q1",
    "revenue": 6001000000,
    "costOfRevenue": 2749000000,
    "grossProfit": 3252000000,
    "grossProfitRatio": 0.5419096817,
    "researchAndDevelopmentExpenses": 595000000,
    "generalAndAdministrativeExpenses": 0,
    "sellingAndMarketingExpenses": 0,
    "sellingGeneralAndAdministrativeExpenses": 711000000,
    "otherExpenses": 0,
    "operatingExpenses": 1306000000,
    "costAndExpenses": 4055000000,
    "interestIncome": 0,
    "interestExpense": 0,
    "depreciationAndAmortization": 630000000,
    "ebitda": 2576000000,
    "ebitdaratio": 0.4292617897,
    "operatingIncome": 1781000000,
    "operatingIncomeRatio": 0.2967838694,
    "totalOtherIncomeExpensesNet": 200000000,
    "incomeBeforeTax": 1981000000,
    "incomeBeforeTaxRatio": 0.3301116481,
    "incomeTaxExpense": 708000000,
    "netIncome": 1273000000,
    "netIncomeRatio": 0.2121313114,
    "eps": 0.2,
    "epsdiluted": 0.18,
    "weightedAverageShsOut": 6562000000,
    "weightedAverageShsOutDil": 7098000000,
    "link": "https://www.sec.gov/Archives/edgar/data/50863/000005086398000038/0000050863-98-000038-index.html",
    "finalLink": "https://www.sec.gov/Archives/edgar/data/50863/0000050863-98-000038.txt"
  },
  {
    "date": "1997-12-27",
    "symbol": "INTC",
    "reportedCurrency": "USD",
    "cik": "0000050863",
    "fillingDate": "1998-03-27",
    "acceptedDate": "1998-03-27 00:00:00",
    "calendarYear": "1997",
    "period": "Q4",
    "revenue": 6507000000,
    "costOfRevenue": 2691000000,
    "grossProfit": 3816000000,
    "grossProfitRatio": 0.5864453665,
    "researchAndDevelopmentExpenses": 605000000,
    "generalAndAdministrativeExpenses": 0,
    "sellingAndMarketingExpenses": 0,
    "sellingGeneralAndAdministrativeExpenses": 818000000,
    "otherExpenses": 0,
    "operatingExpenses": 1423000000,
    "costAndExpenses": 4114000000,
    "interestIncome": 0,
    "interestExpense": 0,
    "depreciationAndAmortization": 583000000,
    "ebitda": 2976000000,
    "ebitdaratio": 0.4573536192,
    "operatingIncome": 2393000000,
    "operatingIncomeRatio": 0.3677577993,
    "totalOtherIncomeExpensesNet": 201000000,
    "incomeBeforeTax": 2594000000,
    "incomeBeforeTaxRatio": 0.3986476103,
    "incomeTaxExpense": 851000000,
    "netIncome": 1743000000,
    "netIncomeRatio": 0.2678653757,
    "eps": 0.27,
    "epsdiluted": 0.24,
    "weightedAverageShsOut": 7136000000,
    "weightedAverageShsOutDil": 7136000000,
    "link": "https://www.sec.gov/Archives/edgar/data/50863/000005086398000031/0000050863-98-000031-index.html",
    "finalLink": "https://www.sec.gov/Archives/edgar/data/50863/0000050863-98-000031.txt"
  },
  {
    "date": "1997-09-27",
    "symbol": "INTC",
    "reportedCurrency": "USD",
    "cik": "0000050863",
    "fillingDate": "1997-11-10",
    "acceptedDate": "1997-11-10 00:00:00",
    "calendarYear": "1997",
    "period": "Q3",
    "revenue": 6155000000,
    "costOfRevenue": 2604000000,
    "grossProfit": 3551000000,
    "grossProfitRatio": 0.5769293258,
    "researchAndDevelopmentExpenses": 586000000,
    "generalAndAdministrativeExpenses": 0,
    "sellingAndMarketingExpenses": 0,
    "sellingGeneralAndAdministrativeExpenses": 676000000,
    "otherExpenses": 0,
    "operatingExpenses": 1262000000,
    "costAndExpenses": 3866000000,
    "interestIncome": 0,
    "interestExpense": 0,
    "depreciationAndAmortization": 559000000,
    "ebitda": 2848000000,
    "ebitdaratio": 0.4627132413,
    "operatingIncome": 2289000000,
    "operatingIncomeRatio": 0.3718927701,
    "totalOtherIncomeExpensesNet": 151000000,
    "incomeBeforeTax": 2440000000,
    "incomeBeforeTaxRatio": 0.3964256702,
    "incomeTaxExpense": 866000000,
    "netIncome": 1574000000,
    "netIncomeRatio": 0.2557270512,
    "eps": 0.24,
    "epsdiluted": 0.22,
    "weightedAverageShsOut": 6540000000,
    "weightedAverageShsOutDil": 7188000000,
    "link": "https://www.sec.gov/Archives/edgar/data/50863/000005086397000058/0000050863-97-000058-index.html",
    "finalLink": "https://www.sec.gov/Archives/edgar/data/50863/0000050863-97-000058.txt"
  },
  {
    "date": "1997-06-28",
    "symbol": "INTC",
    "reportedCurrency": "USD",
    "cik": "0000050863",
    "fillingDate": "1997-08-11",
    "acceptedDate": "1997-08-11 00:00:00",
    "calendarYear": "1997",
    "period": "Q2",
    "revenue": 5960000000,
    "costOfRevenue": 2343000000,
    "grossProfit": 3617000000,
    "grossProfitRatio": 0.6068791946,
    "researchAndDevelopmentExpenses": 575000000,
    "generalAndAdministrativeExpenses": 0,
    "sellingAndMarketingExpenses": 0,
    "sellingGeneralAndAdministrativeExpenses": 704000000,
    "otherExpenses": 0,
    "operatingExpenses": 1279000000,
    "costAndExpenses": 3622000000,
    "interestIncome": 0,
    "interestExpense": 0,
    "depreciationAndAmortization": 529000000,
    "ebitda": 2867000000,
    "ebitdaratio": 0.4810402685,
    "operatingIncome": 2338000000,
    "operatingIncomeRatio": 0.3922818792,
    "totalOtherIncomeExpensesNet": 212000000,
    "incomeBeforeTax": 2550000000,
    "incomeBeforeTaxRatio": 0.427852349,
    "incomeTaxExpense": 905000000,
    "netIncome": 1645000000,
    "netIncomeRatio": 0.2760067114,
    "eps": 0.26,
    "epsdiluted": 0.23,
    "weightedAverageShsOut": 6540000000,
    "weightedAverageShsOutDil": 7188000000,
    "link": "https://www.sec.gov/Archives/edgar/data/50863/000005086397000048/0000050863-97-000048-index.html",
    "finalLink": "https://www.sec.gov/Archives/edgar/data/50863/0000050863-97-000048.txt"
  },
  {
    "date": "1997-03-29",
    "symbol": "INTC",
    "reportedCurrency": "USD",
    "cik": "0000050863",
    "fillingDate": "1997-05-13",
    "acceptedDate": "1997-05-13 00:00:00",
    "calendarYear": "1997",
    "period": "Q1",
    "revenue": 6448000000,
    "costOfRevenue": 2307000000,
    "grossProfit": 4141000000,
    "grossProfitRatio": 0.6422146402,
    "researchAndDevelopmentExpenses": 581000000,
    "generalAndAdministrativeExpenses": 0,
    "sellingAndMarketingExpenses": 0,
    "sellingGeneralAndAdministrativeExpenses": 693000000,
    "otherExpenses": 0,
    "operatingExpenses": 1274000000,
    "costAndExpenses": 3581000000,
    "interestIncome": 0,
    "interestExpense": 0,
    "depreciationAndAmortization": 521000000,
    "ebitda": 3388000000,
    "ebitdaratio": 0.5254342432,
    "operatingIncome": 2867000000,
    "operatingIncomeRatio": 0.444633995,
    "totalOtherIncomeExpensesNet": 208000000,
    "incomeBeforeTax": 3075000000,
    "incomeBeforeTaxRatio": 0.4768920596,
    "incomeTaxExpense": 1092000000,
    "netIncome": 1983000000,
    "netIncomeRatio": 0.3075372208,
    "eps": 0.31,
    "epsdiluted": 0.28,
    "weightedAverageShsOut": 6552000000,
    "weightedAverageShsOutDil": 7200000000,
    "link": "https://www.sec.gov/Archives/edgar/data/50863/000005086397000036/0000050863-97-000036-index.html",
    "finalLink": "https://www.sec.gov/Archives/edgar/data/50863/"
  },
  {
    "date": "1996-12-28",
    "symbol": "INTC",
    "reportedCurrency": "USD",
    "cik": "0000050863",
    "fillingDate": "1997-03-28",
    "acceptedDate": "1997-03-28 00:00:00",
    "calendarYear": "1996",
    "period": "Q4",
    "revenue": 6440000000,
    "costOfRevenue": 2392000000,
    "grossProfit": 4048000000,
    "grossProfitRatio": 0.6285714286,
    "researchAndDevelopmentExpenses": 520000000,
    "generalAndAdministrativeExpenses": 0,
    "sellingAndMarketingExpenses": 0,
    "sellingGeneralAndAdministrativeExpenses": 722000000,
    "otherExpenses": 0,
    "operatingExpenses": 1242000000,
    "costAndExpenses": 3634000000,
    "interestIncome": 0,
    "interestExpense": 0,
    "depreciationAndAmortization": 519000000,
    "ebitda": 3325000000,
    "ebitdaratio": 0.5163043478,
    "operatingIncome": 2806000000,
    "operatingIncomeRatio": 0.4357142857,
    "totalOtherIncomeExpensesNet": 133000000,
    "incomeBeforeTax": 2939000000,
    "incomeBeforeTaxRatio": 0.4563664596,
    "incomeTaxExpense": 1029000000,
    "netIncome": 1910000000,
    "netIncomeRatio": 0.2965838509,
    "eps": 0.33,
    "epsdiluted": 0.27,
    "weightedAverageShsOut": 7640000000,
    "weightedAverageShsOutDil": 7640000000,
    "link": "https://www.sec.gov/Archives/edgar/data/50863/000005086397000020/0000050863-97-000020-index.html",
    "finalLink": "https://www.sec.gov/Archives/edgar/data/50863/0000050863-97-000020.txt"
  },
  {
    "date": "1996-09-28",
    "symbol": "INTC",
    "reportedCurrency": "USD",
    "cik": "0000050863",
    "fillingDate": "1996-11-12",
    "acceptedDate": "1996-11-12 00:00:00",
    "calendarYear": "1996",
    "period": "Q3",
    "revenue": 5142000000,
    "costOfRevenue": 2201000000,
    "grossProfit": 2941000000,
    "grossProfitRatio": 0.5719564372,
    "researchAndDevelopmentExpenses": 449000000,
    "generalAndAdministrativeExpenses": 0,
    "sellingAndMarketingExpenses": 0,
    "sellingGeneralAndAdministrativeExpenses": 565000000,
    "otherExpenses": 0,
    "operatingExpenses": 1014000000,
    "costAndExpenses": 3215000000,
    "interestIncome": 0,
    "interestExpense": 0,
    "depreciationAndAmortization": 496000000,
    "ebitda": 2423000000,
    "ebitdaratio": 0.4712174251,
    "operatingIncome": 1927000000,
    "operatingIncomeRatio": 0.3747569039,
    "totalOtherIncomeExpensesNet": 91000000,
    "incomeBeforeTax": 2018000000,
    "incomeBeforeTaxRatio": 0.3924542979,
    "incomeTaxExpense": 706000000,
    "netIncome": 1312000000,
    "netIncomeRatio": 0.2551536367,
    "eps": 0.19,
    "epsdiluted": 0.19,
    "weightedAverageShsOut": 7080000000,
    "weightedAverageShsOutDil": 7080000000,
    "link": "https://www.sec.gov/Archives/edgar/data/50863/000005086396000040/0000050863-96-000040-index.html",
    "finalLink": "https://www.sec.gov/Archives/edgar/data/50863/0000050863-96-000040.txt"
  },
  {
    "date": "1996-06-29",
    "symbol": "INTC",
    "reportedCurrency": "USD",
    "cik": "0000050863",
    "fillingDate": "1996-08-13",
    "acceptedDate": "1996-08-13 00:00:00",
    "calendarYear": "1996",
    "period": "Q2",
    "revenue": 4621000000,
    "costOfRevenue": 2150000000,
    "grossProfit": 2471000000,
    "grossProfitRatio": 0.5347327418,
    "researchAndDevelopmentExpenses": 438000000,
    "generalAndAdministrativeExpenses": 0,
    "sellingAndMarketingExpenses": 0,
    "sellingGeneralAndAdministrativeExpenses": 518000000,
    "otherExpenses": 0,
    "operatingExpenses": 956000000,
    "costAndExpenses": 3106000000,
    "interestIncome": 0,
    "interestExpense": 0,
    "depreciationAndAmortization": 462000000,
    "ebitda": 1977000000,
    "ebitdaratio": 0.4278294741,
    "operatingIncome": 1515000000,
    "operatingIncomeRatio": 0.3278511145,
    "totalOtherIncomeExpensesNet": 86000000,
    "incomeBeforeTax": 1601000000,
    "incomeBeforeTaxRatio": 0.3464618048,
    "incomeTaxExpense": 560000000,
    "netIncome": 1041000000,
    "netIncomeRatio": 0.2252759143,
    "eps": 0.16,
    "epsdiluted": 0.15,
    "weightedAverageShsOut": 7104000000,
    "weightedAverageShsOutDil": 7104000000,
    "link": "https://www.sec.gov/Archives/edgar/data/50863/000005086396000036/0000050863-96-000036-index.html",
    "finalLink": "https://www.sec.gov/Archives/edgar/data/50863/0000050863-96-000036.txt"
  },
  {
    "date": "1996-03-30",
    "symbol": "INTC",
    "reportedCurrency": "USD",
    "cik": "0000050863",
    "fillingDate": "1996-05-14",
    "acceptedDate": "1996-05-14 00:00:00",
    "calendarYear": "1996",
    "period": "Q1",
    "revenue": 4644000000,
    "costOfRevenue": 2421000000,
    "grossProfit": 2223000000,
    "grossProfitRatio": 0.4786821705,
    "researchAndDevelopmentExpenses": 401000000,
    "generalAndAdministrativeExpenses": 0,
    "sellingAndMarketingExpenses": 0,
    "sellingGeneralAndAdministrativeExpenses": 517000000,
    "otherExpenses": 0,
    "operatingExpenses": 918000000,
    "costAndExpenses": 3339000000,
    "interestIncome": 0,
    "interestExpense": 0,
    "depreciationAndAmortization": 411000000,
    "ebitda": 1716000000,
    "ebitdaratio": 0.3695090439,
    "operatingIncome": 1305000000,
    "operatingIncomeRatio": 0.2810077519,
    "totalOtherIncomeExpensesNet": 71000000,
    "incomeBeforeTax": 1376000000,
    "incomeBeforeTaxRatio": 0.2962962963,
    "incomeTaxExpense": 482000000,
    "netIncome": 894000000,
    "netIncomeRatio": 0.1925064599,
    "eps": 0.14,
    "epsdiluted": 0.13,
    "weightedAverageShsOut": 7040000000,
    "weightedAverageShsOutDil": 7040000000,
    "link": "https://www.sec.gov/Archives/edgar/data/50863/000005086396000007/0000050863-96-000007-index.html",
    "finalLink": "https://www.sec.gov/Archives/edgar/data/50863/0000050863-96-000007.txt"
  },
  {
    "date": "1995-12-30",
    "symbol": "INTC",
    "reportedCurrency": "USD",
    "cik": "0000050863",
    "fillingDate": "1996-03-29",
    "acceptedDate": "1996-03-29 00:00:00",
    "calendarYear": "1995",
    "period": "Q4",
    "revenue": 4580000000,
    "costOfRevenue": 2389000000,
    "grossProfit": 2191000000,
    "grossProfitRatio": 0.4783842795,
    "researchAndDevelopmentExpenses": 352000000,
    "generalAndAdministrativeExpenses": 0,
    "sellingAndMarketingExpenses": 0,
    "sellingGeneralAndAdministrativeExpenses": 569000000,
    "otherExpenses": 0,
    "operatingExpenses": 921000000,
    "costAndExpenses": 3310000000,
    "interestIncome": 0,
    "interestExpense": 0,
    "depreciationAndAmortization": 385000000,
    "ebitda": 1655000000,
    "ebitdaratio": 0.3613537118,
    "operatingIncome": 1270000000,
    "operatingIncomeRatio": 0.2772925764,
    "totalOtherIncomeExpensesNet": 70000000,
    "incomeBeforeTax": 1340000000,
    "incomeBeforeTaxRatio": 0.2925764192,
    "incomeTaxExpense": 473000000,
    "netIncome": 867000000,
    "netIncomeRatio": 0.18930131,
    "eps": 0.15,
    "epsdiluted": 0.12,
    "weightedAverageShsOut": 7200000000,
    "weightedAverageShsOutDil": 7200000000,
    "link": "https://www.sec.gov/Archives/edgar/data/50863/000005086396000002/0000050863-96-000002-index.html",
    "finalLink": "https://www.sec.gov/Archives/edgar/data/50863/0000050863-96-000002.txt"
  },
  {
    "date": "1995-09-30",
    "symbol": "INTC",
    "reportedCurrency": "USD",
    "cik": "0000050863",
    "fillingDate": "1995-11-14",
    "acceptedDate": "1995-11-14 00:00:00",
    "calendarYear": "1995",
    "period": "Q3",
    "revenue": 4171000000,
    "costOfRevenue": 2008000000,
    "grossProfit": 2163000000,
    "grossProfitRatio": 0.5185806761,
    "researchAndDevelopmentExpenses": 334000000,
    "generalAndAdministrativeExpenses": 0,
    "sellingAndMarketingExpenses": 0,
    "sellingGeneralAndAdministrativeExpenses": 440000000,
    "otherExpenses": 0,
    "operatingExpenses": 774000000,
    "costAndExpenses": 2782000000,
    "interestIncome": 0,
    "interestExpense": 0,
    "depreciationAndAmortization": 372000000,
    "ebitda": 1752000000,
    "ebitdaratio": 0.4200431551,
    "operatingIncome": 1389000000,
    "operatingIncomeRatio": 0.3330136658,
    "totalOtherIncomeExpensesNet": 94000000,
    "incomeBeforeTax": 1483000000,
    "incomeBeforeTaxRatio": 0.3555502278,
    "incomeTaxExpense": 552000000,
    "netIncome": 931000000,
    "netIncomeRatio": 0.2232078638,
    "eps": 0.14,
    "epsdiluted": 0.14,
    "weightedAverageShsOut": 7112000000,
    "weightedAverageShsOutDil": 7112000000,
    "link": "https://www.sec.gov/Archives/edgar/data/50863/000005086395000016/0000050863-95-000016-index.html",
    "finalLink": "https://www.sec.gov/Archives/edgar/data/50863/0000050863-95-000016.txt"
  }
]