[
  {
    "date": "2025-07-31",
    "symbol": "INTU",
    "reportedCurrency": "USD",
    "cik": "0000896878",
    "fillingDate": "2025-09-03",
    "acceptedDate": "2025-09-03 16:16:09",
    "calendarYear": "2025",
    "period": "FY",
    "revenue": 18831000000,
    "costOfRevenue": 3624000000,
    "grossProfit": 15207000000,
    "grossProfitRatio": 0.807551378,
    "researchAndDevelopmentExpenses": 2928000000,
    "generalAndAdministrativeExpenses": 1601000000,
    "sellingAndMarketingExpenses": 5035000000,
    "sellingGeneralAndAdministrativeExpenses": 6636000000,
    "otherExpenses": 720000000,
    "operatingExpenses": 10284000000,
    "costAndExpenses": 13908000000,
    "interestIncome": 175000000,
    "interestExpense": 247000000,
    "depreciationAndAmortization": 809000000,
    "ebitda": 5890000000,
    "ebitdaratio": 0.3127821146,
    "operatingIncome": 4923000000,
    "operatingIncomeRatio": 0.2614306197,
    "totalOtherIncomeExpensesNet": -89000000,
    "incomeBeforeTax": 4834000000,
    "incomeBeforeTaxRatio": 0.2567043705,
    "incomeTaxExpense": 965000000,
    "netIncome": 3869000000,
    "netIncomeRatio": 0.2054590834,
    "eps": 13.82,
    "epsdiluted": 13.67,
    "weightedAverageShsOut": 280000000,
    "weightedAverageShsOutDil": 283000000,
    "link": "https://www.sec.gov/Archives/edgar/data/896878/000089687825000035/0000896878-25-000035-index.htm",
    "finalLink": "https://www.sec.gov/Archives/edgar/data/896878/000089687825000035/intu-20250731.htm"
  },
  {
    "date": "2024-07-31",
    "symbol": "INTU",
    "reportedCurrency": "USD",
    "cik": "0000896878",
    "fillingDate": "2024-09-04",
    "acceptedDate": "2024-09-04 18:26:27",
    "calendarYear": "2024",
    "period": "FY",
    "revenue": 16285000000,
    "costOfRevenue": 3465000000,
    "grossProfit": 12820000000,
    "grossProfitRatio": 0.78722751,
    "researchAndDevelopmentExpenses": 2754000000,
    "generalAndAdministrativeExpenses": 1418000000,
    "sellingAndMarketingExpenses": 4312000000,
    "sellingGeneralAndAdministrativeExpenses": 5730000000,
    "otherExpenses": 706000000,
    "operatingExpenses": 9190000000,
    "costAndExpenses": 12655000000,
    "interestIncome": 147000000,
    "interestExpense": 242000000,
    "depreciationAndAmortization": 789000000,
    "ebitda": 4581000000,
    "ebitdaratio": 0.2813018115,
    "operatingIncome": 3630000000,
    "operatingIncomeRatio": 0.2229045134,
    "totalOtherIncomeExpensesNet": -80000000,
    "incomeBeforeTax": 3550000000,
    "incomeBeforeTaxRatio": 0.2179920172,
    "incomeTaxExpense": 587000000,
    "netIncome": 2963000000,
    "netIncomeRatio": 0.1819465766,
    "eps": 10.58,
    "epsdiluted": 10.43,
    "weightedAverageShsOut": 280000000,
    "weightedAverageShsOutDil": 284000000,
    "link": "https://www.sec.gov/Archives/edgar/data/896878/000089687824000039/0000896878-24-000039-index.htm",
    "finalLink": "https://www.sec.gov/Archives/edgar/data/896878/000089687824000039/intu-20240731.htm"
  },
  {
    "date": "2023-07-31",
    "symbol": "INTU",
    "reportedCurrency": "USD",
    "cik": "0000896878",
    "fillingDate": "2023-09-01",
    "acceptedDate": "2023-09-01 16:08:03",
    "calendarYear": "2023",
    "period": "FY",
    "revenue": 14368000000,
    "costOfRevenue": 3143000000,
    "grossProfit": 11225000000,
    "grossProfitRatio": 0.78125,
    "researchAndDevelopmentExpenses": 2539000000,
    "generalAndAdministrativeExpenses": 1300000000,
    "sellingAndMarketingExpenses": 3762000000,
    "sellingGeneralAndAdministrativeExpenses": 5062000000,
    "otherExpenses": 483000000,
    "operatingExpenses": 8084000000,
    "costAndExpenses": 11227000000,
    "interestIncome": 106000000,
    "interestExpense": 248000000,
    "depreciationAndAmortization": 806000000,
    "ebitda": 4043000000,
    "ebitdaratio": 0.2813891982,
    "operatingIncome": 3141000000,
    "operatingIncomeRatio": 0.2186108018,
    "totalOtherIncomeExpensesNet": -152000000,
    "incomeBeforeTax": 2989000000,
    "incomeBeforeTaxRatio": 0.2080317372,
    "incomeTaxExpense": 605000000,
    "netIncome": 2384000000,
    "netIncomeRatio": 0.1659242762,
    "eps": 8.48,
    "epsdiluted": 8.42,
    "weightedAverageShsOut": 281000000,
    "weightedAverageShsOutDil": 283000000,
    "link": "https://www.sec.gov/Archives/edgar/data/896878/000089687823000034/0000896878-23-000034-index.htm",
    "finalLink": "https://www.sec.gov/Archives/edgar/data/896878/000089687823000034/intu-20230731.htm"
  },
  {
    "date": "2022-07-31",
    "symbol": "INTU",
    "reportedCurrency": "USD",
    "cik": "0000896878",
    "fillingDate": "2022-09-02",
    "acceptedDate": "2022-09-02 17:09:05",
    "calendarYear": "2022",
    "period": "FY",
    "revenue": 12726000000,
    "costOfRevenue": 2406000000,
    "grossProfit": 10320000000,
    "grossProfitRatio": 0.8109382367,
    "researchAndDevelopmentExpenses": 2347000000,
    "generalAndAdministrativeExpenses": 1460000000,
    "sellingAndMarketingExpenses": 3526000000,
    "sellingGeneralAndAdministrativeExpenses": 4986000000,
    "otherExpenses": 416000000,
    "operatingExpenses": 7749000000,
    "costAndExpenses": 10155000000,
    "interestIncome": 64000000,
    "interestExpense": 81000000,
    "depreciationAndAmortization": 746000000,
    "ebitda": 3369000000,
    "ebitdaratio": 0.2647336162,
    "operatingIncome": 2571000000,
    "operatingIncomeRatio": 0.2020273456,
    "totalOtherIncomeExpensesNet": -29000000,
    "incomeBeforeTax": 2542000000,
    "incomeBeforeTaxRatio": 0.1997485463,
    "incomeTaxExpense": 476000000,
    "netIncome": 2066000000,
    "netIncomeRatio": 0.1623448059,
    "eps": 7.38,
    "epsdiluted": 7.27,
    "weightedAverageShsOut": 280000000,
    "weightedAverageShsOutDil": 284000000,
    "link": "https://www.sec.gov/Archives/edgar/data/896878/000089687822000028/0000896878-22-000028-index.htm",
    "finalLink": "https://www.sec.gov/Archives/edgar/data/896878/000089687822000028/intu-20220731.htm"
  },
  {
    "date": "2021-07-31",
    "symbol": "INTU",
    "reportedCurrency": "USD",
    "cik": "0000896878",
    "fillingDate": "2021-09-08",
    "acceptedDate": "2021-09-08 16:09:57",
    "calendarYear": "2021",
    "period": "FY",
    "revenue": 9633000000,
    "costOfRevenue": 1683000000,
    "grossProfit": 7950000000,
    "grossProfitRatio": 0.8252880723,
    "researchAndDevelopmentExpenses": 1678000000,
    "generalAndAdministrativeExpenses": 982000000,
    "sellingAndMarketingExpenses": 2644000000,
    "sellingGeneralAndAdministrativeExpenses": 3626000000,
    "otherExpenses": 146000000,
    "operatingExpenses": 5450000000,
    "costAndExpenses": 7133000000,
    "interestIncome": 57000000,
    "interestExpense": 29000000,
    "depreciationAndAmortization": 363000000,
    "ebitda": 2948000000,
    "ebitdaratio": 0.3060313506,
    "operatingIncome": 2500000000,
    "operatingIncomeRatio": 0.259524551,
    "totalOtherIncomeExpensesNet": 56000000,
    "incomeBeforeTax": 2556000000,
    "incomeBeforeTaxRatio": 0.265337901,
    "incomeTaxExpense": 494000000,
    "netIncome": 2062000000,
    "netIncomeRatio": 0.2140558497,
    "eps": 7.64,
    "epsdiluted": 7.55,
    "weightedAverageShsOut": 270000000,
    "weightedAverageShsOutDil": 273000000,
    "link": "https://www.sec.gov/Archives/edgar/data/896878/000089687821000233/0000896878-21-000233-index.htm",
    "finalLink": "https://www.sec.gov/Archives/edgar/data/896878/000089687821000233/intu-20210731.htm"
  },
  {
    "date": "2020-07-31",
    "symbol": "INTU",
    "reportedCurrency": "USD",
    "cik": "0000896878",
    "fillingDate": "2020-08-31",
    "acceptedDate": "2020-08-31 16:31:44",
    "calendarYear": "2020",
    "period": "FY",
    "revenue": 7679000000,
    "costOfRevenue": 1378000000,
    "grossProfit": 6301000000,
    "grossProfitRatio": 0.8205495507,
    "researchAndDevelopmentExpenses": 1392000000,
    "generalAndAdministrativeExpenses": 679000000,
    "sellingAndMarketingExpenses": 2048000000,
    "sellingGeneralAndAdministrativeExpenses": 2727000000,
    "otherExpenses": 6000000,
    "operatingExpenses": 4125000000,
    "costAndExpenses": 5503000000,
    "interestIncome": 39000000,
    "interestExpense": 14000000,
    "depreciationAndAmortization": 218000000,
    "ebitda": 2430000000,
    "ebitdaratio": 0.3164474541,
    "operatingIncome": 2176000000,
    "operatingIncomeRatio": 0.2833702305,
    "totalOtherIncomeExpensesNet": 22000000,
    "incomeBeforeTax": 2198000000,
    "incomeBeforeTaxRatio": 0.2862351869,
    "incomeTaxExpense": 372000000,
    "netIncome": 1826000000,
    "netIncomeRatio": 0.2377913791,
    "eps": 7,
    "epsdiluted": 6.92,
    "weightedAverageShsOut": 261000000,
    "weightedAverageShsOutDil": 264000000,
    "link": "https://www.sec.gov/Archives/edgar/data/896878/000089687820000148/0000896878-20-000148-index.htm",
    "finalLink": "https://www.sec.gov/Archives/edgar/data/896878/000089687820000148/fy20q410-kdocument.htm"
  },
  {
    "date": "2019-07-31",
    "symbol": "INTU",
    "reportedCurrency": "USD",
    "cik": "0000896878",
    "fillingDate": "2019-08-30",
    "acceptedDate": "2019-08-30 16:30:04",
    "calendarYear": "2019",
    "period": "FY",
    "revenue": 6784000000,
    "costOfRevenue": 1167000000,
    "grossProfit": 5617000000,
    "grossProfitRatio": 0.8279775943,
    "researchAndDevelopmentExpenses": 1233000000,
    "generalAndAdministrativeExpenses": 597000000,
    "sellingAndMarketingExpenses": 1927000000,
    "sellingGeneralAndAdministrativeExpenses": 2524000000,
    "otherExpenses": 6000000,
    "operatingExpenses": 3763000000,
    "costAndExpenses": 4930000000,
    "interestIncome": 46000000,
    "interestExpense": 15000000,
    "depreciationAndAmortization": 225000000,
    "ebitda": 2121000000,
    "ebitdaratio": 0.3126474057,
    "operatingIncome": 1854000000,
    "operatingIncomeRatio": 0.2732900943,
    "totalOtherIncomeExpensesNet": 27000000,
    "incomeBeforeTax": 1881000000,
    "incomeBeforeTaxRatio": 0.2772700472,
    "incomeTaxExpense": 324000000,
    "netIncome": 1557000000,
    "netIncomeRatio": 0.2295106132,
    "eps": 5.99,
    "epsdiluted": 5.9,
    "weightedAverageShsOut": 260000000,
    "weightedAverageShsOutDil": 264000000,
    "link": "https://www.sec.gov/Archives/edgar/data/896878/000089687819000132/0000896878-19-000132-index.htm",
    "finalLink": "https://www.sec.gov/Archives/edgar/data/896878/000089687819000132/fy19q410-kdocument.htm"
  },
  {
    "date": "2018-07-31",
    "symbol": "INTU",
    "reportedCurrency": "USD",
    "cik": "0000896878",
    "fillingDate": "2018-08-31",
    "acceptedDate": "2018-08-31 17:05:17",
    "calendarYear": "2018",
    "period": "FY",
    "revenue": 6025000000,
    "costOfRevenue": 977000000,
    "grossProfit": 4987000000,
    "grossProfitRatio": 0.8277178423,
    "researchAndDevelopmentExpenses": 1186000000,
    "generalAndAdministrativeExpenses": 664000000,
    "sellingAndMarketingExpenses": 1634000000,
    "sellingGeneralAndAdministrativeExpenses": 2298000000,
    "otherExpenses": 6000000,
    "operatingExpenses": 3490000000,
    "costAndExpenses": 4467000000,
    "interestIncome": 19000000,
    "interestExpense": 20000000,
    "depreciationAndAmortization": 253000000,
    "ebitda": 1839000000,
    "ebitdaratio": 0.3052282158,
    "operatingIncome": 1560000000,
    "operatingIncomeRatio": 0.2589211618,
    "totalOtherIncomeExpensesNet": 6000000,
    "incomeBeforeTax": 1566000000,
    "incomeBeforeTaxRatio": 0.2599170124,
    "incomeTaxExpense": 237000000,
    "netIncome": 1329000000,
    "netIncomeRatio": 0.2205809129,
    "eps": 5.19,
    "epsdiluted": 5.09,
    "weightedAverageShsOut": 256000000,
    "weightedAverageShsOutDil": 261000000,
    "link": "https://www.sec.gov/Archives/edgar/data/896878/000089687818000171/0000896878-18-000171-index.htm",
    "finalLink": "https://www.sec.gov/Archives/edgar/data/896878/000089687818000171/fy18q410-kdocument.htm"
  },
  {
    "date": "2017-07-31",
    "symbol": "INTU",
    "reportedCurrency": "USD",
    "cik": "0000896878",
    "fillingDate": "2017-09-01",
    "acceptedDate": "2017-09-01 16:13:14",
    "calendarYear": "2017",
    "period": "FY",
    "revenue": 5177000000,
    "costOfRevenue": 809000000,
    "grossProfit": 4368000000,
    "grossProfitRatio": 0.8437318911,
    "researchAndDevelopmentExpenses": 998000000,
    "generalAndAdministrativeExpenses": 553000000,
    "sellingAndMarketingExpenses": 1420000000,
    "sellingGeneralAndAdministrativeExpenses": 1973000000,
    "otherExpenses": 2000000,
    "operatingExpenses": 2973000000,
    "costAndExpenses": 3782000000,
    "interestIncome": 8000000,
    "interestExpense": 31000000,
    "depreciationAndAmortization": 236000000,
    "ebitda": 1634000000,
    "ebitdaratio": 0.3156268109,
    "operatingIncome": 1418000000,
    "operatingIncomeRatio": 0.2739038053,
    "totalOtherIncomeExpensesNet": -28000000,
    "incomeBeforeTax": 1390000000,
    "incomeBeforeTaxRatio": 0.2684952675,
    "incomeTaxExpense": 405000000,
    "netIncome": 971000000,
    "netIncomeRatio": 0.1875603631,
    "eps": 3.78,
    "epsdiluted": 3.72,
    "weightedAverageShsOut": 257000000,
    "weightedAverageShsOutDil": 261000000,
    "link": "https://www.sec.gov/Archives/edgar/data/896878/000089687817000130/0000896878-17-000130-index.htm",
    "finalLink": "https://www.sec.gov/Archives/edgar/data/896878/000089687817000130/fy17q410-kdocument.htm"
  },
  {
    "date": "2016-07-31",
    "symbol": "INTU",
    "reportedCurrency": "USD",
    "cik": "0000896878",
    "fillingDate": "2016-09-01",
    "acceptedDate": "2016-09-01 16:23:59",
    "calendarYear": "2016",
    "period": "FY",
    "revenue": 4694000000,
    "costOfRevenue": 752000000,
    "grossProfit": 3942000000,
    "grossProfitRatio": 0.8397954836,
    "researchAndDevelopmentExpenses": 881000000,
    "generalAndAdministrativeExpenses": 518000000,
    "sellingAndMarketingExpenses": 1289000000,
    "sellingGeneralAndAdministrativeExpenses": 1807000000,
    "otherExpenses": 12000000,
    "operatingExpenses": 2700000000,
    "costAndExpenses": 3452000000,
    "interestIncome": 3000000,
    "interestExpense": 39000000,
    "depreciationAndAmortization": 238000000,
    "ebitda": 1480000000,
    "ebitdaratio": 0.3152961227,
    "operatingIncome": 1242000000,
    "operatingIncomeRatio": 0.2645930976,
    "totalOtherIncomeExpensesNet": -39000000,
    "incomeBeforeTax": 1203000000,
    "incomeBeforeTaxRatio": 0.2562846187,
    "incomeTaxExpense": 397000000,
    "netIncome": 979000000,
    "netIncomeRatio": 0.2085641244,
    "eps": 3.08,
    "epsdiluted": 3.04,
    "weightedAverageShsOut": 262000000,
    "weightedAverageShsOutDil": 265000000,
    "link": "https://www.sec.gov/Archives/edgar/data/896878/000089687816000286/0000896878-16-000286-index.htm",
    "finalLink": "https://www.sec.gov/Archives/edgar/data/896878/000089687816000286/fy16q410-kdocument.htm"
  },
  {
    "date": "2015-07-31",
    "symbol": "INTU",
    "reportedCurrency": "USD",
    "cik": "0000896878",
    "fillingDate": "2015-09-01",
    "acceptedDate": "2015-09-01 16:06:33",
    "calendarYear": "2015",
    "period": "FY",
    "revenue": 4192000000,
    "costOfRevenue": 725000000,
    "grossProfit": 3467000000,
    "grossProfitRatio": 0.8270515267,
    "researchAndDevelopmentExpenses": 798000000,
    "generalAndAdministrativeExpenses": 483000000,
    "sellingAndMarketingExpenses": 1288000000,
    "sellingGeneralAndAdministrativeExpenses": 1771000000,
    "otherExpenses": 160000000,
    "operatingExpenses": 2729000000,
    "costAndExpenses": 3454000000,
    "interestIncome": 8000000,
    "interestExpense": 27000000,
    "depreciationAndAmortization": 231000000,
    "ebitda": 970000000,
    "ebitdaratio": 0.2313931298,
    "operatingIncome": 738000000,
    "operatingIncomeRatio": 0.1760496183,
    "totalOtherIncomeExpensesNet": -26000000,
    "incomeBeforeTax": 712000000,
    "incomeBeforeTaxRatio": 0.1698473282,
    "incomeTaxExpense": 299000000,
    "netIncome": 365000000,
    "netIncomeRatio": 0.0870706107,
    "eps": 1.3,
    "epsdiluted": 1.28,
    "weightedAverageShsOut": 281000000,
    "weightedAverageShsOutDil": 286000000,
    "link": "https://www.sec.gov/Archives/edgar/data/896878/000089687815000116/0000896878-15-000116-index.htm",
    "finalLink": "https://www.sec.gov/Archives/edgar/data/896878/000089687815000116/fy15q410-kdocument.htm"
  },
  {
    "date": "2014-07-31",
    "symbol": "INTU",
    "reportedCurrency": "USD",
    "cik": "0000896878",
    "fillingDate": "2014-09-12",
    "acceptedDate": "2014-09-12 15:19:09",
    "calendarYear": "2014",
    "period": "FY",
    "revenue": 4506000000,
    "costOfRevenue": 668000000,
    "grossProfit": 3838000000,
    "grossProfitRatio": 0.8517532179,
    "researchAndDevelopmentExpenses": 714000000,
    "generalAndAdministrativeExpenses": 481000000,
    "sellingAndMarketingExpenses": 1157000000,
    "sellingGeneralAndAdministrativeExpenses": 1595000000,
    "otherExpenses": 13000000,
    "operatingExpenses": 2322000000,
    "costAndExpenses": 3208000000,
    "interestIncome": 4000000,
    "interestExpense": 31000000,
    "depreciationAndAmortization": 197000000,
    "ebitda": 1528000000,
    "ebitdaratio": 0.3391034177,
    "operatingIncome": 1298000000,
    "operatingIncomeRatio": 0.288060364,
    "totalOtherIncomeExpensesNet": 0,
    "incomeBeforeTax": 1298000000,
    "incomeBeforeTaxRatio": 0.288060364,
    "incomeTaxExpense": 447000000,
    "netIncome": 907000000,
    "netIncomeRatio": 0.2012871727,
    "eps": 3.02,
    "epsdiluted": 2.96,
    "weightedAverageShsOut": 285000000,
    "weightedAverageShsOutDil": 291000000,
    "link": "https://www.sec.gov/Archives/edgar/data/896878/000089687814000163/0000896878-14-000163-index.htm",
    "finalLink": "https://www.sec.gov/Archives/edgar/data/896878/000089687814000163/fy14q410-kdocument.htm"
  },
  {
    "date": "2013-07-31",
    "symbol": "INTU",
    "reportedCurrency": "USD",
    "cik": "0000896878",
    "fillingDate": "2013-09-13",
    "acceptedDate": "2013-09-13 16:00:38",
    "calendarYear": "2013",
    "period": "FY",
    "revenue": 4171000000,
    "costOfRevenue": 577000000,
    "grossProfit": 3594000000,
    "grossProfitRatio": 0.8616638696,
    "researchAndDevelopmentExpenses": 647000000,
    "generalAndAdministrativeExpenses": 422000000,
    "sellingAndMarketingExpenses": 1122000000,
    "sellingGeneralAndAdministrativeExpenses": 1527000000,
    "otherExpenses": 24000000,
    "operatingExpenses": 2198000000,
    "costAndExpenses": 2938000000,
    "interestIncome": 0,
    "interestExpense": 30000000,
    "depreciationAndAmortization": 232000000,
    "ebitda": 1472000000,
    "ebitdaratio": 0.3529129705,
    "operatingIncome": 1208000000,
    "operatingIncomeRatio": 0.2896187965,
    "totalOtherIncomeExpensesNet": -23000000,
    "incomeBeforeTax": 1185000000,
    "incomeBeforeTaxRatio": 0.2841045313,
    "incomeTaxExpense": 378000000,
    "netIncome": 858000000,
    "netIncomeRatio": 0.2057060657,
    "eps": 2.89,
    "epsdiluted": 2.83,
    "weightedAverageShsOut": 297000000,
    "weightedAverageShsOutDil": 303000000,
    "link": "https://www.sec.gov/Archives/edgar/data/896878/000089687813000149/0000896878-13-000149-index.htm",
    "finalLink": "https://www.sec.gov/Archives/edgar/data/896878/000089687813000149/fy13q410-kdocument.htm"
  },
  {
    "date": "2012-07-31",
    "symbol": "INTU",
    "reportedCurrency": "USD",
    "cik": "0000896878",
    "fillingDate": "2012-09-13",
    "acceptedDate": "2012-09-13 15:49:12",
    "calendarYear": "2012",
    "period": "FY",
    "revenue": 3808000000,
    "costOfRevenue": 760000000,
    "grossProfit": 3391000000,
    "grossProfitRatio": 0.8904936975,
    "researchAndDevelopmentExpenses": 618000000,
    "generalAndAdministrativeExpenses": 388000000,
    "sellingAndMarketingExpenses": 1033000000,
    "sellingGeneralAndAdministrativeExpenses": 1414000000,
    "otherExpenses": 0,
    "operatingExpenses": 2032000000,
    "costAndExpenses": 2640000000,
    "interestIncome": 9000000,
    "interestExpense": 50000000,
    "depreciationAndAmortization": 242000000,
    "ebitda": 1430000000,
    "ebitdaratio": 0.3755252101,
    "operatingIncome": 1168000000,
    "operatingIncomeRatio": 0.3067226891,
    "totalOtherIncomeExpensesNet": -30000000,
    "incomeBeforeTax": 1138000000,
    "incomeBeforeTaxRatio": 0.2988445378,
    "incomeTaxExpense": 374000000,
    "netIncome": 792000000,
    "netIncomeRatio": 0.2079831933,
    "eps": 2.67,
    "epsdiluted": 2.6,
    "weightedAverageShsOut": 296000000,
    "weightedAverageShsOutDil": 305000000,
    "link": "https://www.sec.gov/Archives/edgar/data/896878/000089687812000146/0000896878-12-000146-index.htm",
    "finalLink": "https://www.sec.gov/Archives/edgar/data/896878/000089687812000146/intu-2012731x10k.htm"
  },
  {
    "date": "2011-07-31",
    "symbol": "INTU",
    "reportedCurrency": "USD",
    "cik": "0000896878",
    "fillingDate": "2011-09-14",
    "acceptedDate": "2011-09-14 14:52:15",
    "calendarYear": "2011",
    "period": "FY",
    "revenue": 3851000000,
    "costOfRevenue": 654000000,
    "grossProfit": 3197000000,
    "grossProfitRatio": 0.8301739808,
    "researchAndDevelopmentExpenses": 620000000,
    "generalAndAdministrativeExpenses": 354000000,
    "sellingAndMarketingExpenses": 1111000000,
    "sellingGeneralAndAdministrativeExpenses": 1392000000,
    "otherExpenses": 0,
    "operatingExpenses": 2012000000,
    "costAndExpenses": 2844000000,
    "interestIncome": 10000000,
    "interestExpense": 60000000,
    "depreciationAndAmortization": 241000000,
    "ebitda": 1297000000,
    "ebitdaratio": 0.3367956375,
    "operatingIncome": 1007000000,
    "operatingIncomeRatio": 0.2614905219,
    "totalOtherIncomeExpensesNet": -41000000,
    "incomeBeforeTax": 966000000,
    "incomeBeforeTaxRatio": 0.2508439366,
    "incomeTaxExpense": 344000000,
    "netIncome": 634000000,
    "netIncomeRatio": 0.164632563,
    "eps": 2.06,
    "epsdiluted": 2,
    "weightedAverageShsOut": 307000000,
    "weightedAverageShsOutDil": 317000000,
    "link": "https://www.sec.gov/Archives/edgar/data/896878/000089687811000093/0000896878-11-000093-index.htm",
    "finalLink": "https://www.sec.gov/Archives/edgar/data/896878/000089687811000093/intu-2011731x10k.htm"
  },
  {
    "date": "2010-07-31",
    "symbol": "INTU",
    "reportedCurrency": "USD",
    "cik": "0000896878",
    "fillingDate": "2010-09-16",
    "acceptedDate": "2010-09-16 14:33:26",
    "calendarYear": "2010",
    "period": "FY",
    "revenue": 3455000000,
    "costOfRevenue": 604000000,
    "grossProfit": 2851000000,
    "grossProfitRatio": 0.8251808973,
    "researchAndDevelopmentExpenses": 573000000,
    "generalAndAdministrativeExpenses": 348000000,
    "sellingAndMarketingExpenses": 976000000,
    "sellingGeneralAndAdministrativeExpenses": 1324000000,
    "otherExpenses": 91000000,
    "operatingExpenses": 1988000000,
    "costAndExpenses": 2592000000,
    "interestIncome": 9000000,
    "interestExpense": 61000000,
    "depreciationAndAmortization": 256000000,
    "ebitda": 1132000000,
    "ebitdaratio": 0.3276410999,
    "operatingIncome": 863000000,
    "operatingIncomeRatio": 0.2497829233,
    "totalOtherIncomeExpensesNet": -48000000,
    "incomeBeforeTax": 815000000,
    "incomeBeforeTaxRatio": 0.2358900145,
    "incomeTaxExpense": 276000000,
    "netIncome": 574000000,
    "netIncomeRatio": 0.1661360347,
    "eps": 1.82,
    "epsdiluted": 1.77,
    "weightedAverageShsOut": 316000000,
    "weightedAverageShsOutDil": 325000000,
    "link": "https://www.sec.gov/Archives/edgar/data/896878/000095012310086635/0000950123-10-086635-index.htm",
    "finalLink": "https://www.sec.gov/Archives/edgar/data/896878/000095012310086635/f55303e10vk.htm"
  },
  {
    "date": "2009-07-31",
    "symbol": "INTU",
    "reportedCurrency": "USD",
    "cik": "0000896878",
    "fillingDate": "2009-09-15",
    "acceptedDate": "2009-09-15 16:14:18",
    "calendarYear": "2009",
    "period": "FY",
    "revenue": 3182537000,
    "costOfRevenue": 615702000,
    "grossProfit": 2566835000,
    "grossProfitRatio": 0.8065373631,
    "researchAndDevelopmentExpenses": 566232000,
    "generalAndAdministrativeExpenses": 288101000,
    "sellingAndMarketingExpenses": 927174000,
    "sellingGeneralAndAdministrativeExpenses": 1215275000,
    "otherExpenses": 7493000,
    "operatingExpenses": 1789000000,
    "costAndExpenses": 2500477000,
    "interestIncome": 20500000,
    "interestExpense": 51184000,
    "depreciationAndAmortization": 274673000,
    "ebitda": 979288000,
    "ebitdaratio": 0.3077067132,
    "operatingIncome": 682060000,
    "operatingIncomeRatio": 0.2143132979,
    "totalOtherIncomeExpensesNet": -28629000,
    "incomeBeforeTax": 653431000,
    "incomeBeforeTaxRatio": 0.2053176444,
    "incomeTaxExpense": 205222000,
    "netIncome": 447041000,
    "netIncomeRatio": 0.1404668665,
    "eps": 1.39,
    "epsdiluted": 1.35,
    "weightedAverageShsOut": 322000000,
    "weightedAverageShsOutDil": 330000000,
    "link": "https://www.sec.gov/Archives/edgar/data/896878/000095012309043307/0000950123-09-043307-index.htm",
    "finalLink": "https://www.sec.gov/Archives/edgar/data/896878/000095012309043307/f51041e10vk.htm"
  },
  {
    "date": "2008-07-31",
    "symbol": "INTU",
    "reportedCurrency": "USD",
    "cik": "0000896878",
    "fillingDate": "2008-09-12",
    "acceptedDate": "2008-09-12 13:43:38",
    "calendarYear": "2008",
    "period": "FY",
    "revenue": 3074974000,
    "costOfRevenue": 624258000,
    "grossProfit": 2450716000,
    "grossProfitRatio": 0.7969875518,
    "researchAndDevelopmentExpenses": 605818000,
    "generalAndAdministrativeExpenses": 294966000,
    "sellingAndMarketingExpenses": 859647000,
    "sellingGeneralAndAdministrativeExpenses": 1154613000,
    "otherExpenses": -23000000,
    "operatingExpenses": 1737431000,
    "costAndExpenses": 2420207000,
    "interestIncome": 39000000,
    "interestExpense": 52000000,
    "depreciationAndAmortization": 216463000,
    "ebitda": 966738000,
    "ebitdaratio": 0.3143889997,
    "operatingIncome": 650767000,
    "operatingIncomeRatio": 0.2116333341,
    "totalOtherIncomeExpensesNet": 47218000,
    "incomeBeforeTax": 697985000,
    "incomeBeforeTaxRatio": 0.2269889111,
    "incomeTaxExpense": 245579000,
    "netIncome": 476762000,
    "netIncomeRatio": 0.1550458638,
    "eps": 1.45,
    "epsdiluted": 1.33,
    "weightedAverageShsOut": 329000000,
    "weightedAverageShsOutDil": 339000000,
    "link": "https://www.sec.gov/Archives/edgar/data/896878/000095013408016540/0000950134-08-016540-index.htm",
    "finalLink": "https://www.sec.gov/Archives/edgar/data/896878/000095013408016540/f42782e10vk.htm"
  },
  {
    "date": "2007-07-31",
    "symbol": "INTU",
    "reportedCurrency": "USD",
    "cik": "0000896878",
    "fillingDate": "2007-09-14",
    "acceptedDate": "2007-09-14 16:56:26",
    "calendarYear": "2007",
    "period": "FY",
    "revenue": 2672947000,
    "costOfRevenue": 509446000,
    "grossProfit": 2163501000,
    "grossProfitRatio": 0.8094066212,
    "researchAndDevelopmentExpenses": 472516000,
    "generalAndAdministrativeExpenses": 291083000,
    "sellingAndMarketingExpenses": 742368000,
    "sellingGeneralAndAdministrativeExpenses": 1033451000,
    "otherExpenses": 19964000,
    "operatingExpenses": 1525931000,
    "costAndExpenses": 2035377000,
    "interestIncome": 45000000,
    "interestExpense": 27091000,
    "depreciationAndAmortization": 138730000,
    "ebitda": 858208000,
    "ebitdaratio": 0.3210718357,
    "operatingIncome": 637570000,
    "operatingIncomeRatio": 0.2385269891,
    "totalOtherIncomeExpensesNet": 58842000,
    "incomeBeforeTax": 696412000,
    "incomeBeforeTaxRatio": 0.2605408936,
    "incomeTaxExpense": 251607000,
    "netIncome": 440003000,
    "netIncomeRatio": 0.1646134398,
    "eps": 1.29,
    "epsdiluted": 1.24,
    "weightedAverageShsOut": 342637000,
    "weightedAverageShsOutDil": 355815000,
    "link": "https://www.sec.gov/Archives/edgar/data/896878/000095013407020001/0000950134-07-020001-index.htm",
    "finalLink": "https://www.sec.gov/Archives/edgar/data/896878/000095013407020001/f33044e10vk.htm"
  },
  {
    "date": "2006-07-31",
    "symbol": "INTU",
    "reportedCurrency": "USD",
    "cik": "0000896878",
    "fillingDate": "2006-09-15",
    "acceptedDate": "2006-09-15 13:08:46",
    "calendarYear": "2006",
    "period": "FY",
    "revenue": 2293010000,
    "costOfRevenue": 426189000,
    "grossProfit": 1885688000,
    "grossProfitRatio": 0.8223636181,
    "researchAndDevelopmentExpenses": 398983000,
    "generalAndAdministrativeExpenses": 270292000,
    "sellingAndMarketingExpenses": 664056000,
    "sellingGeneralAndAdministrativeExpenses": 934348000,
    "otherExpenses": -22715000,
    "operatingExpenses": 1310616000,
    "costAndExpenses": 1717938000,
    "interestIncome": 31000000,
    "interestExpense": 0,
    "depreciationAndAmortization": 117008000,
    "ebitda": 692080000,
    "ebitdaratio": 0.3018216231,
    "operatingIncome": 575072000,
    "operatingIncomeRatio": 0.2507934985,
    "totalOtherIncomeExpensesNet": 41174000,
    "incomeBeforeTax": 616246000,
    "incomeBeforeTaxRatio": 0.2687498092,
    "incomeTaxExpense": 234592000,
    "netIncome": 416963000,
    "netIncomeRatio": 0.1818408991,
    "eps": 1.2,
    "epsdiluted": 1.16,
    "weightedAverageShsOut": 347854000,
    "weightedAverageShsOutDil": 360471000,
    "link": "https://www.sec.gov/Archives/edgar/data/896878/000095013406017817/0000950134-06-017817-index.htm",
    "finalLink": "https://www.sec.gov/Archives/edgar/data/896878/000095013406017817/f23541e10vk.htm"
  },
  {
    "date": "2005-07-31",
    "symbol": "INTU",
    "reportedCurrency": "USD",
    "cik": "0000896878",
    "fillingDate": "2005-09-26",
    "acceptedDate": "2005-09-26 17:21:19",
    "calendarYear": "2005",
    "period": "FY",
    "revenue": 2037703000,
    "costOfRevenue": 372653000,
    "grossProfit": 1665050000,
    "grossProfitRatio": 0.8171210427,
    "researchAndDevelopmentExpenses": 305241000,
    "generalAndAdministrativeExpenses": 225507000,
    "sellingAndMarketingExpenses": 583408000,
    "sellingGeneralAndAdministrativeExpenses": 808915000,
    "otherExpenses": 10251000,
    "operatingExpenses": 1124407000,
    "costAndExpenses": 1513605000,
    "interestIncome": 17500000,
    "interestExpense": 0,
    "depreciationAndAmortization": 118344000,
    "ebitda": 674401000,
    "ebitdaratio": 0.3309613815,
    "operatingIncome": 524098000,
    "operatingIncomeRatio": 0.2572003869,
    "totalOtherIncomeExpensesNet": 31959000,
    "incomeBeforeTax": 556057000,
    "incomeBeforeTaxRatio": 0.2728842231,
    "incomeTaxExpense": 181074000,
    "netIncome": 381627000,
    "netIncomeRatio": 0.1872829357,
    "eps": 1.03,
    "epsdiluted": 1.01,
    "weightedAverageShsOut": 369202000,
    "weightedAverageShsOutDil": 376796000,
    "link": "https://www.sec.gov/Archives/edgar/data/896878/000095013405018355/0000950134-05-018355-index.htm",
    "finalLink": "https://www.sec.gov/Archives/edgar/data/896878/000095013405018355/f10990e10vk.htm"
  },
  {
    "date": "2004-07-31",
    "symbol": "INTU",
    "reportedCurrency": "USD",
    "cik": "0000896878",
    "fillingDate": "2004-09-24",
    "acceptedDate": "2004-09-24 12:44:51",
    "calendarYear": "2004",
    "period": "FY",
    "revenue": 1802224000,
    "costOfRevenue": 361597000,
    "grossProfit": 1439007000,
    "grossProfitRatio": 0.7984617894,
    "researchAndDevelopmentExpenses": 281129000,
    "generalAndAdministrativeExpenses": 0,
    "sellingAndMarketingExpenses": 0,
    "sellingGeneralAndAdministrativeExpenses": 747289000,
    "otherExpenses": -32329000,
    "operatingExpenses": 996089000,
    "costAndExpenses": 1359306000,
    "interestIncome": 0,
    "interestExpense": 0,
    "depreciationAndAmortization": 93429000,
    "ebitda": 536347000,
    "ebitdaratio": 0.2976028507,
    "operatingIncome": 420377000,
    "operatingIncomeRatio": 0.2332545788,
    "totalOtherIncomeExpensesNet": 32129000,
    "incomeBeforeTax": 452900000,
    "incomeBeforeTaxRatio": 0.2513006152,
    "incomeTaxExpense": 128290000,
    "netIncome": 317030000,
    "netIncomeRatio": 0.1759104307,
    "eps": 0.81,
    "epsdiluted": 0.79,
    "weightedAverageShsOut": 390910000,
    "weightedAverageShsOutDil": 400162000,
    "link": "https://www.sec.gov/Archives/edgar/data/896878/000095013404014081/0000950134-04-014081-index.htm",
    "finalLink": "https://www.sec.gov/Archives/edgar/data/896878/000095013404014081/f00874e10vk.htm"
  },
  {
    "date": "2003-07-31",
    "symbol": "INTU",
    "reportedCurrency": "USD",
    "cik": "0000896878",
    "fillingDate": "2003-09-19",
    "acceptedDate": "2003-09-19 17:08:12",
    "calendarYear": "2003",
    "period": "FY",
    "revenue": 1597071000,
    "costOfRevenue": 343964000,
    "grossProfit": 1260023000,
    "grossProfitRatio": 0.7889586625,
    "researchAndDevelopmentExpenses": 255821000,
    "generalAndAdministrativeExpenses": 0,
    "sellingAndMarketingExpenses": 0,
    "sellingGeneralAndAdministrativeExpenses": 652193000,
    "otherExpenses": -56525000,
    "operatingExpenses": 851489000,
    "costAndExpenses": 1258451000,
    "interestIncome": 0,
    "interestExpense": 0,
    "depreciationAndAmortization": 98097000,
    "ebitda": 470499000,
    "ebitdaratio": 0.2946011793,
    "operatingIncome": 338620000,
    "operatingIncomeRatio": 0.2120256394,
    "totalOtherIncomeExpensesNet": 49344000,
    "incomeBeforeTax": 387964000,
    "incomeBeforeTaxRatio": 0.2429221995,
    "incomeTaxExpense": 127809000,
    "netIncome": 343034000,
    "netIncomeRatio": 0.2147894489,
    "eps": 0.84,
    "epsdiluted": 0.81,
    "weightedAverageShsOut": 408373810,
    "weightedAverageShsOutDil": 423498765,
    "link": "https://www.sec.gov/Archives/edgar/data/896878/000089161803004854/0000891618-03-004854-index.htm",
    "finalLink": "https://www.sec.gov/Archives/edgar/data/896878/000089161803004854/f90545e10vk.htm"
  },
  {
    "date": "2002-07-31",
    "symbol": "INTU",
    "reportedCurrency": "USD",
    "cik": "0000896878",
    "fillingDate": "2002-09-25",
    "acceptedDate": "2002-09-25 17:14:58",
    "calendarYear": "2002",
    "period": "FY",
    "revenue": 1312228000,
    "costOfRevenue": 296830000,
    "grossProfit": 1022855000,
    "grossProfitRatio": 0.7794796331,
    "researchAndDevelopmentExpenses": 203522000,
    "generalAndAdministrativeExpenses": 0,
    "sellingAndMarketingExpenses": 0,
    "sellingGeneralAndAdministrativeExpenses": 562347000,
    "otherExpenses": 12423000,
    "operatingExpenses": 778292000,
    "costAndExpenses": 1261728000,
    "interestIncome": 0,
    "interestExpense": 198287000,
    "depreciationAndAmortization": 77862000,
    "ebitda": 289908000,
    "ebitdaratio": 0.2209280704,
    "operatingIncome": 50500000,
    "operatingIncomeRatio": 0.0384841659,
    "totalOtherIncomeExpensesNet": 20049000,
    "incomeBeforeTax": 70549000,
    "incomeBeforeTaxRatio": 0.0537627607,
    "incomeTaxExpense": 16934000,
    "netIncome": 140160000,
    "netIncomeRatio": 0.1068107067,
    "eps": 0.33,
    "epsdiluted": 0.32,
    "weightedAverageShsOut": 424727273,
    "weightedAverageShsOutDil": 438000000,
    "link": "https://www.sec.gov/Archives/edgar/data/896878/000089161802004433/0000891618-02-004433-index.htm",
    "finalLink": "https://www.sec.gov/Archives/edgar/data/896878/000089161802004433/f84263ore10vk.htm"
  },
  {
    "date": "2001-07-31",
    "symbol": "INTU",
    "reportedCurrency": "USD",
    "cik": "0000896878",
    "fillingDate": "2001-10-05",
    "acceptedDate": "2001-10-05 00:00:00",
    "calendarYear": "2001",
    "period": "FY",
    "revenue": 1261461000,
    "costOfRevenue": 312040000,
    "grossProfit": 949421000,
    "grossProfitRatio": 0.7526360308,
    "researchAndDevelopmentExpenses": 207085000,
    "generalAndAdministrativeExpenses": 0,
    "sellingAndMarketingExpenses": 0,
    "sellingGeneralAndAdministrativeExpenses": 522487000,
    "otherExpenses": 263389000,
    "operatingExpenses": 992961000,
    "costAndExpenses": 1305001000,
    "interestIncome": 0,
    "interestExpense": 302236000,
    "depreciationAndAmortization": 325624000,
    "ebitda": 530524000,
    "ebitdaratio": 0.4205631407,
    "operatingIncome": -43540000,
    "operatingIncomeRatio": -0.034515534,
    "totalOtherIncomeExpensesNet": -53796000,
    "incomeBeforeTax": -97336000,
    "incomeBeforeTaxRatio": -0.0771613233,
    "incomeTaxExpense": -229000,
    "netIncome": -82793000,
    "netIncomeRatio": -0.0656326276,
    "eps": -0.2,
    "epsdiluted": -0.2,
    "weightedAverageShsOut": 413965000,
    "weightedAverageShsOutDil": 413965000,
    "link": "https://www.sec.gov/Archives/edgar/data/896878/000109581101505435/0001095811-01-505435-index.htm",
    "finalLink": "https://www.sec.gov/Archives/edgar/data/896878/000109581101505435/f74291e10-k405.htm"
  },
  {
    "date": "2000-07-31",
    "symbol": "INTU",
    "reportedCurrency": "USD",
    "cik": "0000896878",
    "fillingDate": "2000-10-13",
    "acceptedDate": "2000-10-13 00:00:00",
    "calendarYear": "2000",
    "period": "FY",
    "revenue": 1093825000,
    "costOfRevenue": 77979000,
    "grossProfit": 1015846000,
    "grossProfitRatio": 0.9287098028,
    "researchAndDevelopmentExpenses": 169083000,
    "generalAndAdministrativeExpenses": 0,
    "sellingAndMarketingExpenses": 0,
    "sellingGeneralAndAdministrativeExpenses": 487662000,
    "otherExpenses": 213204000,
    "operatingExpenses": 869949000,
    "costAndExpenses": 947928000,
    "interestIncome": 0,
    "interestExpense": 0,
    "depreciationAndAmortization": 213204000,
    "ebitda": 359101000,
    "ebitdaratio": 0.3282984024,
    "operatingIncome": 145897000,
    "operatingIncomeRatio": 0.1333823966,
    "totalOtherIncomeExpensesNet": 366948000,
    "incomeBeforeTax": 512845000,
    "incomeBeforeTaxRatio": 0.4688547071,
    "incomeTaxExpense": 207184000,
    "netIncome": 305661000,
    "netIncomeRatio": 0.279442324,
    "eps": 0.76,
    "epsdiluted": 0.73,
    "weightedAverageShsOut": 401540000,
    "weightedAverageShsOutDil": 422542000,
    "link": "https://www.sec.gov/Archives/edgar/data/896878/000089161800004850/0000891618-00-004850-index.htm",
    "finalLink": "https://www.sec.gov/Archives/edgar/data/896878/000089161800004850/f64477e10-k405.txt"
  },
  {
    "date": "1999-07-31",
    "symbol": "INTU",
    "reportedCurrency": "USD",
    "cik": "0000896878",
    "fillingDate": "1999-10-12",
    "acceptedDate": "1999-10-12 00:00:00",
    "calendarYear": "1999",
    "period": "FY",
    "revenue": 847600000,
    "costOfRevenue": 160800000,
    "grossProfit": 686800000,
    "grossProfitRatio": 0.8102878716,
    "researchAndDevelopmentExpenses": 143400000,
    "generalAndAdministrativeExpenses": 0,
    "sellingAndMarketingExpenses": 0,
    "sellingGeneralAndAdministrativeExpenses": 382200000,
    "otherExpenses": 141300000,
    "operatingExpenses": 666900000,
    "costAndExpenses": 827700000,
    "interestIncome": 0,
    "interestExpense": 0,
    "depreciationAndAmortization": 141300000,
    "ebitda": 161200000,
    "ebitdaratio": 0.1901840491,
    "operatingIncome": 19900000,
    "operatingIncomeRatio": 0.0234780557,
    "totalOtherIncomeExpensesNet": 597400000,
    "incomeBeforeTax": 617300000,
    "incomeBeforeTaxRatio": 0.728291647,
    "incomeTaxExpense": 240800000,
    "netIncome": 376500000,
    "netIncomeRatio": 0.4441953752,
    "eps": 1.01,
    "epsdiluted": 0.97,
    "weightedAverageShsOut": 381854000,
    "weightedAverageShsOutDil": 399632000,
    "link": "https://www.sec.gov/Archives/edgar/data/896878/000089161899004510/0000891618-99-004510-index.html",
    "finalLink": "https://www.sec.gov/Archives/edgar/data/896878/000089161899004510/"
  },
  {
    "date": "1998-07-31",
    "symbol": "INTU",
    "reportedCurrency": "USD",
    "cik": "0000896878",
    "fillingDate": "1998-10-06",
    "acceptedDate": "1998-10-06 00:00:00",
    "calendarYear": "1998",
    "period": "FY",
    "revenue": 592700000,
    "costOfRevenue": 94400000,
    "grossProfit": 498300000,
    "grossProfitRatio": 0.8407288679,
    "researchAndDevelopmentExpenses": 108600000,
    "generalAndAdministrativeExpenses": 0,
    "sellingAndMarketingExpenses": 0,
    "sellingGeneralAndAdministrativeExpenses": 319200000,
    "otherExpenses": 53200000,
    "operatingExpenses": 481000000,
    "costAndExpenses": 575400000,
    "interestIncome": 0,
    "interestExpense": 37200000,
    "depreciationAndAmortization": 53200000,
    "ebitda": 70500000,
    "ebitdaratio": 0.1189471908,
    "operatingIncome": 17300000,
    "operatingIncomeRatio": 0.0291884596,
    "totalOtherIncomeExpensesNet": -37200000,
    "incomeBeforeTax": -19900000,
    "incomeBeforeTaxRatio": -0.0335751645,
    "incomeTaxExpense": -7700000,
    "netIncome": -12200000,
    "netIncomeRatio": -0.0205837692,
    "eps": -0.0388,
    "epsdiluted": -0.0372,
    "weightedAverageShsOut": 314294000,
    "weightedAverageShsOutDil": 327782000,
    "link": "https://www.sec.gov/Archives/edgar/data/896878/000089161898004415/0000891618-98-004415-index.html",
    "finalLink": "https://www.sec.gov/Archives/edgar/data/896878/"
  },
  {
    "date": "1997-07-31",
    "symbol": "INTU",
    "reportedCurrency": "USD",
    "cik": "0000896878",
    "fillingDate": "1997-10-15",
    "acceptedDate": "1997-10-15 00:00:00",
    "calendarYear": "1997",
    "period": "FY",
    "revenue": 598900000,
    "costOfRevenue": 226400000,
    "grossProfit": 372500000,
    "grossProfitRatio": 0.6219736183,
    "researchAndDevelopmentExpenses": 93000000,
    "generalAndAdministrativeExpenses": 0,
    "sellingAndMarketingExpenses": 0,
    "sellingGeneralAndAdministrativeExpenses": 199500000,
    "otherExpenses": 58700000,
    "operatingExpenses": 351200000,
    "costAndExpenses": 588600000,
    "interestIncome": 0,
    "interestExpense": 11500000,
    "depreciationAndAmortization": 58700000,
    "ebitda": 69000000,
    "ebitdaratio": 0.1152112206,
    "operatingIncome": 10300000,
    "operatingIncomeRatio": 0.0171981967,
    "totalOtherIncomeExpensesNet": -500000,
    "incomeBeforeTax": 9800000,
    "incomeBeforeTaxRatio": 0.0163633328,
    "incomeTaxExpense": 12700000,
    "netIncome": 68300000,
    "netIncomeRatio": 0.1140424111,
    "eps": 0.25,
    "epsdiluted": 0.25,
    "weightedAverageShsOut": 278775510,
    "weightedAverageShsOutDil": 278775510,
    "link": "https://www.sec.gov/Archives/edgar/data/896878/000089161897004134/0000891618-97-004134-index.html",
    "finalLink": "https://www.sec.gov/Archives/edgar/data/896878/"
  },
  {
    "date": "1996-07-31",
    "symbol": "INTU",
    "reportedCurrency": "USD",
    "cik": "0000896878",
    "fillingDate": "1996-10-24",
    "acceptedDate": "1996-10-24 00:00:00",
    "calendarYear": "1996",
    "period": "FY",
    "revenue": 538600000,
    "costOfRevenue": 109300000,
    "grossProfit": 429300000,
    "grossProfitRatio": 0.7970664686,
    "researchAndDevelopmentExpenses": 0,
    "generalAndAdministrativeExpenses": 0,
    "sellingAndMarketingExpenses": 0,
    "sellingGeneralAndAdministrativeExpenses": 366800000,
    "otherExpenses": 68400000,
    "operatingExpenses": 435200000,
    "costAndExpenses": 544500000,
    "interestIncome": 0,
    "interestExpense": 0,
    "depreciationAndAmortization": 68400000,
    "ebitda": 62500000,
    "ebitdaratio": 0.1160415893,
    "operatingIncome": -5900000,
    "operatingIncomeRatio": -0.010954326,
    "totalOtherIncomeExpensesNet": 7700000,
    "incomeBeforeTax": 1800000,
    "incomeBeforeTaxRatio": 0.0033419978,
    "incomeTaxExpense": 16200000,
    "netIncome": -20700000,
    "netIncomeRatio": -0.0384329744,
    "eps": -0.0764,
    "epsdiluted": -0.0764,
    "weightedAverageShsOut": 270894000,
    "weightedAverageShsOutDil": 270894000,
    "link": "https://www.sec.gov/Archives/edgar/data/896878/000089161896002383/0000891618-96-002383-index.html",
    "finalLink": "https://www.sec.gov/Archives/edgar/data/896878/"
  },
  {
    "date": "1995-07-31",
    "symbol": "INTU",
    "reportedCurrency": "USD",
    "cik": "0000896878",
    "fillingDate": "1995-07-31",
    "acceptedDate": "1995-07-31 00:00:00",
    "calendarYear": "1995",
    "period": "FY",
    "revenue": 395700000,
    "costOfRevenue": 93100000,
    "grossProfit": 302600000,
    "grossProfitRatio": 0.764720748,
    "researchAndDevelopmentExpenses": 53400000,
    "generalAndAdministrativeExpenses": 0,
    "sellingAndMarketingExpenses": 0,
    "sellingGeneralAndAdministrativeExpenses": 198900000,
    "otherExpenses": 64000000,
    "operatingExpenses": 316300000,
    "costAndExpenses": 409400000,
    "interestIncome": 0,
    "interestExpense": 7500000,
    "depreciationAndAmortization": 64000000,
    "ebitda": 50300000,
    "ebitdaratio": 0.1271165024,
    "operatingIncome": -13700000,
    "operatingIncomeRatio": -0.0346221885,
    "totalOtherIncomeExpensesNet": -7500000,
    "incomeBeforeTax": -21200000,
    "incomeBeforeTaxRatio": -0.0535759414,
    "incomeTaxExpense": 24200000,
    "netIncome": -45400000,
    "netIncomeRatio": -0.1147333839,
    "eps": -0.19,
    "epsdiluted": -0.19,
    "weightedAverageShsOut": 245405405,
    "weightedAverageShsOutDil": 245405405,
    "link": null,
    "finalLink": null
  },
  {
    "date": "1994-07-31",
    "symbol": "INTU",
    "reportedCurrency": "USD",
    "cik": "0000896878",
    "fillingDate": "1994-07-31",
    "acceptedDate": "1994-07-31 00:00:00",
    "calendarYear": "1994",
    "period": "FY",
    "revenue": 194100000,
    "costOfRevenue": 51000000,
    "grossProfit": 143100000,
    "grossProfitRatio": 0.7372488408,
    "researchAndDevelopmentExpenses": 0,
    "generalAndAdministrativeExpenses": 0,
    "sellingAndMarketingExpenses": 0,
    "sellingGeneralAndAdministrativeExpenses": 281700000,
    "otherExpenses": 38500000,
    "operatingExpenses": 320200000,
    "costAndExpenses": 371200000,
    "interestIncome": 0,
    "interestExpense": 0,
    "depreciationAndAmortization": 38500000,
    "ebitda": -138600000,
    "ebitdaratio": -0.714064915,
    "operatingIncome": -177100000,
    "operatingIncomeRatio": -0.9124162803,
    "totalOtherIncomeExpensesNet": 2600000,
    "incomeBeforeTax": -174500000,
    "incomeBeforeTaxRatio": -0.8990211231,
    "incomeTaxExpense": 1800000,
    "netIncome": -176300000,
    "netIncomeRatio": -0.9082946935,
    "eps": -0.9,
    "epsdiluted": -0.9,
    "weightedAverageShsOut": 196983240,
    "weightedAverageShsOutDil": 196983240,
    "link": null,
    "finalLink": null
  },
  {
    "date": "1993-09-30",
    "symbol": "INTU",
    "reportedCurrency": "USD",
    "cik": "0000896878",
    "fillingDate": "1993-09-30",
    "acceptedDate": "1993-09-29 20:00:00",
    "calendarYear": "1993",
    "period": "FY",
    "revenue": 121400000,
    "costOfRevenue": 35600000,
    "grossProfit": 85800000,
    "grossProfitRatio": 0.7067545305,
    "researchAndDevelopmentExpenses": 0,
    "generalAndAdministrativeExpenses": 0,
    "sellingAndMarketingExpenses": 0,
    "sellingGeneralAndAdministrativeExpenses": 69000000,
    "otherExpenses": 3600000,
    "operatingExpenses": 72600000,
    "costAndExpenses": 108200000,
    "interestIncome": 0,
    "interestExpense": 0,
    "depreciationAndAmortization": 3600000,
    "ebitda": 16800000,
    "ebitdaratio": 0.1383855025,
    "operatingIncome": 13200000,
    "operatingIncomeRatio": 0.1087314662,
    "totalOtherIncomeExpensesNet": 500000,
    "incomeBeforeTax": 13700000,
    "incomeBeforeTaxRatio": 0.1128500824,
    "incomeTaxExpense": 5300000,
    "netIncome": 8400000,
    "netIncomeRatio": 0.0691927512,
    "eps": 0.06,
    "epsdiluted": 0.06,
    "weightedAverageShsOut": 140000000,
    "weightedAverageShsOutDil": 140000000,
    "link": null,
    "finalLink": null
  }
]