[
  {
    "date": "2025-07-31",
    "symbol": "INTU",
    "reportedCurrency": "USD",
    "cik": "0000896878",
    "fillingDate": "2025-09-03",
    "acceptedDate": "2025-09-03 16:16:09",
    "calendarYear": "2025",
    "period": "Q4",
    "revenue": 3831000000,
    "costOfRevenue": 834000000,
    "grossProfit": 2997000000,
    "grossProfitRatio": 0.7823022709,
    "researchAndDevelopmentExpenses": 801000000,
    "generalAndAdministrativeExpenses": 424000000,
    "sellingAndMarketingExpenses": 1251000000,
    "sellingGeneralAndAdministrativeExpenses": 1675000000,
    "otherExpenses": 182000000,
    "operatingExpenses": 2658000000,
    "costAndExpenses": 3492000000,
    "interestIncome": 60000000,
    "interestExpense": 59000000,
    "depreciationAndAmortization": 208000000,
    "ebitda": 633000000,
    "ebitdaratio": 0.1652310102,
    "operatingIncome": 339000000,
    "operatingIncomeRatio": 0.0884886453,
    "totalOtherIncomeExpensesNet": 27000000,
    "incomeBeforeTax": 366000000,
    "incomeBeforeTaxRatio": 0.0955364135,
    "incomeTaxExpense": -15000000,
    "netIncome": 381000000,
    "netIncomeRatio": 0.0994518403,
    "eps": 1.36,
    "epsdiluted": 1.35,
    "weightedAverageShsOut": 279000000,
    "weightedAverageShsOutDil": 282000000,
    "link": "https://www.sec.gov/Archives/edgar/data/896878/000089687825000035/0000896878-25-000035-index.htm",
    "finalLink": "https://www.sec.gov/Archives/edgar/data/896878/000089687825000035/intu-20250731.htm"
  },
  {
    "date": "2025-04-30",
    "symbol": "INTU",
    "reportedCurrency": "USD",
    "cik": "0000896878",
    "fillingDate": "2025-05-22",
    "acceptedDate": "2025-05-22 16:17:32",
    "calendarYear": "2025",
    "period": "Q3",
    "revenue": 7754000000,
    "costOfRevenue": 1138000000,
    "grossProfit": 6616000000,
    "grossProfitRatio": 0.8532370389,
    "researchAndDevelopmentExpenses": 707000000,
    "generalAndAdministrativeExpenses": 394000000,
    "sellingAndMarketingExpenses": 1618000000,
    "sellingGeneralAndAdministrativeExpenses": 2012000000,
    "otherExpenses": 177000000,
    "operatingExpenses": 2896000000,
    "costAndExpenses": 4034000000,
    "interestIncome": 39000000,
    "interestExpense": 68000000,
    "depreciationAndAmortization": 201000000,
    "ebitda": 3953000000,
    "ebitdaratio": 0.5098013928,
    "operatingIncome": 3720000000,
    "operatingIncomeRatio": 0.4797523859,
    "totalOtherIncomeExpensesNet": -36000000,
    "incomeBeforeTax": 3684000000,
    "incomeBeforeTaxRatio": 0.4751096208,
    "incomeTaxExpense": 864000000,
    "netIncome": 2820000000,
    "netIncomeRatio": 0.3636832603,
    "eps": 10.09,
    "epsdiluted": 10.02,
    "weightedAverageShsOut": 280000000,
    "weightedAverageShsOutDil": 282000000,
    "link": "https://www.sec.gov/Archives/edgar/data/896878/000089687825000022/0000896878-25-000022-index.htm",
    "finalLink": "https://www.sec.gov/Archives/edgar/data/896878/000089687825000022/intu-20250430.htm"
  },
  {
    "date": "2025-01-31",
    "symbol": "INTU",
    "reportedCurrency": "USD",
    "cik": "0000896878",
    "fillingDate": "2025-02-25",
    "acceptedDate": "2025-02-25 16:11:24",
    "calendarYear": "2025",
    "period": "Q2",
    "revenue": 3963000000,
    "costOfRevenue": 937000000,
    "grossProfit": 3026000000,
    "grossProfitRatio": 0.7635629574,
    "researchAndDevelopmentExpenses": 716000000,
    "generalAndAdministrativeExpenses": 389000000,
    "sellingAndMarketingExpenses": 1204000000,
    "sellingGeneralAndAdministrativeExpenses": 1593000000,
    "otherExpenses": 124000000,
    "operatingExpenses": 2433000000,
    "costAndExpenses": 3370000000,
    "interestIncome": 34000000,
    "interestExpense": 60000000,
    "depreciationAndAmortization": 199000000,
    "ebitda": 830000000,
    "ebitdaratio": 0.209437295,
    "operatingIncome": 593000000,
    "operatingIncomeRatio": 0.1496341156,
    "totalOtherIncomeExpensesNet": -22000000,
    "incomeBeforeTax": 571000000,
    "incomeBeforeTaxRatio": 0.1440827656,
    "incomeTaxExpense": 100000000,
    "netIncome": 471000000,
    "netIncomeRatio": 0.1188493565,
    "eps": 1.68,
    "epsdiluted": 1.67,
    "weightedAverageShsOut": 280000000,
    "weightedAverageShsOutDil": 283000000,
    "link": "https://www.sec.gov/Archives/edgar/data/896878/000089687825000015/0000896878-25-000015-index.htm",
    "finalLink": "https://www.sec.gov/Archives/edgar/data/896878/000089687825000015/intu-20250131.htm"
  },
  {
    "date": "2024-10-31",
    "symbol": "INTU",
    "reportedCurrency": "USD",
    "cik": "0000896878",
    "fillingDate": "2024-11-21",
    "acceptedDate": "2024-11-21 16:17:51",
    "calendarYear": "2025",
    "period": "Q1",
    "revenue": 3283000000,
    "costOfRevenue": 823000000,
    "grossProfit": 2460000000,
    "grossProfitRatio": 0.7493146512,
    "researchAndDevelopmentExpenses": 704000000,
    "generalAndAdministrativeExpenses": 394000000,
    "sellingAndMarketingExpenses": 962000000,
    "sellingGeneralAndAdministrativeExpenses": 1356000000,
    "otherExpenses": 129000000,
    "operatingExpenses": 2189000000,
    "costAndExpenses": 3012000000,
    "interestIncome": 42000000,
    "interestExpense": 60000000,
    "depreciationAndAmortization": 201000000,
    "ebitda": 474000000,
    "ebitdaratio": 0.1443801401,
    "operatingIncome": 271000000,
    "operatingIncomeRatio": 0.0825464514,
    "totalOtherIncomeExpensesNet": -58000000,
    "incomeBeforeTax": 213000000,
    "incomeBeforeTaxRatio": 0.0648796832,
    "incomeTaxExpense": 16000000,
    "netIncome": 197000000,
    "netIncomeRatio": 0.060006092,
    "eps": 0.7,
    "epsdiluted": 0.7,
    "weightedAverageShsOut": 280000000,
    "weightedAverageShsOutDil": 283000000,
    "link": "https://www.sec.gov/Archives/edgar/data/896878/000089687824000053/0000896878-24-000053-index.htm",
    "finalLink": "https://www.sec.gov/Archives/edgar/data/896878/000089687824000053/intu-20241031.htm"
  },
  {
    "date": "2024-07-31",
    "symbol": "INTU",
    "reportedCurrency": "USD",
    "cik": "0000896878",
    "fillingDate": "2024-09-04",
    "acceptedDate": "2024-09-04 18:26:27",
    "calendarYear": "2024",
    "period": "Q4",
    "revenue": 3184000000,
    "costOfRevenue": 783000000,
    "grossProfit": 2401000000,
    "grossProfitRatio": 0.7540829146,
    "researchAndDevelopmentExpenses": 725000000,
    "generalAndAdministrativeExpenses": 382000000,
    "sellingAndMarketingExpenses": 1104000000,
    "sellingGeneralAndAdministrativeExpenses": 1481000000,
    "otherExpenses": 346000000,
    "operatingExpenses": 2552000000,
    "costAndExpenses": 3335000000,
    "interestIncome": 59000000,
    "interestExpense": 61000000,
    "depreciationAndAmortization": 208000000,
    "ebitda": 128000000,
    "ebitdaratio": 0.040201005,
    "operatingIncome": -151000000,
    "operatingIncomeRatio": -0.0474246231,
    "totalOtherIncomeExpensesNet": 11000000,
    "incomeBeforeTax": -140000000,
    "incomeBeforeTaxRatio": -0.0439698492,
    "incomeTaxExpense": -120000000,
    "netIncome": -20000000,
    "netIncomeRatio": -0.006281407,
    "eps": -0.0714,
    "epsdiluted": -0.07,
    "weightedAverageShsOut": 280000000,
    "weightedAverageShsOutDil": 284000000,
    "link": "https://www.sec.gov/Archives/edgar/data/896878/000089687824000039/0000896878-24-000039-index.htm",
    "finalLink": "https://www.sec.gov/Archives/edgar/data/896878/000089687824000039/intu-20240731.htm"
  },
  {
    "date": "2024-04-30",
    "symbol": "INTU",
    "reportedCurrency": "USD",
    "cik": "0000896878",
    "fillingDate": "2024-05-23",
    "acceptedDate": "2024-05-23 16:14:03",
    "calendarYear": "2024",
    "period": "Q3",
    "revenue": 6737000000,
    "costOfRevenue": 1187000000,
    "grossProfit": 5550000000,
    "grossProfitRatio": 0.823808817,
    "researchAndDevelopmentExpenses": 671000000,
    "generalAndAdministrativeExpenses": 350000000,
    "sellingAndMarketingExpenses": 1419000000,
    "sellingGeneralAndAdministrativeExpenses": 1774000000,
    "otherExpenses": 0,
    "operatingExpenses": 2445000000,
    "costAndExpenses": 3632000000,
    "interestIncome": 34000000,
    "interestExpense": 72000000,
    "depreciationAndAmortization": 198000000,
    "ebitda": 3330000000,
    "ebitdaratio": 0.4942852902,
    "operatingIncome": 3105000000,
    "operatingIncomeRatio": 0.4608876354,
    "totalOtherIncomeExpensesNet": -33000000,
    "incomeBeforeTax": 3072000000,
    "incomeBeforeTaxRatio": 0.4559893128,
    "incomeTaxExpense": 683000000,
    "netIncome": 2389000000,
    "netIncomeRatio": 0.3546088764,
    "eps": 8.53,
    "epsdiluted": 8.41,
    "weightedAverageShsOut": 280000000,
    "weightedAverageShsOutDil": 284000000,
    "link": "https://www.sec.gov/Archives/edgar/data/896878/000089687824000026/0000896878-24-000026-index.htm",
    "finalLink": "https://www.sec.gov/Archives/edgar/data/896878/000089687824000026/intu-20240430.htm"
  },
  {
    "date": "2024-01-31",
    "symbol": "INTU",
    "reportedCurrency": "USD",
    "cik": "0000896878",
    "fillingDate": "2024-02-22",
    "acceptedDate": "2024-02-22 16:09:42",
    "calendarYear": "2024",
    "period": "Q2",
    "revenue": 3386000000,
    "costOfRevenue": 855000000,
    "grossProfit": 2531000000,
    "grossProfitRatio": 0.7474896633,
    "researchAndDevelopmentExpenses": 678000000,
    "generalAndAdministrativeExpenses": 344000000,
    "sellingAndMarketingExpenses": 1020000000,
    "sellingGeneralAndAdministrativeExpenses": 1364000000,
    "otherExpenses": 120000000,
    "operatingExpenses": 2162000000,
    "costAndExpenses": 3017000000,
    "interestIncome": 22000000,
    "interestExpense": 57000000,
    "depreciationAndAmortization": 192000000,
    "ebitda": 603000000,
    "ebitdaratio": 0.1780862374,
    "operatingIncome": 369000000,
    "operatingIncomeRatio": 0.1089781453,
    "totalOtherIncomeExpensesNet": -15000000,
    "incomeBeforeTax": 354000000,
    "incomeBeforeTaxRatio": 0.1045481394,
    "incomeTaxExpense": 1000000,
    "netIncome": 353000000,
    "netIncomeRatio": 0.1042528057,
    "eps": 1.26,
    "epsdiluted": 1.25,
    "weightedAverageShsOut": 280000000,
    "weightedAverageShsOutDil": 284000000,
    "link": "https://www.sec.gov/Archives/edgar/data/896878/000089687824000011/0000896878-24-000011-index.htm",
    "finalLink": "https://www.sec.gov/Archives/edgar/data/896878/000089687824000011/intu-20240131.htm"
  },
  {
    "date": "2023-10-31",
    "symbol": "INTU",
    "reportedCurrency": "USD",
    "cik": "0000896878",
    "fillingDate": "2023-11-28",
    "acceptedDate": "2023-11-28 16:17:02",
    "calendarYear": "2024",
    "period": "Q1",
    "revenue": 2978000000,
    "costOfRevenue": 760000000,
    "grossProfit": 2218000000,
    "grossProfitRatio": 0.7447951645,
    "researchAndDevelopmentExpenses": 680000000,
    "generalAndAdministrativeExpenses": 342000000,
    "sellingAndMarketingExpenses": 769000000,
    "sellingGeneralAndAdministrativeExpenses": 1111000000,
    "otherExpenses": 120000000,
    "operatingExpenses": 1911000000,
    "costAndExpenses": 2671000000,
    "interestIncome": 36000000,
    "interestExpense": 65000000,
    "depreciationAndAmortization": 191000000,
    "ebitda": 520000000,
    "ebitdaratio": 0.1746138348,
    "operatingIncome": 307000000,
    "operatingIncomeRatio": 0.1030893217,
    "totalOtherIncomeExpensesNet": -43000000,
    "incomeBeforeTax": 264000000,
    "incomeBeforeTaxRatio": 0.0886501007,
    "incomeTaxExpense": 23000000,
    "netIncome": 241000000,
    "netIncomeRatio": 0.0809267965,
    "eps": 0.86,
    "epsdiluted": 0.85,
    "weightedAverageShsOut": 280000000,
    "weightedAverageShsOutDil": 283000000,
    "link": "https://www.sec.gov/Archives/edgar/data/896878/000089687823000041/0000896878-23-000041-index.htm",
    "finalLink": "https://www.sec.gov/Archives/edgar/data/896878/000089687823000041/intu-20231031.htm"
  },
  {
    "date": "2023-07-31",
    "symbol": "INTU",
    "reportedCurrency": "USD",
    "cik": "0000896878",
    "fillingDate": "2023-09-01",
    "acceptedDate": "2023-09-01 16:08:03",
    "calendarYear": "2023",
    "period": "Q4",
    "revenue": 2712000000,
    "costOfRevenue": 713000000,
    "grossProfit": 1999000000,
    "grossProfitRatio": 0.7370943953,
    "researchAndDevelopmentExpenses": 680000000,
    "generalAndAdministrativeExpenses": 341000000,
    "sellingAndMarketingExpenses": 840000000,
    "sellingGeneralAndAdministrativeExpenses": 1181000000,
    "otherExpenses": 121000000,
    "operatingExpenses": 1982000000,
    "costAndExpenses": 2695000000,
    "interestIncome": 46000000,
    "interestExpense": 68000000,
    "depreciationAndAmortization": 195000000,
    "ebitda": 258000000,
    "ebitdaratio": 0.0951327434,
    "operatingIncome": 17000000,
    "operatingIncomeRatio": 0.0062684366,
    "totalOtherIncomeExpensesNet": -22000000,
    "incomeBeforeTax": -5000000,
    "incomeBeforeTaxRatio": -0.0018436578,
    "incomeTaxExpense": -94000000,
    "netIncome": 89000000,
    "netIncomeRatio": 0.0328171091,
    "eps": 0.32,
    "epsdiluted": 0.31,
    "weightedAverageShsOut": 280000000,
    "weightedAverageShsOutDil": 283000000,
    "link": "https://www.sec.gov/Archives/edgar/data/896878/000089687823000034/0000896878-23-000034-index.htm",
    "finalLink": "https://www.sec.gov/Archives/edgar/data/896878/000089687823000034/intu-20230731.htm"
  },
  {
    "date": "2023-04-30",
    "symbol": "INTU",
    "reportedCurrency": "USD",
    "cik": "0000896878",
    "fillingDate": "2023-05-23",
    "acceptedDate": "2023-05-23 16:03:14",
    "calendarYear": "2023",
    "period": "Q3",
    "revenue": 6018000000,
    "costOfRevenue": 981000000,
    "grossProfit": 5037000000,
    "grossProfitRatio": 0.8369890329,
    "researchAndDevelopmentExpenses": 604000000,
    "generalAndAdministrativeExpenses": 332000000,
    "sellingAndMarketingExpenses": 1203000000,
    "sellingGeneralAndAdministrativeExpenses": 1535000000,
    "otherExpenses": 120000000,
    "operatingExpenses": 2259000000,
    "costAndExpenses": 3240000000,
    "interestIncome": 28000000,
    "interestExpense": 66000000,
    "depreciationAndAmortization": 193000000,
    "ebitda": 2993000000,
    "ebitdaratio": 0.4973413094,
    "operatingIncome": 2778000000,
    "operatingIncomeRatio": 0.4616151545,
    "totalOtherIncomeExpensesNet": -44000000,
    "incomeBeforeTax": 2734000000,
    "incomeBeforeTaxRatio": 0.4543037554,
    "incomeTaxExpense": 647000000,
    "netIncome": 2087000000,
    "netIncomeRatio": 0.3467929545,
    "eps": 7.43,
    "epsdiluted": 7.37,
    "weightedAverageShsOut": 281000000,
    "weightedAverageShsOutDil": 283000000,
    "link": "https://www.sec.gov/Archives/edgar/data/896878/000089687823000020/0000896878-23-000020-index.htm",
    "finalLink": "https://www.sec.gov/Archives/edgar/data/896878/000089687823000020/intu-20230430.htm"
  },
  {
    "date": "2023-01-31",
    "symbol": "INTU",
    "reportedCurrency": "USD",
    "cik": "0000896878",
    "fillingDate": "2023-02-23",
    "acceptedDate": "2023-02-23 16:19:24",
    "calendarYear": "2023",
    "period": "Q2",
    "revenue": 3041000000,
    "costOfRevenue": 773000000,
    "grossProfit": 2268000000,
    "grossProfitRatio": 0.7458073002,
    "researchAndDevelopmentExpenses": 630000000,
    "generalAndAdministrativeExpenses": 323000000,
    "sellingAndMarketingExpenses": 924000000,
    "sellingGeneralAndAdministrativeExpenses": 1247000000,
    "otherExpenses": 121000000,
    "operatingExpenses": 1998000000,
    "costAndExpenses": 2771000000,
    "interestIncome": 15000000,
    "interestExpense": 65000000,
    "depreciationAndAmortization": 209000000,
    "ebitda": 502000000,
    "ebitdaratio": 0.1650772772,
    "operatingIncome": 270000000,
    "operatingIncomeRatio": 0.0887865834,
    "totalOtherIncomeExpensesNet": -42000000,
    "incomeBeforeTax": 228000000,
    "incomeBeforeTaxRatio": 0.0749753371,
    "incomeTaxExpense": 60000000,
    "netIncome": 168000000,
    "netIncomeRatio": 0.0552449852,
    "eps": 0.6,
    "epsdiluted": 0.6,
    "weightedAverageShsOut": 281000000,
    "weightedAverageShsOutDil": 282000000,
    "link": "https://www.sec.gov/Archives/edgar/data/896878/000089687823000010/0000896878-23-000010-index.htm",
    "finalLink": "https://www.sec.gov/Archives/edgar/data/896878/000089687823000010/intu-20230131.htm"
  },
  {
    "date": "2022-10-31",
    "symbol": "INTU",
    "reportedCurrency": "USD",
    "cik": "0000896878",
    "fillingDate": "2022-11-29",
    "acceptedDate": "2022-11-29 16:02:57",
    "calendarYear": "2023",
    "period": "Q1",
    "revenue": 2597000000,
    "costOfRevenue": 676000000,
    "grossProfit": 1921000000,
    "grossProfitRatio": 0.7396996534,
    "researchAndDevelopmentExpenses": 625000000,
    "generalAndAdministrativeExpenses": 304000000,
    "sellingAndMarketingExpenses": 795000000,
    "sellingGeneralAndAdministrativeExpenses": 1099000000,
    "otherExpenses": 121000000,
    "operatingExpenses": 1845000000,
    "costAndExpenses": 2521000000,
    "interestIncome": 15000000,
    "interestExpense": 49000000,
    "depreciationAndAmortization": 209000000,
    "ebitda": 290000000,
    "ebitdaratio": 0.1116673084,
    "operatingIncome": 76000000,
    "operatingIncomeRatio": 0.029264536,
    "totalOtherIncomeExpensesNet": -44000000,
    "incomeBeforeTax": 32000000,
    "incomeBeforeTaxRatio": 0.0123219099,
    "incomeTaxExpense": -8000000,
    "netIncome": 40000000,
    "netIncomeRatio": 0.0154023874,
    "eps": 0.14,
    "epsdiluted": 0.14,
    "weightedAverageShsOut": 281000000,
    "weightedAverageShsOutDil": 284000000,
    "link": "https://www.sec.gov/Archives/edgar/data/896878/000089687822000036/0000896878-22-000036-index.htm",
    "finalLink": "https://www.sec.gov/Archives/edgar/data/896878/000089687822000036/intu-20221031.htm"
  },
  {
    "date": "2022-07-31",
    "symbol": "INTU",
    "reportedCurrency": "USD",
    "cik": "0000896878",
    "fillingDate": "2022-09-02",
    "acceptedDate": "2022-09-02 17:09:05",
    "calendarYear": "2022",
    "period": "Q4",
    "revenue": 2414000000,
    "costOfRevenue": 600000000,
    "grossProfit": 1814000000,
    "grossProfitRatio": 0.7514498757,
    "researchAndDevelopmentExpenses": 627000000,
    "generalAndAdministrativeExpenses": 334000000,
    "sellingAndMarketingExpenses": 807000000,
    "sellingGeneralAndAdministrativeExpenses": 1141000000,
    "otherExpenses": 121000000,
    "operatingExpenses": 1889000000,
    "costAndExpenses": 2489000000,
    "interestIncome": 9000000,
    "interestExpense": 32000000,
    "depreciationAndAmortization": 208000000,
    "ebitda": 141000000,
    "ebitdaratio": 0.0584092792,
    "operatingIncome": -75000000,
    "operatingIncomeRatio": -0.0310687655,
    "totalOtherIncomeExpensesNet": -24000000,
    "incomeBeforeTax": -99000000,
    "incomeBeforeTaxRatio": -0.0410107705,
    "incomeTaxExpense": -43000000,
    "netIncome": -56000000,
    "netIncomeRatio": -0.0231980116,
    "eps": -0.2,
    "epsdiluted": -0.2,
    "weightedAverageShsOut": 278028775,
    "weightedAverageShsOutDil": 282000000,
    "link": "https://www.sec.gov/Archives/edgar/data/896878/000089687822000028/0000896878-22-000028-index.htm",
    "finalLink": "https://www.sec.gov/Archives/edgar/data/896878/000089687822000028/intu-20220731.htm"
  },
  {
    "date": "2022-04-30",
    "symbol": "INTU",
    "reportedCurrency": "USD",
    "cik": "0000896878",
    "fillingDate": "2022-05-24",
    "acceptedDate": "2022-05-24 16:04:31",
    "calendarYear": "2022",
    "period": "Q3",
    "revenue": 5632000000,
    "costOfRevenue": 824000000,
    "grossProfit": 4808000000,
    "grossProfitRatio": 0.8536931818,
    "researchAndDevelopmentExpenses": 600000000,
    "generalAndAdministrativeExpenses": 465000000,
    "sellingAndMarketingExpenses": 1227000000,
    "sellingGeneralAndAdministrativeExpenses": 1692000000,
    "otherExpenses": 121000000,
    "operatingExpenses": 2413000000,
    "costAndExpenses": 3237000000,
    "interestIncome": 10000000,
    "interestExpense": 22000000,
    "depreciationAndAmortization": 209000000,
    "ebitda": 2603000000,
    "ebitdaratio": 0.4621803977,
    "operatingIncome": 2395000000,
    "operatingIncomeRatio": 0.4252485795,
    "totalOtherIncomeExpensesNet": -22000000,
    "incomeBeforeTax": 2373000000,
    "incomeBeforeTaxRatio": 0.4213423295,
    "incomeTaxExpense": 579000000,
    "netIncome": 1794000000,
    "netIncomeRatio": 0.3185369318,
    "eps": 6.36,
    "epsdiluted": 6.27,
    "weightedAverageShsOut": 282000000,
    "weightedAverageShsOutDil": 286000000,
    "link": "https://www.sec.gov/Archives/edgar/data/896878/000089687822000021/0000896878-22-000021-index.htm",
    "finalLink": "https://www.sec.gov/Archives/edgar/data/896878/000089687822000021/intu-20220430.htm"
  },
  {
    "date": "2022-01-31",
    "symbol": "INTU",
    "reportedCurrency": "USD",
    "cik": "0000896878",
    "fillingDate": "2022-03-02",
    "acceptedDate": "2022-03-02 15:03:42",
    "calendarYear": "2022",
    "period": "Q2",
    "revenue": 2673000000,
    "costOfRevenue": 565000000,
    "grossProfit": 2108000000,
    "grossProfitRatio": 0.7886270108,
    "researchAndDevelopmentExpenses": 590000000,
    "generalAndAdministrativeExpenses": 399000000,
    "sellingAndMarketingExpenses": 942000000,
    "sellingGeneralAndAdministrativeExpenses": 1341000000,
    "otherExpenses": 121000000,
    "operatingExpenses": 2052000000,
    "costAndExpenses": 2617000000,
    "interestIncome": 0,
    "interestExpense": 21000000,
    "depreciationAndAmortization": 215000000,
    "ebitda": 266000000,
    "ebitdaratio": 0.0995136551,
    "operatingIncome": 56000000,
    "operatingIncomeRatio": 0.0209502432,
    "totalOtherIncomeExpensesNet": -26000000,
    "incomeBeforeTax": 30000000,
    "incomeBeforeTaxRatio": 0.0112233446,
    "incomeTaxExpense": -70000000,
    "netIncome": 100000000,
    "netIncomeRatio": 0.0374111485,
    "eps": 0.35,
    "epsdiluted": 0.35,
    "weightedAverageShsOut": 283000000,
    "weightedAverageShsOutDil": 287000000,
    "link": "https://www.sec.gov/Archives/edgar/data/896878/000089687822000010/0000896878-22-000010-index.htm",
    "finalLink": "https://www.sec.gov/Archives/edgar/data/896878/000089687822000010/intu-20220131.htm"
  },
  {
    "date": "2021-10-31",
    "symbol": "INTU",
    "reportedCurrency": "USD",
    "cik": "0000896878",
    "fillingDate": "2021-11-18",
    "acceptedDate": "2021-11-18 16:36:00",
    "calendarYear": "2022",
    "period": "Q1",
    "revenue": 2007000000,
    "costOfRevenue": 417000000,
    "grossProfit": 1590000000,
    "grossProfitRatio": 0.7922272048,
    "researchAndDevelopmentExpenses": 530000000,
    "generalAndAdministrativeExpenses": 262000000,
    "sellingAndMarketingExpenses": 550000000,
    "sellingGeneralAndAdministrativeExpenses": 812000000,
    "otherExpenses": 53000000,
    "operatingExpenses": 1395000000,
    "costAndExpenses": 1812000000,
    "interestIncome": 46000000,
    "interestExpense": 7000000,
    "depreciationAndAmortization": 114000000,
    "ebitda": 359000000,
    "ebitdaratio": 0.1788739412,
    "operatingIncome": 195000000,
    "operatingIncomeRatio": 0.0971599402,
    "totalOtherIncomeExpensesNet": 43000000,
    "incomeBeforeTax": 238000000,
    "incomeBeforeTaxRatio": 0.1185849527,
    "incomeTaxExpense": 10000000,
    "netIncome": 228000000,
    "netIncomeRatio": 0.1136023916,
    "eps": 0.84,
    "epsdiluted": 0.82,
    "weightedAverageShsOut": 273000000,
    "weightedAverageShsOutDil": 277000000,
    "link": "https://www.sec.gov/Archives/edgar/data/896878/000089687821000260/0000896878-21-000260-index.htm",
    "finalLink": "https://www.sec.gov/Archives/edgar/data/896878/000089687821000260/intu-20211031.htm"
  },
  {
    "date": "2021-07-31",
    "symbol": "INTU",
    "reportedCurrency": "USD",
    "cik": "0000896878",
    "fillingDate": "2021-09-08",
    "acceptedDate": "2021-09-08 16:09:57",
    "calendarYear": "2021",
    "period": "Q4",
    "revenue": 2561000000,
    "costOfRevenue": 465000000,
    "grossProfit": 2096000000,
    "grossProfitRatio": 0.8184303007,
    "researchAndDevelopmentExpenses": 521000000,
    "generalAndAdministrativeExpenses": 274000000,
    "sellingAndMarketingExpenses": 845000000,
    "sellingGeneralAndAdministrativeExpenses": 1119000000,
    "otherExpenses": 54000000,
    "operatingExpenses": 1694000000,
    "costAndExpenses": 2159000000,
    "interestIncome": 4000000,
    "interestExpense": 7000000,
    "depreciationAndAmortization": 113000000,
    "ebitda": 523000000,
    "ebitdaratio": 0.2042171027,
    "operatingIncome": 402000000,
    "operatingIncomeRatio": 0.1569699336,
    "totalOtherIncomeExpensesNet": 1000000,
    "incomeBeforeTax": 403000000,
    "incomeBeforeTaxRatio": 0.1573604061,
    "incomeTaxExpense": 23000000,
    "netIncome": 380000000,
    "netIncomeRatio": 0.1483795392,
    "eps": 1.39,
    "epsdiluted": 1.37,
    "weightedAverageShsOut": 273000000,
    "weightedAverageShsOutDil": 277000000,
    "link": "https://www.sec.gov/Archives/edgar/data/896878/000089687821000233/0000896878-21-000233-index.htm",
    "finalLink": "https://www.sec.gov/Archives/edgar/data/896878/000089687821000233/intu-20210731.htm"
  },
  {
    "date": "2021-04-30",
    "symbol": "INTU",
    "reportedCurrency": "USD",
    "cik": "0000896878",
    "fillingDate": "2021-05-25",
    "acceptedDate": "2021-05-25 16:06:47",
    "calendarYear": "2021",
    "period": "Q3",
    "revenue": 4173000000,
    "costOfRevenue": 595000000,
    "grossProfit": 3578000000,
    "grossProfitRatio": 0.8574167266,
    "researchAndDevelopmentExpenses": 464000000,
    "generalAndAdministrativeExpenses": 289000000,
    "sellingAndMarketingExpenses": 857000000,
    "sellingGeneralAndAdministrativeExpenses": 1146000000,
    "otherExpenses": 54000000,
    "operatingExpenses": 1664000000,
    "costAndExpenses": 2259000000,
    "interestIncome": 4000000,
    "interestExpense": 7000000,
    "depreciationAndAmortization": 113000000,
    "ebitda": 2041000000,
    "ebitdaratio": 0.4890965732,
    "operatingIncome": 1914000000,
    "operatingIncomeRatio": 0.4586628325,
    "totalOtherIncomeExpensesNet": 7000000,
    "incomeBeforeTax": 1921000000,
    "incomeBeforeTaxRatio": 0.4603402828,
    "incomeTaxExpense": 457000000,
    "netIncome": 1464000000,
    "netIncomeRatio": 0.3508267434,
    "eps": 5.36,
    "epsdiluted": 5.3,
    "weightedAverageShsOut": 273000000,
    "weightedAverageShsOutDil": 276000000,
    "link": "https://www.sec.gov/Archives/edgar/data/896878/000089687821000115/0000896878-21-000115-index.htm",
    "finalLink": "https://www.sec.gov/Archives/edgar/data/896878/000089687821000115/intu-20210430.htm"
  },
  {
    "date": "2021-01-31",
    "symbol": "INTU",
    "reportedCurrency": "USD",
    "cik": "0000896878",
    "fillingDate": "2021-02-23",
    "acceptedDate": "2021-02-23 16:09:29",
    "calendarYear": "2021",
    "period": "Q2",
    "revenue": 1576000000,
    "costOfRevenue": 367000000,
    "grossProfit": 1209000000,
    "grossProfitRatio": 0.7671319797,
    "researchAndDevelopmentExpenses": 368000000,
    "generalAndAdministrativeExpenses": 236000000,
    "sellingAndMarketingExpenses": 580000000,
    "sellingGeneralAndAdministrativeExpenses": 816000000,
    "otherExpenses": 50000000,
    "operatingExpenses": 1234000000,
    "costAndExpenses": 1601000000,
    "interestIncome": 40000000,
    "interestExpense": 7000000,
    "depreciationAndAmortization": 91000000,
    "ebitda": 120000000,
    "ebitdaratio": 0.076142132,
    "operatingIncome": -25000000,
    "operatingIncomeRatio": -0.0158629442,
    "totalOtherIncomeExpensesNet": 47000000,
    "incomeBeforeTax": 22000000,
    "incomeBeforeTaxRatio": 0.0139593909,
    "incomeTaxExpense": 2000000,
    "netIncome": 20000000,
    "netIncomeRatio": 0.0126903553,
    "eps": 0.0741,
    "epsdiluted": 0.0733,
    "weightedAverageShsOut": 270000000,
    "weightedAverageShsOutDil": 273000000,
    "link": "https://www.sec.gov/Archives/edgar/data/896878/000089687821000059/0000896878-21-000059-index.htm",
    "finalLink": "https://www.sec.gov/Archives/edgar/data/896878/000089687821000059/intu-20210131.htm"
  },
  {
    "date": "2020-10-31",
    "symbol": "INTU",
    "reportedCurrency": "USD",
    "cik": "0000896878",
    "fillingDate": "2020-11-19",
    "acceptedDate": "2020-11-19 16:07:05",
    "calendarYear": "2021",
    "period": "Q1",
    "revenue": 1323000000,
    "costOfRevenue": 256000000,
    "grossProfit": 1067000000,
    "grossProfitRatio": 0.8065003779,
    "researchAndDevelopmentExpenses": 325000000,
    "generalAndAdministrativeExpenses": 169000000,
    "sellingAndMarketingExpenses": 362000000,
    "sellingGeneralAndAdministrativeExpenses": 531000000,
    "otherExpenses": 2000000,
    "operatingExpenses": 858000000,
    "costAndExpenses": 1114000000,
    "interestIncome": 10000000,
    "interestExpense": 8000000,
    "depreciationAndAmortization": 46000000,
    "ebitda": 264000000,
    "ebitdaratio": 0.1995464853,
    "operatingIncome": 209000000,
    "operatingIncomeRatio": 0.1579743008,
    "totalOtherIncomeExpensesNet": 1000000,
    "incomeBeforeTax": 210000000,
    "incomeBeforeTaxRatio": 0.1587301587,
    "incomeTaxExpense": 12000000,
    "netIncome": 198000000,
    "netIncomeRatio": 0.1496598639,
    "eps": 0.75,
    "epsdiluted": 0.75,
    "weightedAverageShsOut": 263000000,
    "weightedAverageShsOutDil": 265000000,
    "link": "https://www.sec.gov/Archives/edgar/data/896878/000089687820000223/0000896878-20-000223-index.htm",
    "finalLink": "https://www.sec.gov/Archives/edgar/data/896878/000089687820000223/intu-20201031.htm"
  },
  {
    "date": "2020-07-31",
    "symbol": "INTU",
    "reportedCurrency": "USD",
    "cik": "0000896878",
    "fillingDate": "2020-08-31",
    "acceptedDate": "2020-08-31 16:31:44",
    "calendarYear": "2020",
    "period": "Q4",
    "revenue": 1816000000,
    "costOfRevenue": 322000000,
    "grossProfit": 1494000000,
    "grossProfitRatio": 0.8226872247,
    "researchAndDevelopmentExpenses": 393000000,
    "generalAndAdministrativeExpenses": 193000000,
    "sellingAndMarketingExpenses": 424000000,
    "sellingGeneralAndAdministrativeExpenses": 617000000,
    "otherExpenses": 1000000,
    "operatingExpenses": 1011000000,
    "costAndExpenses": 1333000000,
    "interestIncome": 6000000,
    "interestExpense": 12000000,
    "depreciationAndAmortization": 50000000,
    "ebitda": 548000000,
    "ebitdaratio": 0.3017621145,
    "operatingIncome": 483000000,
    "operatingIncomeRatio": 0.265969163,
    "totalOtherIncomeExpensesNet": 3000000,
    "incomeBeforeTax": 486000000,
    "incomeBeforeTaxRatio": 0.2676211454,
    "incomeTaxExpense": 41000000,
    "netIncome": 445000000,
    "netIncomeRatio": 0.2450440529,
    "eps": 1.7,
    "epsdiluted": 1.68,
    "weightedAverageShsOut": 262000000,
    "weightedAverageShsOutDil": 264000000,
    "link": "https://www.sec.gov/Archives/edgar/data/896878/000089687820000148/0000896878-20-000148-index.htm",
    "finalLink": "https://www.sec.gov/Archives/edgar/data/896878/000089687820000148/fy20q410-kdocument.htm"
  },
  {
    "date": "2020-04-30",
    "symbol": "INTU",
    "reportedCurrency": "USD",
    "cik": "0000896878",
    "fillingDate": "2020-05-21",
    "acceptedDate": "2020-05-21 16:22:09",
    "calendarYear": "2020",
    "period": "Q3",
    "revenue": 3002000000,
    "costOfRevenue": 426000000,
    "grossProfit": 2576000000,
    "grossProfitRatio": 0.8580946036,
    "researchAndDevelopmentExpenses": 332000000,
    "generalAndAdministrativeExpenses": 181000000,
    "sellingAndMarketingExpenses": 648000000,
    "sellingGeneralAndAdministrativeExpenses": 829000000,
    "otherExpenses": 2000000,
    "operatingExpenses": 1163000000,
    "costAndExpenses": 1589000000,
    "interestIncome": 10000000,
    "interestExpense": 2000000,
    "depreciationAndAmortization": 54000000,
    "ebitda": 1464000000,
    "ebitdaratio": 0.4876748834,
    "operatingIncome": 1413000000,
    "operatingIncomeRatio": 0.4706862092,
    "totalOtherIncomeExpensesNet": -5000000,
    "incomeBeforeTax": 1408000000,
    "incomeBeforeTaxRatio": 0.4690206529,
    "incomeTaxExpense": 324000000,
    "netIncome": 1084000000,
    "netIncomeRatio": 0.3610926049,
    "eps": 4.15,
    "epsdiluted": 4.11,
    "weightedAverageShsOut": 261000000,
    "weightedAverageShsOutDil": 264000000,
    "link": "https://www.sec.gov/Archives/edgar/data/896878/000089687820000065/0000896878-20-000065-index.htm",
    "finalLink": "https://www.sec.gov/Archives/edgar/data/896878/000089687820000065/a10-qdocumentxfy20q3.htm"
  },
  {
    "date": "2020-01-31",
    "symbol": "INTU",
    "reportedCurrency": "USD",
    "cik": "0000896878",
    "fillingDate": "2020-02-24",
    "acceptedDate": "2020-02-24 16:43:37",
    "calendarYear": "2020",
    "period": "Q2",
    "revenue": 1696000000,
    "costOfRevenue": 340000000,
    "grossProfit": 1356000000,
    "grossProfitRatio": 0.7995283019,
    "researchAndDevelopmentExpenses": 333000000,
    "generalAndAdministrativeExpenses": 159000000,
    "sellingAndMarketingExpenses": 593000000,
    "sellingGeneralAndAdministrativeExpenses": 752000000,
    "otherExpenses": 1000000,
    "operatingExpenses": 1086000000,
    "costAndExpenses": 1426000000,
    "interestIncome": 11000000,
    "interestExpense": 3000000,
    "depreciationAndAmortization": 57000000,
    "ebitda": 342000000,
    "ebitdaratio": 0.2016509434,
    "operatingIncome": 270000000,
    "operatingIncomeRatio": 0.1591981132,
    "totalOtherIncomeExpensesNet": 12000000,
    "incomeBeforeTax": 282000000,
    "incomeBeforeTaxRatio": 0.1662735849,
    "incomeTaxExpense": 42000000,
    "netIncome": 240000000,
    "netIncomeRatio": 0.141509434,
    "eps": 0.92,
    "epsdiluted": 0.91,
    "weightedAverageShsOut": 261000000,
    "weightedAverageShsOutDil": 264000000,
    "link": "https://www.sec.gov/Archives/edgar/data/896878/000089687820000027/0000896878-20-000027-index.htm",
    "finalLink": "https://www.sec.gov/Archives/edgar/data/896878/000089687820000027/a10-qdocumentxfy20q2.htm"
  },
  {
    "date": "2019-10-31",
    "symbol": "INTU",
    "reportedCurrency": "USD",
    "cik": "0000896878",
    "fillingDate": "2019-11-21",
    "acceptedDate": "2019-11-21 16:50:58",
    "calendarYear": "2020",
    "period": "Q1",
    "revenue": 1165000000,
    "costOfRevenue": 290000000,
    "grossProfit": 875000000,
    "grossProfitRatio": 0.7510729614,
    "researchAndDevelopmentExpenses": 334000000,
    "generalAndAdministrativeExpenses": 146000000,
    "sellingAndMarketingExpenses": 383000000,
    "sellingGeneralAndAdministrativeExpenses": 529000000,
    "otherExpenses": 2000000,
    "operatingExpenses": 865000000,
    "costAndExpenses": 1155000000,
    "interestIncome": 12000000,
    "interestExpense": 2000000,
    "depreciationAndAmortization": 57000000,
    "ebitda": 81000000,
    "ebitdaratio": 0.069527897,
    "operatingIncome": 10000000,
    "operatingIncomeRatio": 0.008583691,
    "totalOtherIncomeExpensesNet": 12000000,
    "incomeBeforeTax": 22000000,
    "incomeBeforeTaxRatio": 0.0188841202,
    "incomeTaxExpense": -35000000,
    "netIncome": 57000000,
    "netIncomeRatio": 0.0489270386,
    "eps": 0.22,
    "epsdiluted": 0.22,
    "weightedAverageShsOut": 261000000,
    "weightedAverageShsOutDil": 264000000,
    "link": "https://www.sec.gov/Archives/edgar/data/896878/000089687819000174/0000896878-19-000174-index.htm",
    "finalLink": "https://www.sec.gov/Archives/edgar/data/896878/000089687819000174/a10-qdocumentxfy20q1.htm"
  },
  {
    "date": "2019-07-31",
    "symbol": "INTU",
    "reportedCurrency": "USD",
    "cik": "0000896878",
    "fillingDate": "2019-08-30",
    "acceptedDate": "2019-08-30 16:30:04",
    "calendarYear": "2019",
    "period": "Q4",
    "revenue": 994000000,
    "costOfRevenue": 281000000,
    "grossProfit": 713000000,
    "grossProfitRatio": 0.7173038229,
    "researchAndDevelopmentExpenses": 333000000,
    "generalAndAdministrativeExpenses": 150000000,
    "sellingAndMarketingExpenses": 381000000,
    "sellingGeneralAndAdministrativeExpenses": 531000000,
    "otherExpenses": 2000000,
    "operatingExpenses": 866000000,
    "costAndExpenses": 1147000000,
    "interestIncome": 19000000,
    "interestExpense": 4000000,
    "depreciationAndAmortization": 59000000,
    "ebitda": -75000000,
    "ebitdaratio": -0.0754527163,
    "operatingIncome": -153000000,
    "operatingIncomeRatio": -0.1539235412,
    "totalOtherIncomeExpensesNet": 16000000,
    "incomeBeforeTax": -137000000,
    "incomeBeforeTaxRatio": -0.1378269618,
    "incomeTaxExpense": -93000000,
    "netIncome": -44000000,
    "netIncomeRatio": -0.0442655936,
    "eps": -0.17,
    "epsdiluted": -0.17,
    "weightedAverageShsOut": 254902528,
    "weightedAverageShsOutDil": 260000000,
    "link": "https://www.sec.gov/Archives/edgar/data/896878/000089687819000132/0000896878-19-000132-index.htm",
    "finalLink": "https://www.sec.gov/Archives/edgar/data/896878/000089687819000132/fy19q410-kdocument.htm"
  },
  {
    "date": "2019-04-30",
    "symbol": "INTU",
    "reportedCurrency": "USD",
    "cik": "0000896878",
    "fillingDate": "2019-05-23",
    "acceptedDate": "2019-05-23 16:08:01",
    "calendarYear": "2019",
    "period": "Q3",
    "revenue": 3272000000,
    "costOfRevenue": 354000000,
    "grossProfit": 2918000000,
    "grossProfitRatio": 0.891809291,
    "researchAndDevelopmentExpenses": 311000000,
    "generalAndAdministrativeExpenses": 170000000,
    "sellingAndMarketingExpenses": 652000000,
    "sellingGeneralAndAdministrativeExpenses": 822000000,
    "otherExpenses": 1000000,
    "operatingExpenses": 1134000000,
    "costAndExpenses": 1488000000,
    "interestIncome": 14000000,
    "interestExpense": 4000000,
    "depreciationAndAmortization": 54000000,
    "ebitda": 1855000000,
    "ebitdaratio": 0.5669315403,
    "operatingIncome": 1784000000,
    "operatingIncomeRatio": 0.5452322738,
    "totalOtherIncomeExpensesNet": 13000000,
    "incomeBeforeTax": 1797000000,
    "incomeBeforeTaxRatio": 0.549205379,
    "incomeTaxExpense": 419000000,
    "netIncome": 1378000000,
    "netIncomeRatio": 0.4211491443,
    "eps": 5.3,
    "epsdiluted": 5.22,
    "weightedAverageShsOut": 260000000,
    "weightedAverageShsOutDil": 264000000,
    "link": "https://www.sec.gov/Archives/edgar/data/896878/000089687819000077/0000896878-19-000077-index.htm",
    "finalLink": "https://www.sec.gov/Archives/edgar/data/896878/000089687819000077/a10-qdocumentxfy19q3.htm"
  },
  {
    "date": "2019-01-31",
    "symbol": "INTU",
    "reportedCurrency": "USD",
    "cik": "0000896878",
    "fillingDate": "2019-02-22",
    "acceptedDate": "2019-02-22 13:47:45",
    "calendarYear": "2019",
    "period": "Q2",
    "revenue": 1502000000,
    "costOfRevenue": 285000000,
    "grossProfit": 1217000000,
    "grossProfitRatio": 0.810252996,
    "researchAndDevelopmentExpenses": 295000000,
    "generalAndAdministrativeExpenses": 140000000,
    "sellingAndMarketingExpenses": 548000000,
    "sellingGeneralAndAdministrativeExpenses": 688000000,
    "otherExpenses": 1000000,
    "operatingExpenses": 984000000,
    "costAndExpenses": 1269000000,
    "interestIncome": 6000000,
    "interestExpense": 4000000,
    "depreciationAndAmortization": 55000000,
    "ebitda": 294000000,
    "ebitdaratio": 0.1957390146,
    "operatingIncome": 233000000,
    "operatingIncomeRatio": 0.155126498,
    "totalOtherIncomeExpensesNet": 2000000,
    "incomeBeforeTax": 235000000,
    "incomeBeforeTaxRatio": 0.1564580559,
    "incomeTaxExpense": 46000000,
    "netIncome": 189000000,
    "netIncomeRatio": 0.1258322237,
    "eps": 0.73,
    "epsdiluted": 0.72,
    "weightedAverageShsOut": 260000000,
    "weightedAverageShsOutDil": 264000000,
    "link": "https://www.sec.gov/Archives/edgar/data/896878/000089687819000042/0000896878-19-000042-index.htm",
    "finalLink": "https://www.sec.gov/Archives/edgar/data/896878/000089687819000042/a10-qdocumentxfy19q2.htm"
  },
  {
    "date": "2018-10-31",
    "symbol": "INTU",
    "reportedCurrency": "USD",
    "cik": "0000896878",
    "fillingDate": "2018-11-20",
    "acceptedDate": "2018-11-20 15:15:13",
    "calendarYear": "2019",
    "period": "Q1",
    "revenue": 1016000000,
    "costOfRevenue": 247000000,
    "grossProfit": 769000000,
    "grossProfitRatio": 0.7568897638,
    "researchAndDevelopmentExpenses": 294000000,
    "generalAndAdministrativeExpenses": 137000000,
    "sellingAndMarketingExpenses": 346000000,
    "sellingGeneralAndAdministrativeExpenses": 483000000,
    "otherExpenses": 2000000,
    "operatingExpenses": 779000000,
    "costAndExpenses": 1026000000,
    "interestIncome": 7000000,
    "interestExpense": 4000000,
    "depreciationAndAmortization": 57000000,
    "ebitda": 47000000,
    "ebitdaratio": 0.0462598425,
    "operatingIncome": -10000000,
    "operatingIncomeRatio": -0.0098425197,
    "totalOtherIncomeExpensesNet": -4000000,
    "incomeBeforeTax": -14000000,
    "incomeBeforeTaxRatio": -0.0137795276,
    "incomeTaxExpense": -48000000,
    "netIncome": 34000000,
    "netIncomeRatio": 0.0334645669,
    "eps": 0.13,
    "epsdiluted": 0.13,
    "weightedAverageShsOut": 260000000,
    "weightedAverageShsOutDil": 264000000,
    "link": "https://www.sec.gov/Archives/edgar/data/896878/000089687818000212/0000896878-18-000212-index.htm",
    "finalLink": "https://www.sec.gov/Archives/edgar/data/896878/000089687818000212/a10-qdocumentxfy19q1.htm"
  },
  {
    "date": "2018-07-31",
    "symbol": "INTU",
    "reportedCurrency": "USD",
    "cik": "0000896878",
    "fillingDate": "2018-08-31",
    "acceptedDate": "2018-08-31 17:05:17",
    "calendarYear": "2018",
    "period": "Q4",
    "revenue": 988000000,
    "costOfRevenue": 231000000,
    "grossProfit": 757000000,
    "grossProfitRatio": 0.766194332,
    "researchAndDevelopmentExpenses": 311000000,
    "generalAndAdministrativeExpenses": 217000000,
    "sellingAndMarketingExpenses": 308000000,
    "sellingGeneralAndAdministrativeExpenses": 525000000,
    "otherExpenses": 2000000,
    "operatingExpenses": 838000000,
    "costAndExpenses": 1069000000,
    "interestIncome": 8000000,
    "interestExpense": 4000000,
    "depreciationAndAmortization": 2000000,
    "ebitda": -68000000,
    "ebitdaratio": -0.0688259109,
    "operatingIncome": -81000000,
    "operatingIncomeRatio": -0.0819838057,
    "totalOtherIncomeExpensesNet": 7000000,
    "incomeBeforeTax": -74000000,
    "incomeBeforeTaxRatio": -0.0748987854,
    "incomeTaxExpense": -123000000,
    "netIncome": 49000000,
    "netIncomeRatio": 0.0495951417,
    "eps": 0.19,
    "epsdiluted": 0.18,
    "weightedAverageShsOut": 258000000,
    "weightedAverageShsOutDil": 263000000,
    "link": "https://www.sec.gov/Archives/edgar/data/896878/000089687818000171/0000896878-18-000171-index.htm",
    "finalLink": "https://www.sec.gov/Archives/edgar/data/896878/000089687818000171/fy18q410-kdocument.htm"
  },
  {
    "date": "2018-04-30",
    "symbol": "INTU",
    "reportedCurrency": "USD",
    "cik": "0000896878",
    "fillingDate": "2018-05-22",
    "acceptedDate": "2018-05-22 16:16:15",
    "calendarYear": "2018",
    "period": "Q3",
    "revenue": 2925000000,
    "costOfRevenue": 304000000,
    "grossProfit": 2621000000,
    "grossProfitRatio": 0.8960683761,
    "researchAndDevelopmentExpenses": 296000000,
    "generalAndAdministrativeExpenses": 159000000,
    "sellingAndMarketingExpenses": 549000000,
    "sellingGeneralAndAdministrativeExpenses": 708000000,
    "otherExpenses": 2000000,
    "operatingExpenses": 1006000000,
    "costAndExpenses": 1310000000,
    "interestIncome": 10000000,
    "interestExpense": 5000000,
    "depreciationAndAmortization": 64000000,
    "ebitda": 1672000000,
    "ebitdaratio": 0.5716239316,
    "operatingIncome": 1601000000,
    "operatingIncomeRatio": 0.5473504274,
    "totalOtherIncomeExpensesNet": 2000000,
    "incomeBeforeTax": 1603000000,
    "incomeBeforeTaxRatio": 0.548034188,
    "incomeTaxExpense": 417000000,
    "netIncome": 1200000000,
    "netIncomeRatio": 0.4102564103,
    "eps": 4.62,
    "epsdiluted": 4.53,
    "weightedAverageShsOut": 257000000,
    "weightedAverageShsOutDil": 262000000,
    "link": "https://www.sec.gov/Archives/edgar/data/896878/000089687818000075/0000896878-18-000075-index.htm",
    "finalLink": "https://www.sec.gov/Archives/edgar/data/896878/000089687818000075/a10-qdocumentxfy18q3.htm"
  },
  {
    "date": "2018-01-31",
    "symbol": "INTU",
    "reportedCurrency": "USD",
    "cik": "0000896878",
    "fillingDate": "2018-02-22",
    "acceptedDate": "2018-02-22 16:18:32",
    "calendarYear": "2018",
    "period": "Q2",
    "revenue": 1165000000,
    "costOfRevenue": 246000000,
    "grossProfit": 919000000,
    "grossProfitRatio": 0.7888412017,
    "researchAndDevelopmentExpenses": 286000000,
    "generalAndAdministrativeExpenses": 143000000,
    "sellingAndMarketingExpenses": 469000000,
    "sellingGeneralAndAdministrativeExpenses": 612000000,
    "otherExpenses": 1000000,
    "operatingExpenses": 899000000,
    "costAndExpenses": 1145000000,
    "interestIncome": 2000000,
    "interestExpense": 6000000,
    "depreciationAndAmortization": 62000000,
    "ebitda": 261000000,
    "ebitdaratio": 0.2240343348,
    "operatingIncome": 194000000,
    "operatingIncomeRatio": 0.1665236052,
    "totalOtherIncomeExpensesNet": -1000000,
    "incomeBeforeTax": 19000000,
    "incomeBeforeTaxRatio": 0.0163090129,
    "incomeTaxExpense": 40000000,
    "netIncome": -21000000,
    "netIncomeRatio": -0.0180257511,
    "eps": 0.71,
    "epsdiluted": 0.7,
    "weightedAverageShsOut": 256000000,
    "weightedAverageShsOutDil": 260000000,
    "link": "https://www.sec.gov/Archives/edgar/data/896878/000089687818000036/0000896878-18-000036-index.htm",
    "finalLink": "https://www.sec.gov/Archives/edgar/data/896878/000089687818000036/fy18q210-qdocument.htm"
  },
  {
    "date": "2017-10-31",
    "symbol": "INTU",
    "reportedCurrency": "USD",
    "cik": "0000896878",
    "fillingDate": "2017-11-20",
    "acceptedDate": "2017-11-20 16:11:50",
    "calendarYear": "2018",
    "period": "Q1",
    "revenue": 886000000,
    "costOfRevenue": 196000000,
    "grossProfit": 690000000,
    "grossProfitRatio": 0.7787810384,
    "researchAndDevelopmentExpenses": 293000000,
    "generalAndAdministrativeExpenses": 145000000,
    "sellingAndMarketingExpenses": 308000000,
    "sellingGeneralAndAdministrativeExpenses": 453000000,
    "otherExpenses": 1000000,
    "operatingExpenses": 747000000,
    "costAndExpenses": 943000000,
    "interestIncome": 2000000,
    "interestExpense": 5000000,
    "depreciationAndAmortization": 65000000,
    "ebitda": 33000000,
    "ebitdaratio": 0.0372460497,
    "operatingIncome": -57000000,
    "operatingIncomeRatio": -0.0643340858,
    "totalOtherIncomeExpensesNet": -2000000,
    "incomeBeforeTax": -59000000,
    "incomeBeforeTaxRatio": -0.0665914221,
    "incomeTaxExpense": -42000000,
    "netIncome": -17000000,
    "netIncomeRatio": -0.0191873589,
    "eps": -0.0078,
    "epsdiluted": -0.01,
    "weightedAverageShsOut": 256000000,
    "weightedAverageShsOutDil": 256000000,
    "link": "https://www.sec.gov/Archives/edgar/data/896878/000089687817000170/0000896878-17-000170-index.htm",
    "finalLink": "https://www.sec.gov/Archives/edgar/data/896878/000089687817000170/fy18q110-qdocument.htm"
  },
  {
    "date": "2017-07-31",
    "symbol": "INTU",
    "reportedCurrency": "USD",
    "cik": "0000896878",
    "fillingDate": "2017-09-01",
    "acceptedDate": "2017-09-01 16:13:14",
    "calendarYear": "2017",
    "period": "Q4",
    "revenue": 842000000,
    "costOfRevenue": 183000000,
    "grossProfit": 659000000,
    "grossProfitRatio": 0.7826603325,
    "researchAndDevelopmentExpenses": 263000000,
    "generalAndAdministrativeExpenses": 141000000,
    "sellingAndMarketingExpenses": 265000000,
    "sellingGeneralAndAdministrativeExpenses": 406000000,
    "otherExpenses": 0,
    "operatingExpenses": 669000000,
    "costAndExpenses": 852000000,
    "interestIncome": 2000000,
    "interestExpense": 3000000,
    "depreciationAndAmortization": 62000000,
    "ebitda": 55000000,
    "ebitdaratio": 0.0653206651,
    "operatingIncome": -10000000,
    "operatingIncomeRatio": -0.0118764846,
    "totalOtherIncomeExpensesNet": 0,
    "incomeBeforeTax": -10000000,
    "incomeBeforeTaxRatio": -0.0118764846,
    "incomeTaxExpense": -34000000,
    "netIncome": 24000000,
    "netIncomeRatio": 0.0285035629,
    "eps": 0.0934,
    "epsdiluted": 0.09,
    "weightedAverageShsOut": 257000000,
    "weightedAverageShsOutDil": 261000000,
    "link": "https://www.sec.gov/Archives/edgar/data/896878/000089687817000130/0000896878-17-000130-index.htm",
    "finalLink": "https://www.sec.gov/Archives/edgar/data/896878/000089687817000130/fy17q410-kdocument.htm"
  },
  {
    "date": "2017-04-30",
    "symbol": "INTU",
    "reportedCurrency": "USD",
    "cik": "0000896878",
    "fillingDate": "2017-05-23",
    "acceptedDate": "2017-05-23 16:07:30",
    "calendarYear": "2017",
    "period": "Q3",
    "revenue": 2541000000,
    "costOfRevenue": 237000000,
    "grossProfit": 2304000000,
    "grossProfitRatio": 0.906729634,
    "researchAndDevelopmentExpenses": 246000000,
    "generalAndAdministrativeExpenses": 146000000,
    "sellingAndMarketingExpenses": 467000000,
    "sellingGeneralAndAdministrativeExpenses": 613000000,
    "otherExpenses": 1000000,
    "operatingExpenses": 860000000,
    "costAndExpenses": 1097000000,
    "interestIncome": 2000000,
    "interestExpense": 8000000,
    "depreciationAndAmortization": 62000000,
    "ebitda": 1509000000,
    "ebitdaratio": 0.5938606848,
    "operatingIncome": 1444000000,
    "operatingIncomeRatio": 0.5682802046,
    "totalOtherIncomeExpensesNet": -5000000,
    "incomeBeforeTax": 1439000000,
    "incomeBeforeTaxRatio": 0.5663124754,
    "incomeTaxExpense": 475000000,
    "netIncome": 964000000,
    "netIncomeRatio": 0.3793781976,
    "eps": 3.76,
    "epsdiluted": 3.7,
    "weightedAverageShsOut": 256000000,
    "weightedAverageShsOutDil": 260000000,
    "link": "https://www.sec.gov/Archives/edgar/data/896878/000089687817000048/0000896878-17-000048-index.htm",
    "finalLink": "https://www.sec.gov/Archives/edgar/data/896878/000089687817000048/fy17q310qdocument.htm"
  },
  {
    "date": "2017-01-31",
    "symbol": "INTU",
    "reportedCurrency": "USD",
    "cik": "0000896878",
    "fillingDate": "2017-02-23",
    "acceptedDate": "2017-02-23 16:22:43",
    "calendarYear": "2017",
    "period": "Q2",
    "revenue": 1016000000,
    "costOfRevenue": 206000000,
    "grossProfit": 810000000,
    "grossProfitRatio": 0.7972440945,
    "researchAndDevelopmentExpenses": 243000000,
    "generalAndAdministrativeExpenses": 140000000,
    "sellingAndMarketingExpenses": 405000000,
    "sellingGeneralAndAdministrativeExpenses": 545000000,
    "otherExpenses": 0,
    "operatingExpenses": 788000000,
    "costAndExpenses": 994000000,
    "interestIncome": 1000000,
    "interestExpense": 11000000,
    "depreciationAndAmortization": 57000000,
    "ebitda": 79000000,
    "ebitdaratio": 0.0777559055,
    "operatingIncome": 22000000,
    "operatingIncomeRatio": 0.0216535433,
    "totalOtherIncomeExpensesNet": -12000000,
    "incomeBeforeTax": 10000000,
    "incomeBeforeTaxRatio": 0.0098425197,
    "incomeTaxExpense": -3000000,
    "netIncome": 13000000,
    "netIncomeRatio": 0.0127952756,
    "eps": 0.0506,
    "epsdiluted": 0.05,
    "weightedAverageShsOut": 257000000,
    "weightedAverageShsOutDil": 260000000,
    "link": "https://www.sec.gov/Archives/edgar/data/896878/000089687817000030/0000896878-17-000030-index.htm",
    "finalLink": "https://www.sec.gov/Archives/edgar/data/896878/000089687817000030/fy17q210qdocument.htm"
  },
  {
    "date": "2016-10-31",
    "symbol": "INTU",
    "reportedCurrency": "USD",
    "cik": "0000896878",
    "fillingDate": "2016-11-18",
    "acceptedDate": "2016-11-18 14:38:16",
    "calendarYear": "2017",
    "period": "Q1",
    "revenue": 778000000,
    "costOfRevenue": 183000000,
    "grossProfit": 595000000,
    "grossProfitRatio": 0.764781491,
    "researchAndDevelopmentExpenses": 246000000,
    "generalAndAdministrativeExpenses": 126000000,
    "sellingAndMarketingExpenses": 283000000,
    "sellingGeneralAndAdministrativeExpenses": 409000000,
    "otherExpenses": 1000000,
    "operatingExpenses": 656000000,
    "costAndExpenses": 839000000,
    "interestIncome": 1000000,
    "interestExpense": 11000000,
    "depreciationAndAmortization": 55000000,
    "ebitda": -8000000,
    "ebitdaratio": -0.0102827763,
    "operatingIncome": -61000000,
    "operatingIncomeRatio": -0.0784061697,
    "totalOtherIncomeExpensesNet": -11000000,
    "incomeBeforeTax": -72000000,
    "incomeBeforeTaxRatio": -0.0925449871,
    "incomeTaxExpense": -42000000,
    "netIncome": -30000000,
    "netIncomeRatio": -0.0385604113,
    "eps": -0.12,
    "epsdiluted": -0.12,
    "weightedAverageShsOut": 250000000,
    "weightedAverageShsOutDil": 258000000,
    "link": "https://www.sec.gov/Archives/edgar/data/896878/000089687816000316/0000896878-16-000316-index.htm",
    "finalLink": "https://www.sec.gov/Archives/edgar/data/896878/000089687816000316/fy17q110qdocument.htm"
  },
  {
    "date": "2016-07-31",
    "symbol": "INTU",
    "reportedCurrency": "USD",
    "cik": "0000896878",
    "fillingDate": "2016-09-01",
    "acceptedDate": "2016-09-01 16:23:59",
    "calendarYear": "2016",
    "period": "Q4",
    "revenue": 754000000,
    "costOfRevenue": 171000000,
    "grossProfit": 583000000,
    "grossProfitRatio": 0.7732095491,
    "researchAndDevelopmentExpenses": 235000000,
    "generalAndAdministrativeExpenses": 132000000,
    "sellingAndMarketingExpenses": 266000000,
    "sellingGeneralAndAdministrativeExpenses": 398000000,
    "otherExpenses": 6000000,
    "operatingExpenses": 639000000,
    "costAndExpenses": 810000000,
    "interestIncome": 1000000,
    "interestExpense": 9000000,
    "depreciationAndAmortization": 63000000,
    "ebitda": 10000000,
    "ebitdaratio": 0.0132625995,
    "operatingIncome": -56000000,
    "operatingIncomeRatio": -0.074270557,
    "totalOtherIncomeExpensesNet": -6000000,
    "incomeBeforeTax": -62000000,
    "incomeBeforeTaxRatio": -0.0822281167,
    "incomeTaxExpense": -22000000,
    "netIncome": -40000000,
    "netIncomeRatio": -0.0530503979,
    "eps": -0.16,
    "epsdiluted": -0.16,
    "weightedAverageShsOut": 252024068,
    "weightedAverageShsOutDil": 257000000,
    "link": "https://www.sec.gov/Archives/edgar/data/896878/000089687816000286/0000896878-16-000286-index.htm",
    "finalLink": "https://www.sec.gov/Archives/edgar/data/896878/000089687816000286/fy16q410-kdocument.htm"
  },
  {
    "date": "2016-04-30",
    "symbol": "INTU",
    "reportedCurrency": "USD",
    "cik": "0000896878",
    "fillingDate": "2016-05-24",
    "acceptedDate": "2016-05-24 16:12:42",
    "calendarYear": "2016",
    "period": "Q3",
    "revenue": 2304000000,
    "costOfRevenue": 216000000,
    "grossProfit": 2088000000,
    "grossProfitRatio": 0.90625,
    "researchAndDevelopmentExpenses": 228000000,
    "generalAndAdministrativeExpenses": 149000000,
    "sellingAndMarketingExpenses": 423000000,
    "sellingGeneralAndAdministrativeExpenses": 572000000,
    "otherExpenses": 3000000,
    "operatingExpenses": 803000000,
    "costAndExpenses": 1019000000,
    "interestIncome": 1000000,
    "interestExpense": 10000000,
    "depreciationAndAmortization": 62000000,
    "ebitda": 1349000000,
    "ebitdaratio": 0.5855034722,
    "operatingIncome": 1285000000,
    "operatingIncomeRatio": 0.5577256944,
    "totalOtherIncomeExpensesNet": -8000000,
    "incomeBeforeTax": 1277000000,
    "incomeBeforeTaxRatio": 0.5542534722,
    "incomeTaxExpense": 429000000,
    "netIncome": 1026000000,
    "netIncomeRatio": 0.4453125,
    "eps": 4,
    "epsdiluted": 3.94,
    "weightedAverageShsOut": 257000000,
    "weightedAverageShsOutDil": 260000000,
    "link": "https://www.sec.gov/Archives/edgar/data/896878/000089687816000225/0000896878-16-000225-index.htm",
    "finalLink": "https://www.sec.gov/Archives/edgar/data/896878/000089687816000225/fy16q310qdocument.htm"
  },
  {
    "date": "2016-01-31",
    "symbol": "INTU",
    "reportedCurrency": "USD",
    "cik": "0000896878",
    "fillingDate": "2016-02-25",
    "acceptedDate": "2016-02-25 16:35:26",
    "calendarYear": "2016",
    "period": "Q2",
    "revenue": 923000000,
    "costOfRevenue": 199000000,
    "grossProfit": 724000000,
    "grossProfitRatio": 0.7843986999,
    "researchAndDevelopmentExpenses": 205000000,
    "generalAndAdministrativeExpenses": 120000000,
    "sellingAndMarketingExpenses": 356000000,
    "sellingGeneralAndAdministrativeExpenses": 476000000,
    "otherExpenses": 1000000,
    "operatingExpenses": 682000000,
    "costAndExpenses": 881000000,
    "interestIncome": 0,
    "interestExpense": 9000000,
    "depreciationAndAmortization": 52000000,
    "ebitda": 94000000,
    "ebitdaratio": 0.1018418202,
    "operatingIncome": 42000000,
    "operatingIncomeRatio": 0.045503792,
    "totalOtherIncomeExpensesNet": -14000000,
    "incomeBeforeTax": 28000000,
    "incomeBeforeTaxRatio": 0.0303358613,
    "incomeTaxExpense": -1000000,
    "netIncome": 24000000,
    "netIncomeRatio": 0.0260021668,
    "eps": 0.09,
    "epsdiluted": 0.09,
    "weightedAverageShsOut": 263000000,
    "weightedAverageShsOutDil": 266000000,
    "link": "https://www.sec.gov/Archives/edgar/data/896878/000089687816000197/0000896878-16-000197-index.htm",
    "finalLink": "https://www.sec.gov/Archives/edgar/data/896878/000089687816000197/fy16q210qdocument.htm"
  },
  {
    "date": "2015-10-31",
    "symbol": "INTU",
    "reportedCurrency": "USD",
    "cik": "0000896878",
    "fillingDate": "2015-11-20",
    "acceptedDate": "2015-11-20 14:50:05",
    "calendarYear": "2016",
    "period": "Q1",
    "revenue": 713000000,
    "costOfRevenue": 166000000,
    "grossProfit": 547000000,
    "grossProfitRatio": 0.7671809257,
    "researchAndDevelopmentExpenses": 213000000,
    "generalAndAdministrativeExpenses": 117000000,
    "sellingAndMarketingExpenses": 244000000,
    "sellingGeneralAndAdministrativeExpenses": 361000000,
    "otherExpenses": 2000000,
    "operatingExpenses": 576000000,
    "costAndExpenses": 742000000,
    "interestIncome": 2000000,
    "interestExpense": 11000000,
    "depreciationAndAmortization": 49000000,
    "ebitda": 20000000,
    "ebitdaratio": 0.0280504909,
    "operatingIncome": -29000000,
    "operatingIncomeRatio": -0.0406732118,
    "totalOtherIncomeExpensesNet": -11000000,
    "incomeBeforeTax": -40000000,
    "incomeBeforeTaxRatio": -0.0561009818,
    "incomeTaxExpense": -9000000,
    "netIncome": -31000000,
    "netIncomeRatio": -0.0434782609,
    "eps": -0.11,
    "epsdiluted": -0.11,
    "weightedAverageShsOut": 272000000,
    "weightedAverageShsOutDil": 272000000,
    "link": "https://www.sec.gov/Archives/edgar/data/896878/000089687815000140/0000896878-15-000140-index.htm",
    "finalLink": "https://www.sec.gov/Archives/edgar/data/896878/000089687815000140/fy16q110qdocument.htm"
  },
  {
    "date": "2015-07-31",
    "symbol": "INTU",
    "reportedCurrency": "USD",
    "cik": "0000896878",
    "fillingDate": "2015-09-01",
    "acceptedDate": "2015-09-01 16:06:33",
    "calendarYear": "2015",
    "period": "Q4",
    "revenue": 518000000,
    "costOfRevenue": 176000000,
    "grossProfit": 520000000,
    "grossProfitRatio": 1.0038610039,
    "researchAndDevelopmentExpenses": 215000000,
    "generalAndAdministrativeExpenses": 118000000,
    "sellingAndMarketingExpenses": 280000000,
    "sellingGeneralAndAdministrativeExpenses": 398000000,
    "otherExpenses": 3000000,
    "operatingExpenses": 616000000,
    "costAndExpenses": 474000000,
    "interestIncome": 0,
    "interestExpense": 8000000,
    "depreciationAndAmortization": 61000000,
    "ebitda": -35000000,
    "ebitdaratio": -0.0675675676,
    "operatingIncome": 44000000,
    "operatingIncomeRatio": 0.0849420849,
    "totalOtherIncomeExpensesNet": -8000000,
    "incomeBeforeTax": 36000000,
    "incomeBeforeTaxRatio": 0.0694980695,
    "incomeTaxExpense": -26000000,
    "netIncome": 14000000,
    "netIncomeRatio": 0.027027027,
    "eps": 0.05,
    "epsdiluted": 0.05,
    "weightedAverageShsOut": 277000000,
    "weightedAverageShsOutDil": 277000000,
    "link": "https://www.sec.gov/Archives/edgar/data/896878/000089687815000116/0000896878-15-000116-index.htm",
    "finalLink": "https://www.sec.gov/Archives/edgar/data/896878/000089687815000116/fy15q410-kdocument.htm"
  },
  {
    "date": "2015-04-30",
    "symbol": "INTU",
    "reportedCurrency": "USD",
    "cik": "0000896878",
    "fillingDate": "2015-05-22",
    "acceptedDate": "2015-05-22 14:11:51",
    "calendarYear": "2015",
    "period": "Q3",
    "revenue": 2135000000,
    "costOfRevenue": 219000000,
    "grossProfit": 1933000000,
    "grossProfitRatio": 0.9053864169,
    "researchAndDevelopmentExpenses": 206000000,
    "generalAndAdministrativeExpenses": 135000000,
    "sellingAndMarketingExpenses": 413000000,
    "sellingGeneralAndAdministrativeExpenses": 542000000,
    "otherExpenses": 119000000,
    "operatingExpenses": 867000000,
    "costAndExpenses": 1069000000,
    "interestIncome": 0,
    "interestExpense": 5000000,
    "depreciationAndAmortization": 51000000,
    "ebitda": 1231000000,
    "ebitdaratio": 0.5765807963,
    "operatingIncome": 1066000000,
    "operatingIncomeRatio": 0.4992974239,
    "totalOtherIncomeExpensesNet": -6000000,
    "incomeBeforeTax": 1060000000,
    "incomeBeforeTaxRatio": 0.4964871194,
    "incomeTaxExpense": 404000000,
    "netIncome": 501000000,
    "netIncomeRatio": 0.2346604215,
    "eps": 1.81,
    "epsdiluted": 1.78,
    "weightedAverageShsOut": 277000000,
    "weightedAverageShsOutDil": 282000000,
    "link": "https://www.sec.gov/Archives/edgar/data/896878/000089687815000050/0000896878-15-000050-index.htm",
    "finalLink": "https://www.sec.gov/Archives/edgar/data/896878/000089687815000050/fy15q310qdocument.htm"
  },
  {
    "date": "2015-01-31",
    "symbol": "INTU",
    "reportedCurrency": "USD",
    "cik": "0000896878",
    "fillingDate": "2015-02-19",
    "acceptedDate": "2015-02-19 16:13:19",
    "calendarYear": "2015",
    "period": "Q2",
    "revenue": 808000000,
    "costOfRevenue": 206000000,
    "grossProfit": 602000000,
    "grossProfitRatio": 0.745049505,
    "researchAndDevelopmentExpenses": 200000000,
    "generalAndAdministrativeExpenses": 118000000,
    "sellingAndMarketingExpenses": 344000000,
    "sellingGeneralAndAdministrativeExpenses": 494000000,
    "otherExpenses": 6000000,
    "operatingExpenses": 700000000,
    "costAndExpenses": 906000000,
    "interestIncome": 2000000,
    "interestExpense": 7000000,
    "depreciationAndAmortization": 50000000,
    "ebitda": -39000000,
    "ebitdaratio": -0.0482673267,
    "operatingIncome": -89000000,
    "operatingIncomeRatio": -0.1101485149,
    "totalOtherIncomeExpensesNet": -5000000,
    "incomeBeforeTax": 71000000,
    "incomeBeforeTaxRatio": 0.0878712871,
    "incomeTaxExpense": -34000000,
    "netIncome": -66000000,
    "netIncomeRatio": -0.0816831683,
    "eps": -0.23,
    "epsdiluted": -0.23,
    "weightedAverageShsOut": 285000000,
    "weightedAverageShsOutDil": 285000000,
    "link": "https://www.sec.gov/Archives/edgar/data/896878/000089687815000034/0000896878-15-000034-index.htm",
    "finalLink": "https://www.sec.gov/Archives/edgar/data/896878/000089687815000034/fy15q210qdocument.htm"
  },
  {
    "date": "2014-10-31",
    "symbol": "INTU",
    "reportedCurrency": "USD",
    "cik": "0000896878",
    "fillingDate": "2014-11-21",
    "acceptedDate": "2014-11-21 13:52:08",
    "calendarYear": "2015",
    "period": "Q1",
    "revenue": 672000000,
    "costOfRevenue": 175000000,
    "grossProfit": 497000000,
    "grossProfitRatio": 0.7395833333,
    "researchAndDevelopmentExpenses": 189000000,
    "generalAndAdministrativeExpenses": 124000000,
    "sellingAndMarketingExpenses": 251000000,
    "sellingGeneralAndAdministrativeExpenses": 369000000,
    "otherExpenses": 53000000,
    "operatingExpenses": 611000000,
    "costAndExpenses": 786000000,
    "interestIncome": 2000000,
    "interestExpense": 0,
    "depreciationAndAmortization": 47000000,
    "ebitda": -62000000,
    "ebitdaratio": -0.0922619048,
    "operatingIncome": -109000000,
    "operatingIncomeRatio": -0.162202381,
    "totalOtherIncomeExpensesNet": -7000000,
    "incomeBeforeTax": 53000000,
    "incomeBeforeTaxRatio": 0.0788690476,
    "incomeTaxExpense": -35000000,
    "netIncome": -84000000,
    "netIncomeRatio": -0.125,
    "eps": -0.29,
    "epsdiluted": -0.29,
    "weightedAverageShsOut": 286000000,
    "weightedAverageShsOutDil": 286000000,
    "link": "https://www.sec.gov/Archives/edgar/data/896878/000089687814000187/0000896878-14-000187-index.htm",
    "finalLink": "https://www.sec.gov/Archives/edgar/data/896878/000089687814000187/fy15q110qdocument.htm"
  },
  {
    "date": "2014-07-31",
    "symbol": "INTU",
    "reportedCurrency": "USD",
    "cik": "0000896878",
    "fillingDate": "2014-09-12",
    "acceptedDate": "2014-09-12 15:19:09",
    "calendarYear": "2014",
    "period": "Q4",
    "revenue": 714000000,
    "costOfRevenue": 179000000,
    "grossProfit": 535000000,
    "grossProfitRatio": 0.7492997199,
    "researchAndDevelopmentExpenses": 210000000,
    "generalAndAdministrativeExpenses": 133000000,
    "sellingAndMarketingExpenses": 259000000,
    "sellingGeneralAndAdministrativeExpenses": 392000000,
    "otherExpenses": 6000000,
    "operatingExpenses": 608000000,
    "costAndExpenses": 787000000,
    "interestIncome": 1000000,
    "interestExpense": 7000000,
    "depreciationAndAmortization": 50000000,
    "ebitda": -21000000,
    "ebitdaratio": -0.0294117647,
    "operatingIncome": -71000000,
    "operatingIncomeRatio": -0.0994397759,
    "totalOtherIncomeExpensesNet": 16000000,
    "incomeBeforeTax": -57000000,
    "incomeBeforeTaxRatio": -0.0798319328,
    "incomeTaxExpense": -12000000,
    "netIncome": -29000000,
    "netIncomeRatio": -0.0406162465,
    "eps": -0.13,
    "epsdiluted": -0.13,
    "weightedAverageShsOut": 284000000,
    "weightedAverageShsOutDil": 284000000,
    "link": "https://www.sec.gov/Archives/edgar/data/896878/000089687814000163/0000896878-14-000163-index.htm",
    "finalLink": "https://www.sec.gov/Archives/edgar/data/896878/000089687814000163/fy14q410-kdocument.htm"
  },
  {
    "date": "2014-04-30",
    "symbol": "INTU",
    "reportedCurrency": "USD",
    "cik": "0000896878",
    "fillingDate": "2014-05-21",
    "acceptedDate": "2014-05-21 13:35:27",
    "calendarYear": "2014",
    "period": "Q3",
    "revenue": 2388000000,
    "costOfRevenue": 170000000,
    "grossProfit": 2218000000,
    "grossProfitRatio": 0.9288107203,
    "researchAndDevelopmentExpenses": 186000000,
    "generalAndAdministrativeExpenses": 121000000,
    "sellingAndMarketingExpenses": 412000000,
    "sellingGeneralAndAdministrativeExpenses": 533000000,
    "otherExpenses": 5000000,
    "operatingExpenses": 724000000,
    "costAndExpenses": 894000000,
    "interestIncome": 1000000,
    "interestExpense": 8000000,
    "depreciationAndAmortization": 47000000,
    "ebitda": 1544000000,
    "ebitdaratio": 0.6465661642,
    "operatingIncome": 1494000000,
    "operatingIncomeRatio": 0.6256281407,
    "totalOtherIncomeExpensesNet": -5000000,
    "incomeBeforeTax": 1489000000,
    "incomeBeforeTaxRatio": 0.6235343384,
    "incomeTaxExpense": 505000000,
    "netIncome": 984000000,
    "netIncomeRatio": 0.4120603015,
    "eps": 3.47,
    "epsdiluted": 3.39,
    "weightedAverageShsOut": 284000000,
    "weightedAverageShsOutDil": 290000000,
    "link": "https://www.sec.gov/Archives/edgar/data/896878/000089687814000051/0000896878-14-000051-index.htm",
    "finalLink": "https://www.sec.gov/Archives/edgar/data/896878/000089687814000051/fy14q310qdocument.htm"
  },
  {
    "date": "2014-01-31",
    "symbol": "INTU",
    "reportedCurrency": "USD",
    "cik": "0000896878",
    "fillingDate": "2014-02-21",
    "acceptedDate": "2014-02-21 14:15:19",
    "calendarYear": "2014",
    "period": "Q2",
    "revenue": 782000000,
    "costOfRevenue": 176000000,
    "grossProfit": 606000000,
    "grossProfitRatio": 0.7749360614,
    "researchAndDevelopmentExpenses": 186000000,
    "generalAndAdministrativeExpenses": 109000000,
    "sellingAndMarketingExpenses": 352000000,
    "sellingGeneralAndAdministrativeExpenses": 461000000,
    "otherExpenses": 5000000,
    "operatingExpenses": 652000000,
    "costAndExpenses": 828000000,
    "interestIncome": 0,
    "interestExpense": 8000000,
    "depreciationAndAmortization": 50000000,
    "ebitda": 4000000,
    "ebitdaratio": 0.0051150895,
    "operatingIncome": -46000000,
    "operatingIncomeRatio": -0.0588235294,
    "totalOtherIncomeExpensesNet": -8000000,
    "incomeBeforeTax": -54000000,
    "incomeBeforeTaxRatio": -0.0690537084,
    "incomeTaxExpense": -17000000,
    "netIncome": -37000000,
    "netIncomeRatio": -0.047314578,
    "eps": -0.13,
    "epsdiluted": -0.13,
    "weightedAverageShsOut": 284000000,
    "weightedAverageShsOutDil": 284000000,
    "link": "https://www.sec.gov/Archives/edgar/data/896878/000089687814000040/0000896878-14-000040-index.htm",
    "finalLink": "https://www.sec.gov/Archives/edgar/data/896878/000089687814000040/fy14q210qdocument.htm"
  },
  {
    "date": "2013-10-31",
    "symbol": "INTU",
    "reportedCurrency": "USD",
    "cik": "0000896878",
    "fillingDate": "2013-11-22",
    "acceptedDate": "2013-11-22 14:26:08",
    "calendarYear": "2014",
    "period": "Q1",
    "revenue": 622000000,
    "costOfRevenue": 143000000,
    "grossProfit": 479000000,
    "grossProfitRatio": 0.770096463,
    "researchAndDevelopmentExpenses": 176000000,
    "generalAndAdministrativeExpenses": 118000000,
    "sellingAndMarketingExpenses": 258000000,
    "sellingGeneralAndAdministrativeExpenses": 376000000,
    "otherExpenses": 4000000,
    "operatingExpenses": 556000000,
    "costAndExpenses": 699000000,
    "interestIncome": 2000000,
    "interestExpense": 8000000,
    "depreciationAndAmortization": 50000000,
    "ebitda": -22000000,
    "ebitdaratio": -0.0353697749,
    "operatingIncome": -77000000,
    "operatingIncomeRatio": -0.1237942122,
    "totalOtherIncomeExpensesNet": -3000000,
    "incomeBeforeTax": -80000000,
    "incomeBeforeTaxRatio": -0.1286173633,
    "incomeTaxExpense": -23000000,
    "netIncome": -11000000,
    "netIncomeRatio": -0.0176848875,
    "eps": -0.0386,
    "epsdiluted": -0.0382,
    "weightedAverageShsOut": 285000000,
    "weightedAverageShsOutDil": 288000000,
    "link": "https://www.sec.gov/Archives/edgar/data/896878/000089687813000163/0000896878-13-000163-index.htm",
    "finalLink": "https://www.sec.gov/Archives/edgar/data/896878/000089687813000163/fy14q110qdocument.htm"
  },
  {
    "date": "2013-07-31",
    "symbol": "INTU",
    "reportedCurrency": "USD",
    "cik": "0000896878",
    "fillingDate": "2013-09-13",
    "acceptedDate": "2013-09-13 16:00:38",
    "calendarYear": "2013",
    "period": "Q4",
    "revenue": 378000000,
    "costOfRevenue": 127000000,
    "grossProfit": 507000000,
    "grossProfitRatio": 1.3412698413,
    "researchAndDevelopmentExpenses": 182000000,
    "generalAndAdministrativeExpenses": 115000000,
    "sellingAndMarketingExpenses": 256000000,
    "sellingGeneralAndAdministrativeExpenses": 371000000,
    "otherExpenses": 14000000,
    "operatingExpenses": 567000000,
    "costAndExpenses": 416000000,
    "interestIncome": 0,
    "interestExpense": 7000000,
    "depreciationAndAmortization": 63000000,
    "ebitda": 26000000,
    "ebitdaratio": 0.0687830688,
    "operatingIncome": -38000000,
    "operatingIncomeRatio": -0.1005291005,
    "totalOtherIncomeExpensesNet": -6000000,
    "incomeBeforeTax": -44000000,
    "incomeBeforeTaxRatio": -0.1164021164,
    "incomeTaxExpense": -25000000,
    "netIncome": -16000000,
    "netIncomeRatio": -0.0423280423,
    "eps": -0.0537,
    "epsdiluted": -0.0537,
    "weightedAverageShsOut": 298000000,
    "weightedAverageShsOutDil": 298000000,
    "link": "https://www.sec.gov/Archives/edgar/data/896878/000089687813000149/0000896878-13-000149-index.htm",
    "finalLink": "https://www.sec.gov/Archives/edgar/data/896878/000089687813000149/fy13q410-kdocument.htm"
  },
  {
    "date": "2013-04-30",
    "symbol": "INTU",
    "reportedCurrency": "USD",
    "cik": "0000896878",
    "fillingDate": "2013-05-30",
    "acceptedDate": "2013-05-30 14:09:24",
    "calendarYear": "2013",
    "period": "Q3",
    "revenue": 2091000000,
    "costOfRevenue": 187000000,
    "grossProfit": 1946000000,
    "grossProfitRatio": 0.9306551889,
    "researchAndDevelopmentExpenses": 166000000,
    "generalAndAdministrativeExpenses": 108000000,
    "sellingAndMarketingExpenses": 385000000,
    "sellingGeneralAndAdministrativeExpenses": 489000000,
    "otherExpenses": 9000000,
    "operatingExpenses": 664000000,
    "costAndExpenses": 809000000,
    "interestIncome": 2000000,
    "interestExpense": 8000000,
    "depreciationAndAmortization": 57000000,
    "ebitda": 1343000000,
    "ebitdaratio": 0.6422764228,
    "operatingIncome": 1282000000,
    "operatingIncomeRatio": 0.6131037781,
    "totalOtherIncomeExpensesNet": -4000000,
    "incomeBeforeTax": 1278000000,
    "incomeBeforeTaxRatio": 0.6111908178,
    "incomeTaxExpense": 420000000,
    "netIncome": 822000000,
    "netIncomeRatio": 0.3931133429,
    "eps": 2.77,
    "epsdiluted": 2.71,
    "weightedAverageShsOut": 297000000,
    "weightedAverageShsOutDil": 304000000,
    "link": "https://www.sec.gov/Archives/edgar/data/896878/000089687813000068/0000896878-13-000068-index.htm",
    "finalLink": "https://www.sec.gov/Archives/edgar/data/896878/000089687813000068/fy13q310qdocument.htm"
  },
  {
    "date": "2013-01-31",
    "symbol": "INTU",
    "reportedCurrency": "USD",
    "cik": "0000896878",
    "fillingDate": "2013-03-01",
    "acceptedDate": "2013-03-01 14:40:26",
    "calendarYear": "2013",
    "period": "Q2",
    "revenue": 884000000,
    "costOfRevenue": 208000000,
    "grossProfit": 760000000,
    "grossProfitRatio": 0.8597285068,
    "researchAndDevelopmentExpenses": 169000000,
    "generalAndAdministrativeExpenses": 109000000,
    "sellingAndMarketingExpenses": 351000000,
    "sellingGeneralAndAdministrativeExpenses": 458000000,
    "otherExpenses": 7000000,
    "operatingExpenses": 634000000,
    "costAndExpenses": 800000000,
    "interestIncome": 0,
    "interestExpense": 7000000,
    "depreciationAndAmortization": 58000000,
    "ebitda": 143000000,
    "ebitdaratio": 0.1617647059,
    "operatingIncome": 84000000,
    "operatingIncomeRatio": 0.0950226244,
    "totalOtherIncomeExpensesNet": -6000000,
    "incomeBeforeTax": 78000000,
    "incomeBeforeTaxRatio": 0.0882352941,
    "incomeTaxExpense": 13000000,
    "netIncome": 71000000,
    "netIncomeRatio": 0.0803167421,
    "eps": 0.24,
    "epsdiluted": 0.24,
    "weightedAverageShsOut": 296000000,
    "weightedAverageShsOutDil": 303000000,
    "link": "https://www.sec.gov/Archives/edgar/data/896878/000089687813000052/0000896878-13-000052-index.htm",
    "finalLink": "https://www.sec.gov/Archives/edgar/data/896878/000089687813000052/fy13q210qdocument.htm"
  },
  {
    "date": "2012-10-31",
    "symbol": "INTU",
    "reportedCurrency": "USD",
    "cik": "0000896878",
    "fillingDate": "2012-11-29",
    "acceptedDate": "2012-11-29 14:02:37",
    "calendarYear": "2013",
    "period": "Q1",
    "revenue": 562000000,
    "costOfRevenue": 182000000,
    "grossProfit": 465000000,
    "grossProfitRatio": 0.8274021352,
    "researchAndDevelopmentExpenses": 168000000,
    "generalAndAdministrativeExpenses": 98000000,
    "sellingAndMarketingExpenses": 227000000,
    "sellingGeneralAndAdministrativeExpenses": 320000000,
    "otherExpenses": 46000000,
    "operatingExpenses": 534000000,
    "costAndExpenses": 635000000,
    "interestIncome": 0,
    "interestExpense": 8000000,
    "depreciationAndAmortization": 54000000,
    "ebitda": -17000000,
    "ebitdaratio": -0.0302491103,
    "operatingIncome": -69000000,
    "operatingIncomeRatio": -0.1227758007,
    "totalOtherIncomeExpensesNet": -6000000,
    "incomeBeforeTax": -75000000,
    "incomeBeforeTaxRatio": -0.1334519573,
    "incomeTaxExpense": -25000000,
    "netIncome": -19000000,
    "netIncomeRatio": -0.0338078292,
    "eps": -0.0642,
    "epsdiluted": -0.0642,
    "weightedAverageShsOut": 296000000,
    "weightedAverageShsOutDil": 296000000,
    "link": "https://www.sec.gov/Archives/edgar/data/896878/000089687812000176/0000896878-12-000176-index.htm",
    "finalLink": "https://www.sec.gov/Archives/edgar/data/896878/000089687812000176/fy13q110qdocument.htm"
  },
  {
    "date": "2012-07-31",
    "symbol": "INTU",
    "reportedCurrency": "USD",
    "cik": "0000896878",
    "fillingDate": "2012-09-13",
    "acceptedDate": "2012-09-13 15:49:12",
    "calendarYear": "2012",
    "period": "Q4",
    "revenue": 593000000,
    "costOfRevenue": 191000000,
    "grossProfit": 460000000,
    "grossProfitRatio": 0.7757166948,
    "researchAndDevelopmentExpenses": 179000000,
    "generalAndAdministrativeExpenses": 100000000,
    "sellingAndMarketingExpenses": 220000000,
    "sellingGeneralAndAdministrativeExpenses": 320000000,
    "otherExpenses": 6000000,
    "operatingExpenses": 505000000,
    "costAndExpenses": 621000000,
    "interestIncome": 8000000,
    "interestExpense": 7000000,
    "depreciationAndAmortization": 57000000,
    "ebitda": 30000000,
    "ebitdaratio": 0.0505902192,
    "operatingIncome": -28000000,
    "operatingIncomeRatio": -0.0472175379,
    "totalOtherIncomeExpensesNet": -6000000,
    "incomeBeforeTax": -34000000,
    "incomeBeforeTaxRatio": -0.0573355818,
    "incomeTaxExpense": -13000000,
    "netIncome": 4000000,
    "netIncomeRatio": 0.0067453626,
    "eps": 0.01,
    "epsdiluted": 0.01,
    "weightedAverageShsOut": 294000000,
    "weightedAverageShsOutDil": 294000000,
    "link": "https://www.sec.gov/Archives/edgar/data/896878/000089687812000146/0000896878-12-000146-index.htm",
    "finalLink": "https://www.sec.gov/Archives/edgar/data/896878/000089687812000146/intu-2012731x10k.htm"
  },
  {
    "date": "2012-04-30",
    "symbol": "INTU",
    "reportedCurrency": "USD",
    "cik": "0000896878",
    "fillingDate": "2012-05-25",
    "acceptedDate": "2012-05-25 15:52:42",
    "calendarYear": "2012",
    "period": "Q3",
    "revenue": 1945000000,
    "costOfRevenue": 198000000,
    "grossProfit": 1747000000,
    "grossProfitRatio": 0.8982005141,
    "researchAndDevelopmentExpenses": 167000000,
    "generalAndAdministrativeExpenses": 102000000,
    "sellingAndMarketingExpenses": 365000000,
    "sellingGeneralAndAdministrativeExpenses": 451000000,
    "otherExpenses": 0,
    "operatingExpenses": 618000000,
    "costAndExpenses": 838000000,
    "interestIncome": 7000000,
    "interestExpense": 12000000,
    "depreciationAndAmortization": 52000000,
    "ebitda": 1172000000,
    "ebitdaratio": 0.6025706941,
    "operatingIncome": 1107000000,
    "operatingIncomeRatio": 0.569151671,
    "totalOtherIncomeExpensesNet": -3000000,
    "incomeBeforeTax": 1104000000,
    "incomeBeforeTaxRatio": 0.5676092545,
    "incomeTaxExpense": 377000000,
    "netIncome": 734000000,
    "netIncomeRatio": 0.377377892,
    "eps": 2.49,
    "epsdiluted": 2.42,
    "weightedAverageShsOut": 295000000,
    "weightedAverageShsOutDil": 303000000,
    "link": "https://www.sec.gov/Archives/edgar/data/896878/000089687812000070/0000896878-12-000070-index.htm",
    "finalLink": "https://www.sec.gov/Archives/edgar/data/896878/000089687812000070/intu043012-10q.htm"
  },
  {
    "date": "2012-01-31",
    "symbol": "INTU",
    "reportedCurrency": "USD",
    "cik": "0000896878",
    "fillingDate": "2012-02-29",
    "acceptedDate": "2012-02-29 14:36:22",
    "calendarYear": "2012",
    "period": "Q2",
    "revenue": 961000000,
    "costOfRevenue": 206000000,
    "grossProfit": 813000000,
    "grossProfitRatio": 0.8459937565,
    "researchAndDevelopmentExpenses": 156000000,
    "generalAndAdministrativeExpenses": 95000000,
    "sellingAndMarketingExpenses": 344000000,
    "sellingGeneralAndAdministrativeExpenses": 439000000,
    "otherExpenses": -46000000,
    "operatingExpenses": 549000000,
    "costAndExpenses": 752000000,
    "interestIncome": 3000000,
    "interestExpense": 16000000,
    "depreciationAndAmortization": 61000000,
    "ebitda": 259000000,
    "ebitdaratio": 0.2695109261,
    "operatingIncome": 192000000,
    "operatingIncomeRatio": 0.1997918835,
    "totalOtherIncomeExpensesNet": -13000000,
    "incomeBeforeTax": 179000000,
    "incomeBeforeTaxRatio": 0.186264308,
    "incomeTaxExpense": 62000000,
    "netIncome": 118000000,
    "netIncomeRatio": 0.1227887617,
    "eps": 0.4,
    "epsdiluted": 0.39,
    "weightedAverageShsOut": 297000000,
    "weightedAverageShsOutDil": 306000000,
    "link": "https://www.sec.gov/Archives/edgar/data/896878/000089687812000048/0000896878-12-000048-index.htm",
    "finalLink": "https://www.sec.gov/Archives/edgar/data/896878/000089687812000048/intu013112-10q.htm"
  },
  {
    "date": "2011-10-31",
    "symbol": "INTU",
    "reportedCurrency": "USD",
    "cik": "0000896878",
    "fillingDate": "2011-12-01",
    "acceptedDate": "2011-12-01 15:06:54",
    "calendarYear": "2012",
    "period": "Q1",
    "revenue": 594000000,
    "costOfRevenue": 168000000,
    "grossProfit": 426000000,
    "grossProfitRatio": 0.7171717172,
    "researchAndDevelopmentExpenses": 167000000,
    "generalAndAdministrativeExpenses": 92000000,
    "sellingAndMarketingExpenses": 236000000,
    "sellingGeneralAndAdministrativeExpenses": 280000000,
    "otherExpenses": 1000000,
    "operatingExpenses": 448000000,
    "costAndExpenses": 688000000,
    "interestIncome": 3000000,
    "interestExpense": 15000000,
    "depreciationAndAmortization": 72000000,
    "ebitda": -31000000,
    "ebitdaratio": -0.0521885522,
    "operatingIncome": -94000000,
    "operatingIncomeRatio": -0.1582491582,
    "totalOtherIncomeExpensesNet": -4000000,
    "incomeBeforeTax": -98000000,
    "incomeBeforeTaxRatio": -0.164983165,
    "incomeTaxExpense": -30000000,
    "netIncome": -64000000,
    "netIncomeRatio": -0.1077441077,
    "eps": -0.21,
    "epsdiluted": -0.21,
    "weightedAverageShsOut": 300000000,
    "weightedAverageShsOutDil": 300000000,
    "link": "https://www.sec.gov/Archives/edgar/data/896878/000089687811000117/0000896878-11-000117-index.htm",
    "finalLink": "https://www.sec.gov/Archives/edgar/data/896878/000089687811000117/intu103111-10q.htm"
  },
  {
    "date": "2011-07-31",
    "symbol": "INTU",
    "reportedCurrency": "USD",
    "cik": "0000896878",
    "fillingDate": "2011-09-14",
    "acceptedDate": "2011-09-14 14:52:15",
    "calendarYear": "2011",
    "period": "Q4",
    "revenue": 593000000,
    "costOfRevenue": 164000000,
    "grossProfit": 429000000,
    "grossProfitRatio": 0.7234401349,
    "researchAndDevelopmentExpenses": 156000000,
    "generalAndAdministrativeExpenses": 83000000,
    "sellingAndMarketingExpenses": 210000000,
    "sellingGeneralAndAdministrativeExpenses": 293000000,
    "otherExpenses": 11000000,
    "operatingExpenses": 460000000,
    "costAndExpenses": 654000000,
    "interestIncome": 2000000,
    "interestExpense": 15000000,
    "depreciationAndAmortization": 63000000,
    "ebitda": 1000000,
    "ebitdaratio": 0.0016863406,
    "operatingIncome": -61000000,
    "operatingIncomeRatio": -0.1028667791,
    "totalOtherIncomeExpensesNet": -16000000,
    "incomeBeforeTax": -77000000,
    "incomeBeforeTaxRatio": -0.1298482293,
    "incomeTaxExpense": -20000000,
    "netIncome": -57000000,
    "netIncomeRatio": -0.0961214165,
    "eps": -0.19,
    "epsdiluted": -0.19,
    "weightedAverageShsOut": 300000000,
    "weightedAverageShsOutDil": 300000000,
    "link": "https://www.sec.gov/Archives/edgar/data/896878/000089687811000093/0000896878-11-000093-index.htm",
    "finalLink": "https://www.sec.gov/Archives/edgar/data/896878/000089687811000093/intu-2011731x10k.htm"
  },
  {
    "date": "2011-04-30",
    "symbol": "INTU",
    "reportedCurrency": "USD",
    "cik": "0000896878",
    "fillingDate": "2011-06-01",
    "acceptedDate": "2011-06-01 13:49:31",
    "calendarYear": "2011",
    "period": "Q3",
    "revenue": 1848000000,
    "costOfRevenue": 164000000,
    "grossProfit": 1684000000,
    "grossProfitRatio": 0.9112554113,
    "researchAndDevelopmentExpenses": 164000000,
    "generalAndAdministrativeExpenses": 93000000,
    "sellingAndMarketingExpenses": 351000000,
    "sellingGeneralAndAdministrativeExpenses": 444000000,
    "otherExpenses": 15000000,
    "operatingExpenses": 623000000,
    "costAndExpenses": 787000000,
    "interestIncome": 6000000,
    "interestExpense": 15000000,
    "depreciationAndAmortization": 61000000,
    "ebitda": 1128000000,
    "ebitdaratio": 0.6103896104,
    "operatingIncome": 1061000000,
    "operatingIncomeRatio": 0.5741341991,
    "totalOtherIncomeExpensesNet": -9000000,
    "incomeBeforeTax": 1052000000,
    "incomeBeforeTaxRatio": 0.5692640693,
    "incomeTaxExpense": 364000000,
    "netIncome": 688000000,
    "netIncomeRatio": 0.3722943723,
    "eps": 2.27,
    "epsdiluted": 2.2,
    "weightedAverageShsOut": 303000000,
    "weightedAverageShsOutDil": 313000000,
    "link": "https://www.sec.gov/Archives/edgar/data/896878/000095012311055705/0000950123-11-055705-index.htm",
    "finalLink": "https://www.sec.gov/Archives/edgar/data/896878/000095012311055705/f58545e10vq.htm"
  },
  {
    "date": "2011-01-31",
    "symbol": "INTU",
    "reportedCurrency": "USD",
    "cik": "0000896878",
    "fillingDate": "2011-03-01",
    "acceptedDate": "2011-03-01 13:39:21",
    "calendarYear": "2011",
    "period": "Q2",
    "revenue": 878000000,
    "costOfRevenue": 180000000,
    "grossProfit": 698000000,
    "grossProfitRatio": 0.7949886105,
    "researchAndDevelopmentExpenses": 158000000,
    "generalAndAdministrativeExpenses": 88000000,
    "sellingAndMarketingExpenses": 330000000,
    "sellingGeneralAndAdministrativeExpenses": 418000000,
    "otherExpenses": 11000000,
    "operatingExpenses": 587000000,
    "costAndExpenses": 767000000,
    "interestIncome": 3000000,
    "interestExpense": 15000000,
    "depreciationAndAmortization": 61000000,
    "ebitda": 178000000,
    "ebitdaratio": 0.2027334852,
    "operatingIncome": 111000000,
    "operatingIncomeRatio": 0.1264236902,
    "totalOtherIncomeExpensesNet": -9000000,
    "incomeBeforeTax": 102000000,
    "incomeBeforeTaxRatio": 0.1161731207,
    "incomeTaxExpense": 29000000,
    "netIncome": 73000000,
    "netIncomeRatio": 0.083143508,
    "eps": 0.24,
    "epsdiluted": 0.23,
    "weightedAverageShsOut": 308000000,
    "weightedAverageShsOutDil": 318000000,
    "link": "https://www.sec.gov/Archives/edgar/data/896878/000095012311020460/0000950123-11-020460-index.htm",
    "finalLink": "https://www.sec.gov/Archives/edgar/data/896878/000095012311020460/f57991e10vq.htm"
  },
  {
    "date": "2010-10-31",
    "symbol": "INTU",
    "reportedCurrency": "USD",
    "cik": "0000896878",
    "fillingDate": "2010-12-06",
    "acceptedDate": "2010-12-06 15:25:01",
    "calendarYear": "2011",
    "period": "Q1",
    "revenue": 532000000,
    "costOfRevenue": 159000000,
    "grossProfit": 373000000,
    "grossProfitRatio": 0.7011278195,
    "researchAndDevelopmentExpenses": 156000000,
    "generalAndAdministrativeExpenses": 90000000,
    "sellingAndMarketingExpenses": 220000000,
    "sellingGeneralAndAdministrativeExpenses": 310000000,
    "otherExpenses": 11000000,
    "operatingExpenses": 477000000,
    "costAndExpenses": 636000000,
    "interestIncome": 3000000,
    "interestExpense": 15000000,
    "depreciationAndAmortization": 56000000,
    "ebitda": -40000000,
    "ebitdaratio": -0.0751879699,
    "operatingIncome": -104000000,
    "operatingIncomeRatio": -0.1954887218,
    "totalOtherIncomeExpensesNet": -7000000,
    "incomeBeforeTax": -111000000,
    "incomeBeforeTaxRatio": -0.2086466165,
    "incomeTaxExpense": -41000000,
    "netIncome": -70000000,
    "netIncomeRatio": -0.1315789474,
    "eps": -0.22,
    "epsdiluted": -0.22,
    "weightedAverageShsOut": 316000000,
    "weightedAverageShsOutDil": 316000000,
    "link": "https://www.sec.gov/Archives/edgar/data/896878/000095012310111135/0000950123-10-111135-index.htm",
    "finalLink": "https://www.sec.gov/Archives/edgar/data/896878/000095012310111135/f57160e10vq.htm"
  },
  {
    "date": "2010-07-31",
    "symbol": "INTU",
    "reportedCurrency": "USD",
    "cik": "0000896878",
    "fillingDate": "2010-09-16",
    "acceptedDate": "2010-09-16 14:33:26",
    "calendarYear": "2010",
    "period": "Q4",
    "revenue": 537000000,
    "costOfRevenue": 152000000,
    "grossProfit": 385000000,
    "grossProfitRatio": 0.7169459963,
    "researchAndDevelopmentExpenses": 147000000,
    "generalAndAdministrativeExpenses": 81000000,
    "sellingAndMarketingExpenses": 210000000,
    "sellingGeneralAndAdministrativeExpenses": 291000000,
    "otherExpenses": 11000000,
    "operatingExpenses": 449000000,
    "costAndExpenses": 601000000,
    "interestIncome": 2000000,
    "interestExpense": 15000000,
    "depreciationAndAmortization": 58000000,
    "ebitda": -5000000,
    "ebitdaratio": -0.009310987,
    "operatingIncome": -64000000,
    "operatingIncomeRatio": -0.1191806331,
    "totalOtherIncomeExpensesNet": -15000000,
    "incomeBeforeTax": -79000000,
    "incomeBeforeTaxRatio": -0.147113594,
    "incomeTaxExpense": -30000000,
    "netIncome": -48000000,
    "netIncomeRatio": -0.0893854749,
    "eps": -0.15,
    "epsdiluted": -0.15,
    "weightedAverageShsOut": 316000000,
    "weightedAverageShsOutDil": 316000000,
    "link": "https://www.sec.gov/Archives/edgar/data/896878/000095012310086635/0000950123-10-086635-index.htm",
    "finalLink": "https://www.sec.gov/Archives/edgar/data/896878/000095012310086635/f55303e10vk.htm"
  },
  {
    "date": "2010-04-30",
    "symbol": "INTU",
    "reportedCurrency": "USD",
    "cik": "0000896878",
    "fillingDate": "2010-05-28",
    "acceptedDate": "2010-05-28 15:56:39",
    "calendarYear": "2010",
    "period": "Q3",
    "revenue": 1607000000,
    "costOfRevenue": 157000000,
    "grossProfit": 1450000000,
    "grossProfitRatio": 0.9023024269,
    "researchAndDevelopmentExpenses": 141000000,
    "generalAndAdministrativeExpenses": 102000000,
    "sellingAndMarketingExpenses": 309000000,
    "sellingGeneralAndAdministrativeExpenses": 411000000,
    "otherExpenses": 10000000,
    "operatingExpenses": 562000000,
    "costAndExpenses": 719000000,
    "interestIncome": 2000000,
    "interestExpense": 15000000,
    "depreciationAndAmortization": 55000000,
    "ebitda": 948000000,
    "ebitdaratio": 0.5899191039,
    "operatingIncome": 888000000,
    "operatingIncomeRatio": 0.5525824518,
    "totalOtherIncomeExpensesNet": -10000000,
    "incomeBeforeTax": 878000000,
    "incomeBeforeTaxRatio": 0.5463596764,
    "incomeTaxExpense": 302000000,
    "netIncome": 576000000,
    "netIncomeRatio": 0.3584318606,
    "eps": 1.83,
    "epsdiluted": 1.78,
    "weightedAverageShsOut": 314000000,
    "weightedAverageShsOutDil": 323000000,
    "link": "https://www.sec.gov/Archives/edgar/data/896878/000095012310054230/0000950123-10-054230-index.htm",
    "finalLink": "https://www.sec.gov/Archives/edgar/data/896878/000095012310054230/f55269e10vq.htm"
  },
  {
    "date": "2010-01-31",
    "symbol": "INTU",
    "reportedCurrency": "USD",
    "cik": "0000896878",
    "fillingDate": "2010-03-01",
    "acceptedDate": "2010-03-01 13:21:12",
    "calendarYear": "2010",
    "period": "Q2",
    "revenue": 837000000,
    "costOfRevenue": 162000000,
    "grossProfit": 675000000,
    "grossProfitRatio": 0.8064516129,
    "researchAndDevelopmentExpenses": 144000000,
    "generalAndAdministrativeExpenses": 87000000,
    "sellingAndMarketingExpenses": 272000000,
    "sellingGeneralAndAdministrativeExpenses": 359000000,
    "otherExpenses": 22000000,
    "operatingExpenses": 525000000,
    "costAndExpenses": 687000000,
    "interestIncome": 0,
    "interestExpense": 15000000,
    "depreciationAndAmortization": 68000000,
    "ebitda": 209000000,
    "ebitdaratio": 0.2497013142,
    "operatingIncome": 138000000,
    "operatingIncomeRatio": 0.164874552,
    "totalOtherIncomeExpensesNet": -13000000,
    "incomeBeforeTax": 125000000,
    "incomeBeforeTaxRatio": 0.1493428913,
    "incomeTaxExpense": 46000000,
    "netIncome": 114000000,
    "netIncomeRatio": 0.1362007168,
    "eps": 0.36,
    "epsdiluted": 0.35,
    "weightedAverageShsOut": 314000000,
    "weightedAverageShsOutDil": 323000000,
    "link": "https://www.sec.gov/Archives/edgar/data/896878/000095012310019101/0000950123-10-019101-index.htm",
    "finalLink": "https://www.sec.gov/Archives/edgar/data/896878/000095012310019101/f54355e10vq.htm"
  },
  {
    "date": "2009-10-31",
    "symbol": "INTU",
    "reportedCurrency": "USD",
    "cik": "0000896878",
    "fillingDate": "2009-12-04",
    "acceptedDate": "2009-12-04 13:01:57",
    "calendarYear": "2010",
    "period": "Q1",
    "revenue": 474000000,
    "costOfRevenue": 154000000,
    "grossProfit": 458000000,
    "grossProfitRatio": 0.9662447257,
    "researchAndDevelopmentExpenses": 143000000,
    "generalAndAdministrativeExpenses": 78000000,
    "sellingAndMarketingExpenses": 185000000,
    "sellingGeneralAndAdministrativeExpenses": 263000000,
    "otherExpenses": 22000000,
    "operatingExpenses": 428000000,
    "costAndExpenses": 574000000,
    "interestIncome": 4000000,
    "interestExpense": 16000000,
    "depreciationAndAmortization": 75000000,
    "ebitda": -20000000,
    "ebitdaratio": -0.0421940928,
    "operatingIncome": -100000000,
    "operatingIncomeRatio": -0.2109704641,
    "totalOtherIncomeExpensesNet": -11000000,
    "incomeBeforeTax": -111000000,
    "incomeBeforeTaxRatio": -0.2341772152,
    "incomeTaxExpense": -42000000,
    "netIncome": -68000000,
    "netIncomeRatio": -0.1434599156,
    "eps": -0.21,
    "epsdiluted": -0.21,
    "weightedAverageShsOut": 320000000,
    "weightedAverageShsOutDil": 320000000,
    "link": "https://www.sec.gov/Archives/edgar/data/896878/000095012309068379/0000950123-09-068379-index.htm",
    "finalLink": "https://www.sec.gov/Archives/edgar/data/896878/000095012309068379/f53802e10vq.htm"
  },
  {
    "date": "2009-07-31",
    "symbol": "INTU",
    "reportedCurrency": "USD",
    "cik": "0000896878",
    "fillingDate": "2009-09-15",
    "acceptedDate": "2009-09-15 16:14:18",
    "calendarYear": "2009",
    "period": "Q4",
    "revenue": 475774000,
    "costOfRevenue": 210911000,
    "grossProfit": 264863000,
    "grossProfitRatio": 0.5566991891,
    "researchAndDevelopmentExpenses": 153900000,
    "generalAndAdministrativeExpenses": 76581000,
    "sellingAndMarketingExpenses": 186005000,
    "sellingGeneralAndAdministrativeExpenses": 262586000,
    "otherExpenses": -36094000,
    "operatingExpenses": 380392000,
    "costAndExpenses": 591303000,
    "interestIncome": 10201000,
    "interestExpense": 15125000,
    "depreciationAndAmortization": 85551000,
    "ebitda": -18806000,
    "ebitdaratio": -0.0395271705,
    "operatingIncome": -115529000,
    "operatingIncomeRatio": -0.2428232732,
    "totalOtherIncomeExpensesNet": -3953000,
    "incomeBeforeTax": -119482000,
    "incomeBeforeTaxRatio": -0.2511318399,
    "incomeTaxExpense": -49179000,
    "netIncome": -70675000,
    "netIncomeRatio": -0.1485474196,
    "eps": -0.22,
    "epsdiluted": -0.22,
    "weightedAverageShsOut": 320000000,
    "weightedAverageShsOutDil": 320000000,
    "link": "https://www.sec.gov/Archives/edgar/data/896878/000095012309043307/0000950123-09-043307-index.htm",
    "finalLink": "https://www.sec.gov/Archives/edgar/data/896878/000095012309043307/f51041e10vk.htm"
  },
  {
    "date": "2009-04-30",
    "symbol": "INTU",
    "reportedCurrency": "USD",
    "cik": "0000896878",
    "fillingDate": "2009-05-29",
    "acceptedDate": "2009-05-29 16:11:22",
    "calendarYear": "2009",
    "period": "Q3",
    "revenue": 1434408000,
    "costOfRevenue": 157692000,
    "grossProfit": 1276716000,
    "grossProfitRatio": 0.8900647515,
    "researchAndDevelopmentExpenses": 132866000,
    "generalAndAdministrativeExpenses": 75335000,
    "sellingAndMarketingExpenses": 278609000,
    "sellingGeneralAndAdministrativeExpenses": 353944000,
    "otherExpenses": 149686000,
    "operatingExpenses": 636496000,
    "costAndExpenses": 670346000,
    "interestIncome": 4000000,
    "interestExpense": 12000000,
    "depreciationAndAmortization": 63019000,
    "ebitda": 834000000,
    "ebitdaratio": 0.5814245319,
    "operatingIncome": 764062000,
    "operatingIncomeRatio": 0.5326671352,
    "totalOtherIncomeExpensesNet": -6158000,
    "incomeBeforeTax": 757904000,
    "incomeBeforeTaxRatio": 0.5283740749,
    "incomeTaxExpense": 272868000,
    "netIncome": 484820000,
    "netIncomeRatio": 0.3379930954,
    "eps": 1.51,
    "epsdiluted": 1.47,
    "weightedAverageShsOut": 322000000,
    "weightedAverageShsOutDil": 329000000,
    "link": "https://www.sec.gov/Archives/edgar/data/896878/000095013409011617/0000950134-09-011617-index.htm",
    "finalLink": "https://www.sec.gov/Archives/edgar/data/896878/000095013409011617/f52152e10vq.htm"
  },
  {
    "date": "2009-01-31",
    "symbol": "INTU",
    "reportedCurrency": "USD",
    "cik": "0000896878",
    "fillingDate": "2009-03-02",
    "acceptedDate": "2009-03-02 13:59:46",
    "calendarYear": "2009",
    "period": "Q2",
    "revenue": 790976000,
    "costOfRevenue": 178160000,
    "grossProfit": 735331000,
    "grossProfitRatio": 0.9296502043,
    "researchAndDevelopmentExpenses": 143249000,
    "generalAndAdministrativeExpenses": 71088000,
    "sellingAndMarketingExpenses": 276374000,
    "sellingGeneralAndAdministrativeExpenses": 347462000,
    "otherExpenses": 0,
    "operatingExpenses": 490711000,
    "costAndExpenses": 681419000,
    "interestIncome": 5000000,
    "interestExpense": 12000000,
    "depreciationAndAmortization": 65361000,
    "ebitda": 183000000,
    "ebitdaratio": 0.2313597378,
    "operatingIncome": 109557000,
    "operatingIncomeRatio": 0.1385086273,
    "totalOtherIncomeExpensesNet": -5496000,
    "incomeBeforeTax": 104061000,
    "incomeBeforeTaxRatio": 0.1315602496,
    "incomeTaxExpense": 19000000,
    "netIncome": 85040000,
    "netIncomeRatio": 0.1075127437,
    "eps": 0.26,
    "epsdiluted": 0.26,
    "weightedAverageShsOut": 321000000,
    "weightedAverageShsOutDil": 326000000,
    "link": "https://www.sec.gov/Archives/edgar/data/896878/000095013409004209/0000950134-09-004209-index.htm",
    "finalLink": "https://www.sec.gov/Archives/edgar/data/896878/000095013409004209/f50807e10vq.htm"
  },
  {
    "date": "2008-10-31",
    "symbol": "INTU",
    "reportedCurrency": "USD",
    "cik": "0000896878",
    "fillingDate": "2008-12-04",
    "acceptedDate": "2008-12-04 14:26:54",
    "calendarYear": "2009",
    "period": "Q1",
    "revenue": 481379000,
    "costOfRevenue": 160321000,
    "grossProfit": 321058000,
    "grossProfitRatio": 0.666954728,
    "researchAndDevelopmentExpenses": 136217000,
    "generalAndAdministrativeExpenses": 65097000,
    "sellingAndMarketingExpenses": 186186000,
    "sellingGeneralAndAdministrativeExpenses": 251283000,
    "otherExpenses": -3000000,
    "operatingExpenses": 384500000,
    "costAndExpenses": 557409000,
    "interestIncome": 8000000,
    "interestExpense": 12000000,
    "depreciationAndAmortization": 60000000,
    "ebitda": -17000000,
    "ebitdaratio": -0.035315209,
    "operatingIncome": -76030000,
    "operatingIncomeRatio": -0.1579420789,
    "totalOtherIncomeExpensesNet": -13022000,
    "incomeBeforeTax": -89052000,
    "incomeBeforeTaxRatio": -0.184993529,
    "incomeTaxExpense": -37000000,
    "netIncome": -52144000,
    "netIncomeRatio": -0.1083221329,
    "eps": -0.16,
    "epsdiluted": -0.16,
    "weightedAverageShsOut": 323000000,
    "weightedAverageShsOutDil": 323000000,
    "link": "https://www.sec.gov/Archives/edgar/data/896878/000095013408021624/0000950134-08-021624-index.htm",
    "finalLink": "https://www.sec.gov/Archives/edgar/data/896878/000095013408021624/f50625e10vq.htm"
  },
  {
    "date": "2008-07-31",
    "symbol": "INTU",
    "reportedCurrency": "USD",
    "cik": "0000896878",
    "fillingDate": "2008-09-12",
    "acceptedDate": "2008-09-12 13:43:38",
    "calendarYear": "2008",
    "period": "Q4",
    "revenue": 482154000,
    "costOfRevenue": 153203000,
    "grossProfit": 328951000,
    "grossProfitRatio": 0.6822529731,
    "researchAndDevelopmentExpenses": 156730000,
    "generalAndAdministrativeExpenses": 72029000,
    "sellingAndMarketingExpenses": 180188000,
    "sellingGeneralAndAdministrativeExpenses": 252217000,
    "otherExpenses": 4000000,
    "operatingExpenses": 412947000,
    "costAndExpenses": 576319000,
    "interestIncome": 0,
    "interestExpense": 7800000,
    "depreciationAndAmortization": 82088000,
    "ebitda": -1908000,
    "ebitdaratio": -0.0039572419,
    "operatingIncome": -94165000,
    "operatingIncomeRatio": -0.1953006716,
    "totalOtherIncomeExpensesNet": 2369000,
    "incomeBeforeTax": -91796000,
    "incomeBeforeTaxRatio": -0.1903873036,
    "incomeTaxExpense": -30260000,
    "netIncome": -61860000,
    "netIncomeRatio": -0.1282992571,
    "eps": -0.19,
    "epsdiluted": -0.19,
    "weightedAverageShsOut": 323269000,
    "weightedAverageShsOutDil": 323269000,
    "link": "https://www.sec.gov/Archives/edgar/data/896878/000095013408016540/0000950134-08-016540-index.htm",
    "finalLink": "https://www.sec.gov/Archives/edgar/data/896878/000095013408016540/f42782e10vk.htm"
  },
  {
    "date": "2008-04-30",
    "symbol": "INTU",
    "reportedCurrency": "USD",
    "cik": "0000896878",
    "fillingDate": "2008-05-30",
    "acceptedDate": "2008-05-30 13:03:48",
    "calendarYear": "2008",
    "period": "Q3",
    "revenue": 1313008000,
    "costOfRevenue": 154023000,
    "grossProfit": 1158985000,
    "grossProfitRatio": 0.8826945457,
    "researchAndDevelopmentExpenses": 149985000,
    "generalAndAdministrativeExpenses": 79150000,
    "sellingAndMarketingExpenses": 246095000,
    "sellingGeneralAndAdministrativeExpenses": 325245000,
    "otherExpenses": 0,
    "operatingExpenses": 475230000,
    "costAndExpenses": 638507000,
    "interestIncome": 10361000,
    "interestExpense": 12830000,
    "depreciationAndAmortization": 56938000,
    "ebitda": 755893000,
    "ebitdaratio": 0.5756956546,
    "operatingIncome": 674501000,
    "operatingIncomeRatio": 0.5137066949,
    "totalOtherIncomeExpensesNet": 11624000,
    "incomeBeforeTax": 686125000,
    "incomeBeforeTaxRatio": 0.5225596493,
    "incomeTaxExpense": 241612000,
    "netIncome": 444179000,
    "netIncomeRatio": 0.3382911604,
    "eps": 1.37,
    "epsdiluted": 1.33,
    "weightedAverageShsOut": 323408000,
    "weightedAverageShsOutDil": 333436000,
    "link": "https://www.sec.gov/Archives/edgar/data/896878/000095013408010488/0000950134-08-010488-index.htm",
    "finalLink": "https://www.sec.gov/Archives/edgar/data/896878/000095013408010488/f40119e10vq.htm"
  },
  {
    "date": "2008-01-31",
    "symbol": "INTU",
    "reportedCurrency": "USD",
    "cik": "0000896878",
    "fillingDate": "2008-02-29",
    "acceptedDate": "2008-02-29 14:10:45",
    "calendarYear": "2008",
    "period": "Q2",
    "revenue": 834874000,
    "costOfRevenue": 173017000,
    "grossProfit": 661857000,
    "grossProfitRatio": 0.7927627402,
    "researchAndDevelopmentExpenses": 149767000,
    "generalAndAdministrativeExpenses": 66672000,
    "sellingAndMarketingExpenses": 263705000,
    "sellingGeneralAndAdministrativeExpenses": 330377000,
    "otherExpenses": 0,
    "operatingExpenses": 480144000,
    "costAndExpenses": 661244000,
    "interestIncome": 4925000,
    "interestExpense": 13510000,
    "depreciationAndAmortization": 51360000,
    "ebitda": 243919000,
    "ebitdaratio": 0.2921626497,
    "operatingIncome": 173630000,
    "operatingIncomeRatio": 0.2079715023,
    "totalOtherIncomeExpensesNet": 5419000,
    "incomeBeforeTax": 179049000,
    "incomeBeforeTaxRatio": 0.2144623021,
    "incomeTaxExpense": 62555000,
    "netIncome": 115247000,
    "netIncomeRatio": 0.1380411894,
    "eps": 0.35,
    "epsdiluted": 0.34,
    "weightedAverageShsOut": 331139000,
    "weightedAverageShsOutDil": 342751000,
    "link": "https://www.sec.gov/Archives/edgar/data/896878/000095013408003821/0000950134-08-003821-index.htm",
    "finalLink": "https://www.sec.gov/Archives/edgar/data/896878/000095013408003821/f37882e10vq.htm"
  },
  {
    "date": "2007-10-31",
    "symbol": "INTU",
    "reportedCurrency": "USD",
    "cik": "0000896878",
    "fillingDate": "2007-11-30",
    "acceptedDate": "2007-11-30 14:17:50",
    "calendarYear": "2008",
    "period": "Q1",
    "revenue": 444938000,
    "costOfRevenue": 144015000,
    "grossProfit": 300923000,
    "grossProfitRatio": 0.6763256903,
    "researchAndDevelopmentExpenses": 149336000,
    "generalAndAdministrativeExpenses": 77115000,
    "sellingAndMarketingExpenses": 169659000,
    "sellingGeneralAndAdministrativeExpenses": 246774000,
    "otherExpenses": 0,
    "operatingExpenses": 396110000,
    "costAndExpenses": 548137000,
    "interestIncome": 0,
    "interestExpense": 0,
    "depreciationAndAmortization": 26077000,
    "ebitda": -31166000,
    "ebitdaratio": -0.0700457142,
    "operatingIncome": -103199000,
    "operatingIncomeRatio": -0.2319401804,
    "totalOtherIncomeExpensesNet": 27806000,
    "incomeBeforeTax": -75393000,
    "incomeBeforeTaxRatio": -0.1694460801,
    "incomeTaxExpense": -28328000,
    "netIncome": -20804000,
    "netIncomeRatio": -0.0467570763,
    "eps": -0.0616,
    "epsdiluted": -0.0616,
    "weightedAverageShsOut": 337584000,
    "weightedAverageShsOutDil": 337584000,
    "link": "https://www.sec.gov/Archives/edgar/data/896878/000095013407024741/0000950134-07-024741-index.htm",
    "finalLink": "https://www.sec.gov/Archives/edgar/data/896878/000095013407024741/f34356e10vq.htm"
  },
  {
    "date": "2007-07-31",
    "symbol": "INTU",
    "reportedCurrency": "USD",
    "cik": "0000896878",
    "fillingDate": "2007-09-14",
    "acceptedDate": "2007-09-14 16:56:26",
    "calendarYear": "2007",
    "period": "Q4",
    "revenue": 393172000,
    "costOfRevenue": 126361000,
    "grossProfit": 266811000,
    "grossProfitRatio": 0.6786113965,
    "researchAndDevelopmentExpenses": 117696000,
    "generalAndAdministrativeExpenses": 67404000,
    "sellingAndMarketingExpenses": 149316000,
    "sellingGeneralAndAdministrativeExpenses": 216720000,
    "otherExpenses": -13580000,
    "operatingExpenses": 320836000,
    "costAndExpenses": 442069000,
    "interestIncome": 0,
    "interestExpense": 0,
    "depreciationAndAmortization": 41802000,
    "ebitda": -7095000,
    "ebitdaratio": -0.0180455373,
    "operatingIncome": -54025000,
    "operatingIncomeRatio": -0.1374080555,
    "totalOtherIncomeExpensesNet": 0,
    "incomeBeforeTax": -16231000,
    "incomeBeforeTaxRatio": -0.0412821869,
    "incomeTaxExpense": -5432000,
    "netIncome": -13640000,
    "netIncomeRatio": -0.0346921958,
    "eps": -0.0404,
    "epsdiluted": -0.0404,
    "weightedAverageShsOut": 337495000,
    "weightedAverageShsOutDil": 337584000,
    "link": "https://www.sec.gov/Archives/edgar/data/896878/000095013407020001/0000950134-07-020001-index.htm",
    "finalLink": "https://www.sec.gov/Archives/edgar/data/896878/000095013407020001/f33044e10vk.htm"
  },
  {
    "date": "2007-04-30",
    "symbol": "INTU",
    "reportedCurrency": "USD",
    "cik": "0000896878",
    "fillingDate": "2007-05-30",
    "acceptedDate": "2007-05-30 15:55:11",
    "calendarYear": "2007",
    "period": "Q3",
    "revenue": 1154397000,
    "costOfRevenue": 138824000,
    "grossProfit": 1015573000,
    "grossProfitRatio": 0.8797432772,
    "researchAndDevelopmentExpenses": 119132000,
    "generalAndAdministrativeExpenses": 77685000,
    "sellingAndMarketingExpenses": 216514000,
    "sellingGeneralAndAdministrativeExpenses": 294199000,
    "otherExpenses": 13817000,
    "operatingExpenses": 427148000,
    "costAndExpenses": 575632000,
    "interestIncome": 0,
    "interestExpense": 2920000,
    "depreciationAndAmortization": 41435000,
    "ebitda": 628210000,
    "ebitdaratio": 0.5441888709,
    "operatingIncome": 578765000,
    "operatingIncomeRatio": 0.5013569855,
    "totalOtherIncomeExpensesNet": -1509000,
    "incomeBeforeTax": 577256000,
    "incomeBeforeTaxRatio": 0.5000498096,
    "incomeTaxExpense": 208634000,
    "netIncome": 367211000,
    "netIncomeRatio": 0.3180976735,
    "eps": 1.08,
    "epsdiluted": 1.04,
    "weightedAverageShsOut": 339495000,
    "weightedAverageShsOutDil": 351686000,
    "link": "https://www.sec.gov/Archives/edgar/data/896878/000095013407012588/0000950134-07-012588-index.htm",
    "finalLink": "https://www.sec.gov/Archives/edgar/data/896878/000095013407012588/f30406e10vq.htm"
  },
  {
    "date": "2007-01-31",
    "symbol": "INTU",
    "reportedCurrency": "USD",
    "cik": "0000896878",
    "fillingDate": "2007-03-02",
    "acceptedDate": "2007-03-02 16:35:28",
    "calendarYear": "2007",
    "period": "Q2",
    "revenue": 763307000,
    "costOfRevenue": 138546000,
    "grossProfit": 624761000,
    "grossProfitRatio": 0.8184924283,
    "researchAndDevelopmentExpenses": 115474000,
    "generalAndAdministrativeExpenses": 68606000,
    "sellingAndMarketingExpenses": 221440000,
    "sellingGeneralAndAdministrativeExpenses": 290046000,
    "otherExpenses": 1924000,
    "operatingExpenses": 407444000,
    "costAndExpenses": 548983000,
    "interestIncome": 0,
    "interestExpense": 0,
    "depreciationAndAmortization": 27449000,
    "ebitda": 243535000,
    "ebitdaratio": 0.3190524913,
    "operatingIncome": 214983000,
    "operatingIncomeRatio": 0.2816468341,
    "totalOtherIncomeExpensesNet": 11046000,
    "incomeBeforeTax": 225370000,
    "incomeBeforeTaxRatio": 0.2952547271,
    "incomeTaxExpense": 79673000,
    "netIncome": 145362000,
    "netIncomeRatio": 0.1904371374,
    "eps": 0.42,
    "epsdiluted": 0.4,
    "weightedAverageShsOut": 347185000,
    "weightedAverageShsOutDil": 360573000,
    "link": "https://www.sec.gov/Archives/edgar/data/896878/000095013407004697/0000950134-07-004697-index.htm",
    "finalLink": "https://www.sec.gov/Archives/edgar/data/896878/000095013407004697/f26891e10vq.htm"
  },
  {
    "date": "2006-10-31",
    "symbol": "INTU",
    "reportedCurrency": "USD",
    "cik": "0000896878",
    "fillingDate": "2006-12-01",
    "acceptedDate": "2006-12-01 14:13:26",
    "calendarYear": "2007",
    "period": "Q1",
    "revenue": 362071000,
    "costOfRevenue": 105715000,
    "grossProfit": 256356000,
    "grossProfitRatio": 0.7080268787,
    "researchAndDevelopmentExpenses": 120214000,
    "generalAndAdministrativeExpenses": 77388000,
    "sellingAndMarketingExpenses": 155098000,
    "sellingGeneralAndAdministrativeExpenses": 232486000,
    "otherExpenses": 2308000,
    "operatingExpenses": 355008000,
    "costAndExpenses": 463565000,
    "interestIncome": 0,
    "interestExpense": 0,
    "depreciationAndAmortization": 28044000,
    "ebitda": -68597000,
    "ebitdaratio": -0.1894573164,
    "operatingIncome": -101494000,
    "operatingIncomeRatio": -0.2803151868,
    "totalOtherIncomeExpensesNet": 11511000,
    "incomeBeforeTax": -89983000,
    "incomeBeforeTaxRatio": -0.2485230797,
    "incomeTaxExpense": -30025000,
    "netIncome": -58930000,
    "netIncomeRatio": -0.1627581331,
    "eps": -0.17,
    "epsdiluted": -0.17,
    "weightedAverageShsOut": 346214000,
    "weightedAverageShsOutDil": 346214000,
    "link": "https://www.sec.gov/Archives/edgar/data/896878/000095013406022487/0000950134-06-022487-index.htm",
    "finalLink": "https://www.sec.gov/Archives/edgar/data/896878/000095013406022487/f25019e10vq.htm"
  },
  {
    "date": "2006-07-31",
    "symbol": "INTU",
    "reportedCurrency": "USD",
    "cik": "0000896878",
    "fillingDate": "2006-09-15",
    "acceptedDate": "2006-09-15 13:08:46",
    "calendarYear": "2006",
    "period": "Q4",
    "revenue": 342925000,
    "costOfRevenue": 91447000,
    "grossProfit": 251478000,
    "grossProfitRatio": 0.7333323613,
    "researchAndDevelopmentExpenses": 104284000,
    "generalAndAdministrativeExpenses": 67391000,
    "sellingAndMarketingExpenses": 132069000,
    "sellingGeneralAndAdministrativeExpenses": 199460000,
    "otherExpenses": 1901000,
    "operatingExpenses": 305645000,
    "costAndExpenses": 399839000,
    "interestIncome": 0,
    "interestExpense": 0,
    "depreciationAndAmortization": 30527000,
    "ebitda": -23640000,
    "ebitdaratio": -0.0689363563,
    "operatingIncome": -60673000,
    "operatingIncomeRatio": -0.1769278997,
    "totalOtherIncomeExpensesNet": 26736000,
    "incomeBeforeTax": -33937000,
    "incomeBeforeTaxRatio": -0.0989633302,
    "incomeTaxExpense": -15774000,
    "netIncome": -18854000,
    "netIncomeRatio": -0.0549799519,
    "eps": -0.0551,
    "epsdiluted": -0.0545,
    "weightedAverageShsOut": 342448000,
    "weightedAverageShsOutDil": 346214000,
    "link": "https://www.sec.gov/Archives/edgar/data/896878/000095013406017817/0000950134-06-017817-index.htm",
    "finalLink": "https://www.sec.gov/Archives/edgar/data/896878/000095013406017817/f23541e10vk.htm"
  },
  {
    "date": "2006-04-30",
    "symbol": "INTU",
    "reportedCurrency": "USD",
    "cik": "0000896878",
    "fillingDate": "2006-06-09",
    "acceptedDate": "2006-06-09 15:23:16",
    "calendarYear": "2006",
    "period": "Q3",
    "revenue": 952603000,
    "costOfRevenue": 107931000,
    "grossProfit": 844672000,
    "grossProfitRatio": 0.8866988662,
    "researchAndDevelopmentExpenses": 97335000,
    "generalAndAdministrativeExpenses": 74009000,
    "sellingAndMarketingExpenses": 187654000,
    "sellingGeneralAndAdministrativeExpenses": 261663000,
    "otherExpenses": 2289000,
    "operatingExpenses": 361287000,
    "costAndExpenses": 472496000,
    "interestIncome": 0,
    "interestExpense": 0,
    "depreciationAndAmortization": 28652000,
    "ebitda": 512037000,
    "ebitdaratio": 0.5375135287,
    "operatingIncome": 480107000,
    "operatingIncomeRatio": 0.5039948436,
    "totalOtherIncomeExpensesNet": 8770000,
    "incomeBeforeTax": 488877000,
    "incomeBeforeTaxRatio": 0.5132011971,
    "incomeTaxExpense": 190229000,
    "netIncome": 298648000,
    "netIncomeRatio": 0.3135073058,
    "eps": 0.87,
    "epsdiluted": 0.84,
    "weightedAverageShsOut": 343670000,
    "weightedAverageShsOutDil": 355918000,
    "link": "https://www.sec.gov/Archives/edgar/data/896878/000095013406011375/0000950134-06-011375-index.htm",
    "finalLink": "https://www.sec.gov/Archives/edgar/data/896878/000095013406011375/f21016e10vq.htm"
  },
  {
    "date": "2006-01-31",
    "symbol": "INTU",
    "reportedCurrency": "USD",
    "cik": "0000896878",
    "fillingDate": "2006-03-09",
    "acceptedDate": "2006-03-09 08:12:08",
    "calendarYear": "2006",
    "period": "Q2",
    "revenue": 742704000,
    "costOfRevenue": 135132000,
    "grossProfit": 607572000,
    "grossProfitRatio": 0.8180540296,
    "researchAndDevelopmentExpenses": 100084000,
    "generalAndAdministrativeExpenses": 65297000,
    "sellingAndMarketingExpenses": 196903000,
    "sellingGeneralAndAdministrativeExpenses": 262200000,
    "otherExpenses": 2763000,
    "operatingExpenses": 365047000,
    "costAndExpenses": 503732000,
    "interestIncome": 0,
    "interestExpense": 0,
    "depreciationAndAmortization": 28610000,
    "ebitda": 273326000,
    "ebitdaratio": 0.3680147138,
    "operatingIncome": 238972000,
    "operatingIncomeRatio": 0.3217594089,
    "totalOtherIncomeExpensesNet": 8349000,
    "incomeBeforeTax": 247321000,
    "incomeBeforeTaxRatio": 0.3330007648,
    "incomeTaxExpense": 92074000,
    "netIncome": 182973000,
    "netIncomeRatio": 0.2463605959,
    "eps": 0.52,
    "epsdiluted": 0.5,
    "weightedAverageShsOut": 350292000,
    "weightedAverageShsOutDil": 363582000,
    "link": "https://www.sec.gov/Archives/edgar/data/896878/000095013406004606/0000950134-06-004606-index.htm",
    "finalLink": "https://www.sec.gov/Archives/edgar/data/896878/000095013406004606/f17250e10vq.htm"
  },
  {
    "date": "2005-10-31",
    "symbol": "INTU",
    "reportedCurrency": "USD",
    "cik": "0000896878",
    "fillingDate": "2005-12-05",
    "acceptedDate": "2005-12-05 16:57:11",
    "calendarYear": "2006",
    "period": "Q1",
    "revenue": 304071000,
    "costOfRevenue": 91679000,
    "grossProfit": 212392000,
    "grossProfitRatio": 0.6984947594,
    "researchAndDevelopmentExpenses": 97280000,
    "generalAndAdministrativeExpenses": 63595000,
    "sellingAndMarketingExpenses": 147430000,
    "sellingGeneralAndAdministrativeExpenses": 211025000,
    "otherExpenses": 2949000,
    "operatingExpenses": 311254000,
    "costAndExpenses": 406692000,
    "interestIncome": 0,
    "interestExpense": 0,
    "depreciationAndAmortization": 29219000,
    "ebitda": -69643000,
    "ebitdaratio": -0.229035324,
    "operatingIncome": -102621000,
    "operatingIncomeRatio": -0.3374902572,
    "totalOtherIncomeExpensesNet": 10571000,
    "incomeBeforeTax": -92050000,
    "incomeBeforeTaxRatio": -0.3027253503,
    "incomeTaxExpense": -34439000,
    "netIncome": -45804000,
    "netIncomeRatio": -0.1506358712,
    "eps": -0.13,
    "epsdiluted": -0.13,
    "weightedAverageShsOut": 354812000,
    "weightedAverageShsOutDil": 354812000,
    "link": "https://www.sec.gov/Archives/edgar/data/896878/000095013405022611/0000950134-05-022611-index.htm",
    "finalLink": "https://www.sec.gov/Archives/edgar/data/896878/000095013405022611/f14990e10vq.htm"
  },
  {
    "date": "2005-07-31",
    "symbol": "INTU",
    "reportedCurrency": "USD",
    "cik": "0000896878",
    "fillingDate": "2005-09-26",
    "acceptedDate": "2005-09-26 17:21:19",
    "calendarYear": "2005",
    "period": "Q4",
    "revenue": 259569000,
    "costOfRevenue": 75453000,
    "grossProfit": 184116000,
    "grossProfitRatio": 0.7093142864,
    "researchAndDevelopmentExpenses": 72969000,
    "generalAndAdministrativeExpenses": 46785000,
    "sellingAndMarketingExpenses": 109224000,
    "sellingGeneralAndAdministrativeExpenses": 156009000,
    "otherExpenses": 104000,
    "operatingExpenses": 229082000,
    "costAndExpenses": 308494000,
    "interestIncome": 0,
    "interestExpense": 0,
    "depreciationAndAmortization": 28261000,
    "ebitda": -16705000,
    "ebitdaratio": -0.0643566836,
    "operatingIncome": -53369000,
    "operatingIncomeRatio": -0.2056062165,
    "totalOtherIncomeExpensesNet": 23220000,
    "incomeBeforeTax": -30149000,
    "incomeBeforeTaxRatio": -0.1161502337,
    "incomeTaxExpense": 1748000,
    "netIncome": -19996000,
    "netIncomeRatio": -0.0770353933,
    "eps": -0.0564,
    "epsdiluted": -0.0564,
    "weightedAverageShsOut": 354812000,
    "weightedAverageShsOutDil": 354812000,
    "link": "https://www.sec.gov/Archives/edgar/data/896878/000095013405018355/0000950134-05-018355-index.htm",
    "finalLink": "https://www.sec.gov/Archives/edgar/data/896878/000095013405018355/f10990e10vk.htm"
  },
  {
    "date": "2005-04-30",
    "symbol": "INTU",
    "reportedCurrency": "USD",
    "cik": "0000896878",
    "fillingDate": "2005-06-07",
    "acceptedDate": "2005-06-07 16:18:35",
    "calendarYear": "2005",
    "period": "Q3",
    "revenue": 849505000,
    "costOfRevenue": 103121000,
    "grossProfit": 746384000,
    "grossProfitRatio": 0.8786104849,
    "researchAndDevelopmentExpenses": 79422000,
    "generalAndAdministrativeExpenses": 70508000,
    "sellingAndMarketingExpenses": 163064000,
    "sellingGeneralAndAdministrativeExpenses": 233572000,
    "otherExpenses": 3354000,
    "operatingExpenses": 316348000,
    "costAndExpenses": 423439000,
    "interestIncome": 0,
    "interestExpense": 0,
    "depreciationAndAmortization": 34914000,
    "ebitda": 461094000,
    "ebitdaratio": 0.5427796187,
    "operatingIncome": 426066000,
    "operatingIncomeRatio": 0.5015461945,
    "totalOtherIncomeExpensesNet": 5926000,
    "incomeBeforeTax": 431992000,
    "incomeBeforeTaxRatio": 0.5085220216,
    "incomeTaxExpense": 129992000,
    "netIncome": 300507000,
    "netIncomeRatio": 0.3537436507,
    "eps": 0.82,
    "epsdiluted": 0.81,
    "weightedAverageShsOut": 366844000,
    "weightedAverageShsOutDil": 373774000,
    "link": "https://www.sec.gov/Archives/edgar/data/896878/000095013405011508/0000950134-05-011508-index.htm",
    "finalLink": "https://www.sec.gov/Archives/edgar/data/896878/000095013405011508/f08658e10vq.htm"
  },
  {
    "date": "2005-01-31",
    "symbol": "INTU",
    "reportedCurrency": "USD",
    "cik": "0000896878",
    "fillingDate": "2005-03-08",
    "acceptedDate": "2005-03-07 20:31:20",
    "calendarYear": "2005",
    "period": "Q2",
    "revenue": 662639000,
    "costOfRevenue": 117607000,
    "grossProfit": 545032000,
    "grossProfitRatio": 0.8225172379,
    "researchAndDevelopmentExpenses": 77743000,
    "generalAndAdministrativeExpenses": 57371000,
    "sellingAndMarketingExpenses": 177985000,
    "sellingGeneralAndAdministrativeExpenses": 235356000,
    "otherExpenses": 3439000,
    "operatingExpenses": 316538000,
    "costAndExpenses": 438317000,
    "interestIncome": 0,
    "interestExpense": 0,
    "depreciationAndAmortization": 35043000,
    "ebitda": 257400000,
    "ebitdaratio": 0.3884468014,
    "operatingIncome": 224322000,
    "operatingIncomeRatio": 0.3385282182,
    "totalOtherIncomeExpensesNet": 3148000,
    "incomeBeforeTax": 227470000,
    "incomeBeforeTaxRatio": 0.3432789196,
    "incomeTaxExpense": 76256000,
    "netIncome": 147252000,
    "netIncomeRatio": 0.2222205454,
    "eps": 0.4,
    "epsdiluted": 0.39,
    "weightedAverageShsOut": 372662000,
    "weightedAverageShsOutDil": 380200000,
    "link": "https://www.sec.gov/Archives/edgar/data/896878/000095013405004338/0000950134-05-004338-index.htm",
    "finalLink": "https://www.sec.gov/Archives/edgar/data/896878/000095013405004338/f05664e10vq.htm"
  },
  {
    "date": "2004-10-31",
    "symbol": "INTU",
    "reportedCurrency": "USD",
    "cik": "0000896878",
    "fillingDate": "2004-12-10",
    "acceptedDate": "2004-12-10 12:29:16",
    "calendarYear": "2005",
    "period": "Q1",
    "revenue": 265990000,
    "costOfRevenue": 76472000,
    "grossProfit": 189518000,
    "grossProfitRatio": 0.7125004699,
    "researchAndDevelopmentExpenses": 75107000,
    "generalAndAdministrativeExpenses": 50843000,
    "sellingAndMarketingExpenses": 133135000,
    "sellingGeneralAndAdministrativeExpenses": 183978000,
    "otherExpenses": 3354000,
    "operatingExpenses": 262439000,
    "costAndExpenses": 343355000,
    "interestIncome": 0,
    "interestExpense": 335000,
    "depreciationAndAmortization": 29300000,
    "ebitda": -48410000,
    "ebitdaratio": -0.1819993233,
    "operatingIncome": -77365000,
    "operatingIncomeRatio": -0.2908567991,
    "totalOtherIncomeExpensesNet": 4109000,
    "incomeBeforeTax": -73256000,
    "incomeBeforeTaxRatio": -0.27540885,
    "incomeTaxExpense": -32641000,
    "netIncome": -46136000,
    "netIncomeRatio": -0.1734501297,
    "eps": -0.12,
    "epsdiluted": -0.12,
    "weightedAverageShsOut": 376692000,
    "weightedAverageShsOutDil": 376692000,
    "link": "https://www.sec.gov/Archives/edgar/data/896878/000095013404019005/0000950134-04-019005-index.htm",
    "finalLink": "https://www.sec.gov/Archives/edgar/data/896878/000095013404019005/f03579e10vq.htm"
  },
  {
    "date": "2004-07-31",
    "symbol": "INTU",
    "reportedCurrency": "USD",
    "cik": "0000896878",
    "fillingDate": "2004-09-24",
    "acceptedDate": "2004-09-24 12:44:51",
    "calendarYear": "2004",
    "period": "Q4",
    "revenue": 275893000,
    "costOfRevenue": 75632000,
    "grossProfit": 200261000,
    "grossProfitRatio": 0.7258647374,
    "researchAndDevelopmentExpenses": 65298000,
    "generalAndAdministrativeExpenses": 136040000,
    "sellingAndMarketingExpenses": 0,
    "sellingGeneralAndAdministrativeExpenses": 162897000,
    "otherExpenses": 4100000,
    "operatingExpenses": 232295000,
    "costAndExpenses": 331843000,
    "interestIncome": 0,
    "interestExpense": 11171000,
    "depreciationAndAmortization": 39293000,
    "ebitda": 7259000,
    "ebitdaratio": 0.0263109249,
    "operatingIncome": -133095000,
    "operatingIncomeRatio": -0.4824152842,
    "totalOtherIncomeExpensesNet": -99808000,
    "incomeBeforeTax": -232903000,
    "incomeBeforeTaxRatio": -0.8441787215,
    "incomeTaxExpense": -1101000,
    "netIncome": -42104000,
    "netIncomeRatio": -0.1526098886,
    "eps": -0.11,
    "epsdiluted": -0.11,
    "weightedAverageShsOut": 376692000,
    "weightedAverageShsOutDil": 376692000,
    "link": "https://www.sec.gov/Archives/edgar/data/896878/000095013404014081/0000950134-04-014081-index.htm",
    "finalLink": "https://www.sec.gov/Archives/edgar/data/896878/000095013404014081/f00874e10vk.htm"
  },
  {
    "date": "2004-04-30",
    "symbol": "INTU",
    "reportedCurrency": "USD",
    "cik": "0000896878",
    "fillingDate": "2004-06-14",
    "acceptedDate": "2004-06-14 12:21:08",
    "calendarYear": "2004",
    "period": "Q3",
    "revenue": 712953000,
    "costOfRevenue": 96071000,
    "grossProfit": 616882000,
    "grossProfitRatio": 0.8652491819,
    "researchAndDevelopmentExpenses": 71167000,
    "generalAndAdministrativeExpenses": 44214000,
    "sellingAndMarketingExpenses": 95710000,
    "sellingGeneralAndAdministrativeExpenses": 139924000,
    "otherExpenses": 52269000,
    "operatingExpenses": 263360000,
    "costAndExpenses": 365822000,
    "interestIncome": 0,
    "interestExpense": 0,
    "depreciationAndAmortization": 28486000,
    "ebitda": 382190000,
    "ebitdaratio": 0.5360661923,
    "operatingIncome": 347131000,
    "operatingIncomeRatio": 0.4868918428,
    "totalOtherIncomeExpensesNet": 4881000,
    "incomeBeforeTax": 352012000,
    "incomeBeforeTaxRatio": 0.4937380164,
    "incomeTaxExpense": 87979000,
    "netIncome": 264033000,
    "netIncomeRatio": 0.3703371751,
    "eps": 0.68,
    "epsdiluted": 0.67,
    "weightedAverageShsOut": 389034000,
    "weightedAverageShsOutDil": 397496000,
    "link": "https://www.sec.gov/Archives/edgar/data/896878/000095013404008758/0000950134-04-008758-index.htm",
    "finalLink": "https://www.sec.gov/Archives/edgar/data/896878/000095013404008758/f99137e10vq.htm"
  },
  {
    "date": "2004-01-31",
    "symbol": "INTU",
    "reportedCurrency": "USD",
    "cik": "0000896878",
    "fillingDate": "2004-03-09",
    "acceptedDate": "2004-03-09 07:32:17",
    "calendarYear": "2004",
    "period": "Q2",
    "revenue": 636289000,
    "costOfRevenue": 115256000,
    "grossProfit": 521033000,
    "grossProfitRatio": 0.8188621837,
    "researchAndDevelopmentExpenses": 73333000,
    "generalAndAdministrativeExpenses": 48131000,
    "sellingAndMarketingExpenses": 107640000,
    "sellingGeneralAndAdministrativeExpenses": 155771000,
    "otherExpenses": 66539000,
    "operatingExpenses": 295643000,
    "costAndExpenses": 417679000,
    "interestIncome": 0,
    "interestExpense": 0,
    "depreciationAndAmortization": 28291000,
    "ebitda": 254184000,
    "ebitdaratio": 0.3994788532,
    "operatingIncome": 218610000,
    "operatingIncomeRatio": 0.3435702959,
    "totalOtherIncomeExpensesNet": 7260000,
    "incomeBeforeTax": 225870000,
    "incomeBeforeTaxRatio": 0.3549802055,
    "incomeTaxExpense": 76804000,
    "netIncome": 149066000,
    "netIncomeRatio": 0.2342740484,
    "eps": 0.38,
    "epsdiluted": 0.37,
    "weightedAverageShsOut": 395330000,
    "weightedAverageShsOutDil": 406860000,
    "link": "https://www.sec.gov/Archives/edgar/data/896878/000095013404003115/0000950134-04-003115-index.htm",
    "finalLink": "https://www.sec.gov/Archives/edgar/data/896878/000095013404003115/f96197e10vq.htm"
  },
  {
    "date": "2003-10-31",
    "symbol": "INTU",
    "reportedCurrency": "USD",
    "cik": "0000896878",
    "fillingDate": "2003-12-05",
    "acceptedDate": "2003-12-05 14:32:36",
    "calendarYear": "2004",
    "period": "Q1",
    "revenue": 242528000,
    "costOfRevenue": 74638000,
    "grossProfit": 167890000,
    "grossProfitRatio": 0.692249967,
    "researchAndDevelopmentExpenses": 71331000,
    "generalAndAdministrativeExpenses": 43695000,
    "sellingAndMarketingExpenses": 91949000,
    "sellingGeneralAndAdministrativeExpenses": 135644000,
    "otherExpenses": 44280000,
    "operatingExpenses": 251255000,
    "costAndExpenses": 331942000,
    "interestIncome": 0,
    "interestExpense": 0,
    "depreciationAndAmortization": 28547000,
    "ebitda": -54361000,
    "ebitdaratio": -0.2241431917,
    "operatingIncome": -89414000,
    "operatingIncomeRatio": -0.3686749571,
    "totalOtherIncomeExpensesNet": 7637000,
    "incomeBeforeTax": -81777000,
    "incomeBeforeTaxRatio": -0.3371858095,
    "incomeTaxExpense": -27520000,
    "netIncome": -53965000,
    "netIncomeRatio": -0.2225103906,
    "eps": -0.14,
    "epsdiluted": -0.14,
    "weightedAverageShsOut": 397494000,
    "weightedAverageShsOutDil": 397494000,
    "link": "https://www.sec.gov/Archives/edgar/data/896878/000089161803006189/0000891618-03-006189-index.htm",
    "finalLink": "https://www.sec.gov/Archives/edgar/data/896878/000089161803006189/f94892e10vq.htm"
  },
  {
    "date": "2003-07-31",
    "symbol": "INTU",
    "reportedCurrency": "USD",
    "cik": "0000896878",
    "fillingDate": "2003-09-19",
    "acceptedDate": "2003-09-19 17:08:12",
    "calendarYear": "2003",
    "period": "Q4",
    "revenue": 175845000,
    "costOfRevenue": 69561000,
    "grossProfit": 106284000,
    "grossProfitRatio": 0.6044186642,
    "researchAndDevelopmentExpenses": 63612000,
    "generalAndAdministrativeExpenses": 0,
    "sellingAndMarketingExpenses": 0,
    "sellingGeneralAndAdministrativeExpenses": 142939000,
    "otherExpenses": -59750000,
    "operatingExpenses": 146801000,
    "costAndExpenses": 216362000,
    "interestIncome": 0,
    "interestExpense": 0,
    "depreciationAndAmortization": 24613000,
    "ebitda": -8972000,
    "ebitdaratio": -0.0510222071,
    "operatingIncome": -40517000,
    "operatingIncomeRatio": -0.2304131479,
    "totalOtherIncomeExpensesNet": 14763000,
    "incomeBeforeTax": -25754000,
    "incomeBeforeTaxRatio": -0.1464585288,
    "incomeTaxExpense": -1066000,
    "netIncome": -24688000,
    "netIncomeRatio": -0.1403963718,
    "eps": -0.0625,
    "epsdiluted": -0.0621,
    "weightedAverageShsOut": 394783238,
    "weightedAverageShsOutDil": 397494000,
    "link": "https://www.sec.gov/Archives/edgar/data/896878/000089161803004854/0000891618-03-004854-index.htm",
    "finalLink": "https://www.sec.gov/Archives/edgar/data/896878/000089161803004854/f90545e10vk.htm"
  },
  {
    "date": "2003-04-30",
    "symbol": "INTU",
    "reportedCurrency": "USD",
    "cik": "0000896878",
    "fillingDate": "2003-05-30",
    "acceptedDate": "2003-05-30 17:26:51",
    "calendarYear": "2003",
    "period": "Q3",
    "revenue": 634698000,
    "costOfRevenue": 88706000,
    "grossProfit": 545992000,
    "grossProfitRatio": 0.8602390428,
    "researchAndDevelopmentExpenses": 62002000,
    "generalAndAdministrativeExpenses": 0,
    "sellingAndMarketingExpenses": 0,
    "sellingGeneralAndAdministrativeExpenses": 163395000,
    "otherExpenses": 12068000,
    "operatingExpenses": 237465000,
    "costAndExpenses": 326171000,
    "interestIncome": 0,
    "interestExpense": 0,
    "depreciationAndAmortization": 24469000,
    "ebitda": 341402000,
    "ebitdaratio": 0.5378967635,
    "operatingIncome": 308527000,
    "operatingIncomeRatio": 0.4861004761,
    "totalOtherIncomeExpensesNet": 15207000,
    "incomeBeforeTax": 323734000,
    "incomeBeforeTaxRatio": 0.5100599025,
    "incomeTaxExpense": 100766000,
    "netIncome": 293977000,
    "netIncomeRatio": 0.4631761877,
    "eps": 0.72,
    "epsdiluted": 0.7,
    "weightedAverageShsOut": 411418000,
    "weightedAverageShsOutDil": 420896000,
    "link": "https://www.sec.gov/Archives/edgar/data/896878/000089161803002791/0000891618-03-002791-index.htm",
    "finalLink": "https://www.sec.gov/Archives/edgar/data/896878/000089161803002791/f90505e10vq.htm"
  },
  {
    "date": "2003-01-31",
    "symbol": "INTU",
    "reportedCurrency": "USD",
    "cik": "0000896878",
    "fillingDate": "2003-02-28",
    "acceptedDate": "2003-02-28 13:09:58",
    "calendarYear": "2003",
    "period": "Q2",
    "revenue": 558076000,
    "costOfRevenue": 115783000,
    "grossProfit": 442293000,
    "grossProfitRatio": 0.7925318415,
    "researchAndDevelopmentExpenses": 66080000,
    "generalAndAdministrativeExpenses": 38405000,
    "sellingAndMarketingExpenses": 97796000,
    "sellingGeneralAndAdministrativeExpenses": 136201000,
    "otherExpenses": 69333000,
    "operatingExpenses": 271614000,
    "costAndExpenses": 387397000,
    "interestIncome": 0,
    "interestExpense": 0,
    "depreciationAndAmortization": 21761000,
    "ebitda": 202664000,
    "ebitdaratio": 0.3631476716,
    "operatingIncome": 170679000,
    "operatingIncomeRatio": 0.3058346892,
    "totalOtherIncomeExpensesNet": 10597000,
    "incomeBeforeTax": 181276000,
    "incomeBeforeTaxRatio": 0.3248231424,
    "incomeTaxExpense": 55905000,
    "netIncome": 128430000,
    "netIncomeRatio": 0.2301299465,
    "eps": 0.31,
    "epsdiluted": 0.3,
    "weightedAverageShsOut": 411364000,
    "weightedAverageShsOutDil": 424910000,
    "link": "https://www.sec.gov/Archives/edgar/data/896878/000089161803001077/0000891618-03-001077-index.htm",
    "finalLink": "https://www.sec.gov/Archives/edgar/data/896878/000089161803001077/f87144e10vq.htm"
  },
  {
    "date": "2002-10-31",
    "symbol": "INTU",
    "reportedCurrency": "USD",
    "cik": "0000896878",
    "fillingDate": "2002-12-05",
    "acceptedDate": "2002-12-05 13:34:50",
    "calendarYear": "2003",
    "period": "Q1",
    "revenue": 223282000,
    "costOfRevenue": 71313000,
    "grossProfit": 151969000,
    "grossProfitRatio": 0.6806146487,
    "researchAndDevelopmentExpenses": 65682000,
    "generalAndAdministrativeExpenses": 40161000,
    "sellingAndMarketingExpenses": 78801000,
    "sellingGeneralAndAdministrativeExpenses": 118962000,
    "otherExpenses": 61973000,
    "operatingExpenses": 246617000,
    "costAndExpenses": 317930000,
    "interestIncome": 0,
    "interestExpense": 8655000,
    "depreciationAndAmortization": 22120000,
    "ebitda": -55284000,
    "ebitdaratio": -0.2475972089,
    "operatingIncome": -94648000,
    "operatingIncomeRatio": -0.4238944474,
    "totalOtherIncomeExpensesNet": 8589000,
    "incomeBeforeTax": -86059000,
    "incomeBeforeTaxRatio": -0.3854273967,
    "incomeTaxExpense": -25818000,
    "netIncome": -54685000,
    "netIncomeRatio": -0.2449145027,
    "eps": -0.13,
    "epsdiluted": -0.13,
    "weightedAverageShsOut": 415930000,
    "weightedAverageShsOutDil": 415930000,
    "link": "https://www.sec.gov/Archives/edgar/data/896878/000089161802005422/0000891618-02-005422-index.htm",
    "finalLink": "https://www.sec.gov/Archives/edgar/data/896878/000089161802005422/f86179e10vq.htm"
  },
  {
    "date": "2002-07-31",
    "symbol": "INTU",
    "reportedCurrency": "USD",
    "cik": "0000896878",
    "fillingDate": "2002-09-25",
    "acceptedDate": "2002-09-25 17:14:58",
    "calendarYear": "2002",
    "period": "Q4",
    "revenue": 57111000,
    "costOfRevenue": 22901000,
    "grossProfit": 34210000,
    "grossProfitRatio": 0.5990089475,
    "researchAndDevelopmentExpenses": 47411000,
    "generalAndAdministrativeExpenses": 0,
    "sellingAndMarketingExpenses": 0,
    "sellingGeneralAndAdministrativeExpenses": 77737000,
    "otherExpenses": -38256000,
    "operatingExpenses": 86892000,
    "costAndExpenses": 152812000,
    "interestIncome": 0,
    "interestExpense": 85212000,
    "depreciationAndAmortization": -129054000,
    "ebitda": -50701000,
    "ebitdaratio": -0.8877624276,
    "operatingIncome": -95701000,
    "operatingIncomeRatio": -1.6757017037,
    "totalOtherIncomeExpensesNet": -42193000,
    "incomeBeforeTax": -137894000,
    "incomeBeforeTaxRatio": -2.4144910788,
    "incomeTaxExpense": -35714000,
    "netIncome": -31762000,
    "netIncomeRatio": -0.5561450509,
    "eps": -0.0764,
    "epsdiluted": -0.0764,
    "weightedAverageShsOut": 415930000,
    "weightedAverageShsOutDil": 415930000,
    "link": "https://www.sec.gov/Archives/edgar/data/896878/000089161802004433/0000891618-02-004433-index.htm",
    "finalLink": "https://www.sec.gov/Archives/edgar/data/896878/000089161802004433/f84263ore10vk.htm"
  },
  {
    "date": "2002-04-30",
    "symbol": "INTU",
    "reportedCurrency": "USD",
    "cik": "0000896878",
    "fillingDate": "2002-05-31",
    "acceptedDate": "2002-05-31 15:51:13",
    "calendarYear": "2002",
    "period": "Q3",
    "revenue": 545226000,
    "costOfRevenue": 80513000,
    "grossProfit": 464713000,
    "grossProfitRatio": 0.85233096,
    "researchAndDevelopmentExpenses": 52908000,
    "generalAndAdministrativeExpenses": 29339000,
    "sellingAndMarketingExpenses": 89830000,
    "sellingGeneralAndAdministrativeExpenses": 119169000,
    "otherExpenses": 60609000,
    "operatingExpenses": 232686000,
    "costAndExpenses": 350761000,
    "interestIncome": 0,
    "interestExpense": 0,
    "depreciationAndAmortization": 19291000,
    "ebitda": 235213000,
    "ebitdaratio": 0.4314045919,
    "operatingIncome": 194465000,
    "operatingIncomeRatio": 0.3566686108,
    "totalOtherIncomeExpensesNet": 17954000,
    "incomeBeforeTax": 212437000,
    "incomeBeforeTaxRatio": 0.3896310888,
    "incomeTaxExpense": 62552000,
    "netIncome": 144481000,
    "netIncomeRatio": 0.2649928653,
    "eps": 0.34,
    "epsdiluted": 0.34,
    "weightedAverageShsOut": 423228000,
    "weightedAverageShsOutDil": 434346000,
    "link": "https://www.sec.gov/Archives/edgar/data/896878/000089161802002662/0000891618-02-002662-index.htm",
    "finalLink": "https://www.sec.gov/Archives/edgar/data/896878/000089161802002662/f81889e10vq.htm"
  },
  {
    "date": "2002-01-31",
    "symbol": "INTU",
    "reportedCurrency": "USD",
    "cik": "0000896878",
    "fillingDate": "2002-02-28",
    "acceptedDate": "2002-02-28 00:00:00",
    "calendarYear": "2002",
    "period": "Q2",
    "revenue": 547245000,
    "costOfRevenue": 121064000,
    "grossProfit": 426181000,
    "grossProfitRatio": 0.7787755027,
    "researchAndDevelopmentExpenses": 53263000,
    "generalAndAdministrativeExpenses": 32123000,
    "sellingAndMarketingExpenses": 94931000,
    "sellingGeneralAndAdministrativeExpenses": 127054000,
    "otherExpenses": 60310000,
    "operatingExpenses": 240627000,
    "costAndExpenses": 423790000,
    "interestIncome": 0,
    "interestExpense": 0,
    "depreciationAndAmortization": 22236000,
    "ebitda": 179551000,
    "ebitdaratio": 0.3280998456,
    "operatingIncome": 123455000,
    "operatingIncomeRatio": 0.2255936555,
    "totalOtherIncomeExpensesNet": 10158000,
    "incomeBeforeTax": 133613000,
    "incomeBeforeTaxRatio": 0.2441557255,
    "incomeTaxExpense": 4678000,
    "netIncome": 119868000,
    "netIncomeRatio": 0.2190390045,
    "eps": 0.28,
    "epsdiluted": 0.28,
    "weightedAverageShsOut": 425040000,
    "weightedAverageShsOutDil": 438710000,
    "link": "https://www.sec.gov/Archives/edgar/data/896878/000089161802000959/0000891618-02-000959-index.htm",
    "finalLink": "https://www.sec.gov/Archives/edgar/data/896878/000089161802000959/f79353e10-q.htm"
  },
  {
    "date": "2001-10-31",
    "symbol": "INTU",
    "reportedCurrency": "USD",
    "cik": "0000896878",
    "fillingDate": "2001-12-07",
    "acceptedDate": "2001-12-07 00:00:00",
    "calendarYear": "2002",
    "period": "Q1",
    "revenue": 168727000,
    "costOfRevenue": 72352000,
    "grossProfit": 136414000,
    "grossProfitRatio": 0.8084894534,
    "researchAndDevelopmentExpenses": 49940000,
    "generalAndAdministrativeExpenses": 0,
    "sellingAndMarketingExpenses": 0,
    "sellingGeneralAndAdministrativeExpenses": 139441000,
    "otherExpenses": 53532000,
    "operatingExpenses": 242913000,
    "costAndExpenses": 304702000,
    "interestIncome": 0,
    "interestExpense": 41544000,
    "depreciationAndAmortization": 17613000,
    "ebitda": -77281000,
    "ebitdaratio": -0.4580239084,
    "operatingIncome": -135975000,
    "operatingIncomeRatio": -0.8058876173,
    "totalOtherIncomeExpensesNet": -2444000,
    "incomeBeforeTax": -138419000,
    "incomeBeforeTaxRatio": -0.8203725545,
    "incomeTaxExpense": -36263000,
    "netIncome": -92427000,
    "netIncomeRatio": -0.5477902173,
    "eps": -0.22,
    "epsdiluted": -0.22,
    "weightedAverageShsOut": 422078000,
    "weightedAverageShsOutDil": 422078000,
    "link": "https://www.sec.gov/Archives/edgar/data/896878/000089161801502515/0000891618-01-502515-index.htm",
    "finalLink": "https://www.sec.gov/Archives/edgar/data/896878/000089161801502515/f77528e10-q.htm"
  },
  {
    "date": "2001-07-31",
    "symbol": "INTU",
    "reportedCurrency": "USD",
    "cik": "0000896878",
    "fillingDate": "2001-10-05",
    "acceptedDate": "2001-10-05 00:00:00",
    "calendarYear": "2001",
    "period": "Q4",
    "revenue": 191169000,
    "costOfRevenue": 52594000,
    "grossProfit": 138575000,
    "grossProfitRatio": 0.7248821723,
    "researchAndDevelopmentExpenses": 51911000,
    "generalAndAdministrativeExpenses": 0,
    "sellingAndMarketingExpenses": 0,
    "sellingGeneralAndAdministrativeExpenses": 113659000,
    "otherExpenses": -67804000,
    "operatingExpenses": 97766000,
    "costAndExpenses": 275987000,
    "interestIncome": 0,
    "interestExpense": 58140000,
    "depreciationAndAmortization": 280416000,
    "ebitda": 238472000,
    "ebitdaratio": 1.2474407461,
    "operatingIncome": -84818000,
    "operatingIncomeRatio": -0.4436807223,
    "totalOtherIncomeExpensesNet": -15266000,
    "incomeBeforeTax": -100084000,
    "incomeBeforeTaxRatio": -0.5235367659,
    "incomeTaxExpense": -38795000,
    "netIncome": -61289000,
    "netIncomeRatio": -0.3206011435,
    "eps": -0.15,
    "epsdiluted": -0.14,
    "weightedAverageShsOut": 411790000,
    "weightedAverageShsOutDil": 422078000,
    "link": "https://www.sec.gov/Archives/edgar/data/896878/000109581101505435/0001095811-01-505435-index.htm",
    "finalLink": "https://www.sec.gov/Archives/edgar/data/896878/000109581101505435/f74291e10-k405.htm"
  },
  {
    "date": "2001-04-30",
    "symbol": "INTU",
    "reportedCurrency": "USD",
    "cik": "0000896878",
    "fillingDate": "2001-06-13",
    "acceptedDate": "2001-06-13 00:00:00",
    "calendarYear": "2001",
    "period": "Q3",
    "revenue": 425210000,
    "costOfRevenue": 81888000,
    "grossProfit": 343322000,
    "grossProfitRatio": 0.8074175113,
    "researchAndDevelopmentExpenses": 52697000,
    "generalAndAdministrativeExpenses": 0,
    "sellingAndMarketingExpenses": 0,
    "sellingGeneralAndAdministrativeExpenses": 129934000,
    "otherExpenses": -82753000,
    "operatingExpenses": 99878000,
    "costAndExpenses": 387332000,
    "interestIncome": 0,
    "interestExpense": 0,
    "depreciationAndAmortization": -63839000,
    "ebitda": 179605000,
    "ebitdaratio": 0.422391289,
    "operatingIncome": 37878000,
    "operatingIncomeRatio": 0.0890806895,
    "totalOtherIncomeExpensesNet": 3115000,
    "incomeBeforeTax": 40993000,
    "incomeBeforeTaxRatio": 0.0964064815,
    "incomeTaxExpense": 55294000,
    "netIncome": -14301000,
    "netIncomeRatio": -0.0336327932,
    "eps": -0.0343,
    "epsdiluted": -0.0343,
    "weightedAverageShsOut": 417430000,
    "weightedAverageShsOutDil": 417430000,
    "link": "https://www.sec.gov/Archives/edgar/data/896878/000089161801501166/0000891618-01-501166-index.htm",
    "finalLink": "https://www.sec.gov/Archives/edgar/data/896878/000089161801501166/f70484e10-q.txt"
  },
  {
    "date": "2001-01-31",
    "symbol": "INTU",
    "reportedCurrency": "USD",
    "cik": "0000896878",
    "fillingDate": "2001-03-14",
    "acceptedDate": "2001-03-14 00:00:00",
    "calendarYear": "2001",
    "period": "Q2",
    "revenue": 457560000,
    "costOfRevenue": 107677000,
    "grossProfit": 349883000,
    "grossProfitRatio": 0.7646712999,
    "researchAndDevelopmentExpenses": 54599000,
    "generalAndAdministrativeExpenses": 0,
    "sellingAndMarketingExpenses": 0,
    "sellingGeneralAndAdministrativeExpenses": 157615000,
    "otherExpenses": 43074000,
    "operatingExpenses": 255288000,
    "costAndExpenses": 362965000,
    "interestIncome": 0,
    "interestExpense": 53845000,
    "depreciationAndAmortization": 51327000,
    "ebitda": 145922000,
    "ebitdaratio": 0.3189133666,
    "operatingIncome": 94595000,
    "operatingIncomeRatio": 0.2067379142,
    "totalOtherIncomeExpensesNet": -53845000,
    "incomeBeforeTax": 40750000,
    "incomeBeforeTaxRatio": 0.0890593583,
    "incomeTaxExpense": 14188000,
    "netIncome": 26562000,
    "netIncomeRatio": 0.0580514031,
    "eps": 0.065,
    "epsdiluted": 0.06,
    "weightedAverageShsOut": 415188000,
    "weightedAverageShsOutDil": 431854000,
    "link": "https://www.sec.gov/Archives/edgar/data/896878/000089161801500179/0000891618-01-500179-index.htm",
    "finalLink": "https://www.sec.gov/Archives/edgar/data/896878/000089161801500179/f70236e10-q.txt"
  },
  {
    "date": "2000-10-31",
    "symbol": "INTU",
    "reportedCurrency": "USD",
    "cik": "0000896878",
    "fillingDate": "2000-12-13",
    "acceptedDate": "2000-12-13 00:00:00",
    "calendarYear": "2001",
    "period": "Q1",
    "revenue": 187522000,
    "costOfRevenue": 69881000,
    "grossProfit": 117641000,
    "grossProfitRatio": 0.6273450582,
    "researchAndDevelopmentExpenses": 47878000,
    "generalAndAdministrativeExpenses": 0,
    "sellingAndMarketingExpenses": 0,
    "sellingGeneralAndAdministrativeExpenses": 121279000,
    "otherExpenses": 39679000,
    "operatingExpenses": 208836000,
    "costAndExpenses": 278717000,
    "interestIncome": 0,
    "interestExpense": 0,
    "depreciationAndAmortization": 57720000,
    "ebitda": -33475000,
    "ebitdaratio": -0.1785123879,
    "operatingIncome": -91195000,
    "operatingIncomeRatio": -0.4863162722,
    "totalOtherIncomeExpensesNet": 12200000,
    "incomeBeforeTax": -78995000,
    "incomeBeforeTaxRatio": -0.4212572392,
    "incomeTaxExpense": -30916000,
    "netIncome": -33765000,
    "netIncomeRatio": -0.1800588731,
    "eps": -0.0821,
    "epsdiluted": -0.0821,
    "weightedAverageShsOut": 411454000,
    "weightedAverageShsOutDil": 411454000,
    "link": "https://www.sec.gov/Archives/edgar/data/896878/000109581100005261/0001095811-00-005261-index.htm",
    "finalLink": "https://www.sec.gov/Archives/edgar/data/896878/000109581100005261/f67733e10-q.txt"
  },
  {
    "date": "2000-07-31",
    "symbol": "INTU",
    "reportedCurrency": "USD",
    "cik": "0000896878",
    "fillingDate": "2000-10-13",
    "acceptedDate": "2000-10-13 00:00:00",
    "calendarYear": "2000",
    "period": "Q4",
    "revenue": 162259000,
    "costOfRevenue": -116259000,
    "grossProfit": 278518000,
    "grossProfitRatio": 1.7165026285,
    "researchAndDevelopmentExpenses": 42554000,
    "generalAndAdministrativeExpenses": 0,
    "sellingAndMarketingExpenses": 0,
    "sellingGeneralAndAdministrativeExpenses": 93074000,
    "otherExpenses": 53658000,
    "operatingExpenses": 189286000,
    "costAndExpenses": 73027000,
    "interestIncome": 0,
    "interestExpense": 60520000,
    "depreciationAndAmortization": 53658000,
    "ebitda": 142890000,
    "ebitdaratio": 0.8806291176,
    "operatingIncome": 89232000,
    "operatingIncomeRatio": 0.5499355968,
    "totalOtherIncomeExpensesNet": -60520000,
    "incomeBeforeTax": 28712000,
    "incomeBeforeTaxRatio": 0.1769516637,
    "incomeTaxExpense": 11567000,
    "netIncome": 17145000,
    "netIncomeRatio": 0.1056644007,
    "eps": 0.0417,
    "epsdiluted": 0.0417,
    "weightedAverageShsOut": 407438000,
    "weightedAverageShsOutDil": 411454000,
    "link": "https://www.sec.gov/Archives/edgar/data/896878/000089161800004850/0000891618-00-004850-index.htm",
    "finalLink": "https://www.sec.gov/Archives/edgar/data/896878/000089161800004850/f64477e10-k405.txt"
  },
  {
    "date": "2000-04-30",
    "symbol": "INTU",
    "reportedCurrency": "USD",
    "cik": "0000896878",
    "fillingDate": "2000-06-14",
    "acceptedDate": "2000-06-14 00:00:00",
    "calendarYear": "2000",
    "period": "Q3",
    "revenue": 329139000,
    "costOfRevenue": 64805000,
    "grossProfit": 264334000,
    "grossProfitRatio": 0.8031075017,
    "researchAndDevelopmentExpenses": 40779000,
    "generalAndAdministrativeExpenses": 0,
    "sellingAndMarketingExpenses": 0,
    "sellingGeneralAndAdministrativeExpenses": 111796000,
    "otherExpenses": 51246000,
    "operatingExpenses": 203821000,
    "costAndExpenses": 268626000,
    "interestIncome": 0,
    "interestExpense": 0,
    "depreciationAndAmortization": 51246000,
    "ebitda": 111759000,
    "ebitdaratio": 0.339549552,
    "operatingIncome": 60513000,
    "operatingIncomeRatio": 0.1838524149,
    "totalOtherIncomeExpensesNet": 436776000,
    "incomeBeforeTax": 497289000,
    "incomeBeforeTaxRatio": 1.5108783827,
    "incomeTaxExpense": 200204000,
    "netIncome": 297085000,
    "netIncomeRatio": 0.902612574,
    "eps": 0.74,
    "epsdiluted": 0.7,
    "weightedAverageShsOut": 404684000,
    "weightedAverageShsOutDil": 428724000,
    "link": "https://www.sec.gov/Archives/edgar/data/896878/000089161800003367/0000891618-00-003367-index.htm",
    "finalLink": "https://www.sec.gov/Archives/edgar/data/896878/000089161800003367/0000891618-00-003367-0001.txt"
  },
  {
    "date": "2000-01-31",
    "symbol": "INTU",
    "reportedCurrency": "USD",
    "cik": "0000896878",
    "fillingDate": "2000-03-16",
    "acceptedDate": "2000-03-16 00:00:00",
    "calendarYear": "2000",
    "period": "Q2",
    "revenue": 425500000,
    "costOfRevenue": 83100000,
    "grossProfit": 342400000,
    "grossProfitRatio": 0.8047003525,
    "researchAndDevelopmentExpenses": 44000000,
    "generalAndAdministrativeExpenses": 0,
    "sellingAndMarketingExpenses": 0,
    "sellingGeneralAndAdministrativeExpenses": 157100000,
    "otherExpenses": 58700000,
    "operatingExpenses": 259800000,
    "costAndExpenses": 342900000,
    "interestIncome": 0,
    "interestExpense": 0,
    "depreciationAndAmortization": 68374000,
    "ebitda": 150974000,
    "ebitdaratio": 0.3548155112,
    "operatingIncome": 82600000,
    "operatingIncomeRatio": 0.1941245593,
    "totalOtherIncomeExpensesNet": 4300000,
    "incomeBeforeTax": 86900000,
    "incomeBeforeTaxRatio": 0.2042303173,
    "incomeTaxExpense": 29600000,
    "netIncome": 57300000,
    "netIncomeRatio": 0.1346650999,
    "eps": 0.14,
    "epsdiluted": 0.14,
    "weightedAverageShsOut": 391870000,
    "weightedAverageShsOutDil": 419132000,
    "link": "https://www.sec.gov/Archives/edgar/data/896878/000089161800002988/0000891618-00-002988-index.html",
    "finalLink": "https://www.sec.gov/Archives/edgar/data/896878/000089161800002988/"
  },
  {
    "date": "1999-10-31",
    "symbol": "INTU",
    "reportedCurrency": "USD",
    "cik": "0000896878",
    "fillingDate": "1999-12-14",
    "acceptedDate": "1999-12-14 00:00:00",
    "calendarYear": "2000",
    "period": "Q1",
    "revenue": 176927000,
    "costOfRevenue": 44600000,
    "grossProfit": 118500000,
    "grossProfitRatio": 0.6697677573,
    "researchAndDevelopmentExpenses": 41700000,
    "generalAndAdministrativeExpenses": 0,
    "sellingAndMarketingExpenses": 0,
    "sellingGeneralAndAdministrativeExpenses": 110600000,
    "otherExpenses": 49600000,
    "operatingExpenses": 201900000,
    "costAndExpenses": 263375000,
    "interestIncome": 0,
    "interestExpense": 10100000,
    "depreciationAndAmortization": 39926000,
    "ebitda": -46522000,
    "ebitdaratio": -0.2629446043,
    "operatingIncome": -86448000,
    "operatingIncomeRatio": -0.4886082961,
    "totalOtherIncomeExpensesNet": -13608000,
    "incomeBeforeTax": -100056000,
    "incomeBeforeTaxRatio": -0.5655213732,
    "incomeTaxExpense": -34187000,
    "netIncome": -65869000,
    "netIncomeRatio": -0.3722947882,
    "eps": -0.16,
    "epsdiluted": -0.16,
    "weightedAverageShsOut": 394724000,
    "weightedAverageShsOutDil": 394724000,
    "link": "https://www.sec.gov/Archives/edgar/data/896878/000089161899005678/0000891618-99-005678-index.html",
    "finalLink": "https://www.sec.gov/Archives/edgar/data/896878/000089161899005678/"
  },
  {
    "date": "1999-07-31",
    "symbol": "INTU",
    "reportedCurrency": "USD",
    "cik": "0000896878",
    "fillingDate": "1999-10-12",
    "acceptedDate": "1999-10-12 00:00:00",
    "calendarYear": "1999",
    "period": "Q4",
    "revenue": 150000000,
    "costOfRevenue": -63600000,
    "grossProfit": 213600000,
    "grossProfitRatio": 1.424,
    "researchAndDevelopmentExpenses": 39100000,
    "generalAndAdministrativeExpenses": 0,
    "sellingAndMarketingExpenses": 0,
    "sellingGeneralAndAdministrativeExpenses": 190000000,
    "otherExpenses": 47800000,
    "operatingExpenses": 276900000,
    "costAndExpenses": 213300000,
    "interestIncome": 0,
    "interestExpense": 0,
    "depreciationAndAmortization": 47800000,
    "ebitda": -15500000,
    "ebitdaratio": -0.1033333333,
    "operatingIncome": -63300000,
    "operatingIncomeRatio": -0.422,
    "totalOtherIncomeExpensesNet": 516100000,
    "incomeBeforeTax": 452800000,
    "incomeBeforeTaxRatio": 3.0186666667,
    "incomeTaxExpense": 189500000,
    "netIncome": 263300000,
    "netIncomeRatio": 1.7553333333,
    "eps": 0.7,
    "epsdiluted": 0.7,
    "weightedAverageShsOut": 373939394,
    "weightedAverageShsOutDil": 373939394,
    "link": "https://www.sec.gov/Archives/edgar/data/896878/000089161899004510/0000891618-99-004510-index.html",
    "finalLink": "https://www.sec.gov/Archives/edgar/data/896878/000089161899004510/"
  },
  {
    "date": "1999-04-30",
    "symbol": "INTU",
    "reportedCurrency": "USD",
    "cik": "0000896878",
    "fillingDate": "1999-06-14",
    "acceptedDate": "1999-06-14 00:00:00",
    "calendarYear": "1999",
    "period": "Q3",
    "revenue": 261500000,
    "costOfRevenue": 70200000,
    "grossProfit": 169500000,
    "grossProfitRatio": 0.6481835564,
    "researchAndDevelopmentExpenses": 34300000,
    "generalAndAdministrativeExpenses": 0,
    "sellingAndMarketingExpenses": 0,
    "sellingGeneralAndAdministrativeExpenses": 58300000,
    "otherExpenses": 31100000,
    "operatingExpenses": 123700000,
    "costAndExpenses": 211500000,
    "interestIncome": 0,
    "interestExpense": 0,
    "depreciationAndAmortization": 31800000,
    "ebitda": 82900000,
    "ebitdaratio": 0.3170172084,
    "operatingIncome": 50000000,
    "operatingIncomeRatio": 0.1912045889,
    "totalOtherIncomeExpensesNet": 64000000,
    "incomeBeforeTax": 114000000,
    "incomeBeforeTaxRatio": 0.4359464627,
    "incomeTaxExpense": 38600000,
    "netIncome": 75400000,
    "netIncomeRatio": 0.2883365201,
    "eps": 0.2,
    "epsdiluted": 0.17,
    "weightedAverageShsOut": 386666667,
    "weightedAverageShsOutDil": 407567568,
    "link": "https://www.sec.gov/Archives/edgar/data/896878/000089161899002688/0000891618-99-002688-index.html",
    "finalLink": "https://www.sec.gov/Archives/edgar/data/896878/000089161899002688/"
  },
  {
    "date": "1999-01-31",
    "symbol": "INTU",
    "reportedCurrency": "USD",
    "cik": "0000896878",
    "fillingDate": "1999-03-12",
    "acceptedDate": "1999-03-12 00:00:00",
    "calendarYear": "1999",
    "period": "Q2",
    "revenue": 373700000,
    "costOfRevenue": 63300000,
    "grossProfit": 282700000,
    "grossProfitRatio": 0.7564891624,
    "researchAndDevelopmentExpenses": 36400000,
    "generalAndAdministrativeExpenses": 0,
    "sellingAndMarketingExpenses": 0,
    "sellingGeneralAndAdministrativeExpenses": 115300000,
    "otherExpenses": 25400000,
    "operatingExpenses": 177100000,
    "costAndExpenses": 261400000,
    "interestIncome": 0,
    "interestExpense": 0,
    "depreciationAndAmortization": 26600000,
    "ebitda": 138900000,
    "ebitdaratio": 0.3716885202,
    "operatingIncome": 112300000,
    "operatingIncomeRatio": 0.3005084292,
    "totalOtherIncomeExpensesNet": 12000000,
    "incomeBeforeTax": 124300000,
    "incomeBeforeTaxRatio": 0.3326197485,
    "incomeTaxExpense": 31200000,
    "netIncome": 93100000,
    "netIncomeRatio": 0.2491303184,
    "eps": 0.25,
    "epsdiluted": 0.22,
    "weightedAverageShsOut": 380000000,
    "weightedAverageShsOutDil": 396170213,
    "link": "https://www.sec.gov/Archives/edgar/data/896878/000089161899000919/0000891618-99-000919-index.html",
    "finalLink": "https://www.sec.gov/Archives/edgar/data/896878/"
  },
  {
    "date": "1998-10-31",
    "symbol": "INTU",
    "reportedCurrency": "USD",
    "cik": "0000896878",
    "fillingDate": "1998-12-14",
    "acceptedDate": "1998-12-14 00:00:00",
    "calendarYear": "1999",
    "period": "Q1",
    "revenue": 112000000,
    "costOfRevenue": 21000000,
    "grossProfit": 91000000,
    "grossProfitRatio": 0.8125,
    "researchAndDevelopmentExpenses": 33700000,
    "generalAndAdministrativeExpenses": 0,
    "sellingAndMarketingExpenses": 0,
    "sellingGeneralAndAdministrativeExpenses": 88400000,
    "otherExpenses": 37000000,
    "operatingExpenses": 159100000,
    "costAndExpenses": 180100000,
    "interestIncome": 0,
    "interestExpense": 0,
    "depreciationAndAmortization": 37000000,
    "ebitda": -31100000,
    "ebitdaratio": -0.2776785714,
    "operatingIncome": -68100000,
    "operatingIncomeRatio": -0.6080357143,
    "totalOtherIncomeExpensesNet": 3400000,
    "incomeBeforeTax": -64700000,
    "incomeBeforeTaxRatio": -0.5776785714,
    "incomeTaxExpense": -15500000,
    "netIncome": -49200000,
    "netIncomeRatio": -0.4392857143,
    "eps": -0.14,
    "epsdiluted": -0.14,
    "weightedAverageShsOut": 351428571,
    "weightedAverageShsOutDil": 351428571,
    "link": "https://www.sec.gov/Archives/edgar/data/896878/000089161898005328/0000891618-98-005328-index.html",
    "finalLink": "https://www.sec.gov/Archives/edgar/data/896878/"
  },
  {
    "date": "1998-07-31",
    "symbol": "INTU",
    "reportedCurrency": "USD",
    "cik": "0000896878",
    "fillingDate": "1998-10-06",
    "acceptedDate": "1998-10-06 00:00:00",
    "calendarYear": "1998",
    "period": "Q4",
    "revenue": 117200000,
    "costOfRevenue": -74000000,
    "grossProfit": 191200000,
    "grossProfitRatio": 1.6313993174,
    "researchAndDevelopmentExpenses": 30400000,
    "generalAndAdministrativeExpenses": 0,
    "sellingAndMarketingExpenses": 0,
    "sellingGeneralAndAdministrativeExpenses": 157800000,
    "otherExpenses": 18400000,
    "operatingExpenses": 206600000,
    "costAndExpenses": 132600000,
    "interestIncome": 0,
    "interestExpense": 48900000,
    "depreciationAndAmortization": 18400000,
    "ebitda": 3000000,
    "ebitdaratio": 0.0255972696,
    "operatingIncome": -15400000,
    "operatingIncomeRatio": -0.1313993174,
    "totalOtherIncomeExpensesNet": -48900000,
    "incomeBeforeTax": -64300000,
    "incomeBeforeTaxRatio": -0.5486348123,
    "incomeTaxExpense": -25200000,
    "netIncome": -39100000,
    "netIncomeRatio": -0.3336177474,
    "eps": -0.11,
    "epsdiluted": -0.11,
    "weightedAverageShsOut": 351428571,
    "weightedAverageShsOutDil": 351428571,
    "link": "https://www.sec.gov/Archives/edgar/data/896878/000089161898004415/0000891618-98-004415-index.html",
    "finalLink": "https://www.sec.gov/Archives/edgar/data/896878/"
  },
  {
    "date": "1998-04-30",
    "symbol": "INTU",
    "reportedCurrency": "USD",
    "cik": "0000896878",
    "fillingDate": "1998-06-12",
    "acceptedDate": "1998-06-12 00:00:00",
    "calendarYear": "1998",
    "period": "Q3",
    "revenue": 142000000,
    "costOfRevenue": 49300000,
    "grossProfit": 92700000,
    "grossProfitRatio": 0.6528169014,
    "researchAndDevelopmentExpenses": 25400000,
    "generalAndAdministrativeExpenses": 0,
    "sellingAndMarketingExpenses": 0,
    "sellingGeneralAndAdministrativeExpenses": 64300000,
    "otherExpenses": 10400000,
    "operatingExpenses": 100100000,
    "costAndExpenses": 149400000,
    "interestIncome": 0,
    "interestExpense": 0,
    "depreciationAndAmortization": 10400000,
    "ebitda": 3000000,
    "ebitdaratio": 0.0211267606,
    "operatingIncome": -7400000,
    "operatingIncomeRatio": -0.0521126761,
    "totalOtherIncomeExpensesNet": 3200000,
    "incomeBeforeTax": -4200000,
    "incomeBeforeTaxRatio": -0.0295774648,
    "incomeTaxExpense": -2000000,
    "netIncome": -2200000,
    "netIncomeRatio": -0.0154929577,
    "eps": -0.01,
    "epsdiluted": -0.01,
    "weightedAverageShsOut": 220000000,
    "weightedAverageShsOutDil": 220000000,
    "link": "https://www.sec.gov/Archives/edgar/data/896878/000089161898002871/0000891618-98-002871-index.html",
    "finalLink": "https://www.sec.gov/Archives/edgar/data/896878/"
  },
  {
    "date": "1998-01-31",
    "symbol": "INTU",
    "reportedCurrency": "USD",
    "cik": "0000896878",
    "fillingDate": "1998-03-13",
    "acceptedDate": "1998-03-13 00:00:00",
    "calendarYear": "1998",
    "period": "Q2",
    "revenue": 237500000,
    "costOfRevenue": 38600000,
    "grossProfit": 198900000,
    "grossProfitRatio": 0.8374736842,
    "researchAndDevelopmentExpenses": 26600000,
    "generalAndAdministrativeExpenses": 0,
    "sellingAndMarketingExpenses": 0,
    "sellingGeneralAndAdministrativeExpenses": 94200000,
    "otherExpenses": 12500000,
    "operatingExpenses": 133300000,
    "costAndExpenses": 171900000,
    "interestIncome": 0,
    "interestExpense": 0,
    "depreciationAndAmortization": 12500000,
    "ebitda": 78100000,
    "ebitdaratio": 0.3288421053,
    "operatingIncome": 65600000,
    "operatingIncomeRatio": 0.2762105263,
    "totalOtherIncomeExpensesNet": 2200000,
    "incomeBeforeTax": 67800000,
    "incomeBeforeTaxRatio": 0.2854736842,
    "incomeTaxExpense": 26000000,
    "netIncome": 41800000,
    "netIncomeRatio": 0.176,
    "eps": 0.14,
    "epsdiluted": 0.14,
    "weightedAverageShsOut": 288275862,
    "weightedAverageShsOutDil": 298571429,
    "link": "https://www.sec.gov/Archives/edgar/data/896878/000089161898001101/0000891618-98-001101-index.html",
    "finalLink": "https://www.sec.gov/Archives/edgar/data/896878/"
  },
  {
    "date": "1997-10-31",
    "symbol": "INTU",
    "reportedCurrency": "USD",
    "cik": "0000896878",
    "fillingDate": "1997-12-12",
    "acceptedDate": "1997-12-12 00:00:00",
    "calendarYear": "1998",
    "period": "Q1",
    "revenue": 96000000,
    "costOfRevenue": 43000000,
    "grossProfit": 53000000,
    "grossProfitRatio": 0.5520833333,
    "researchAndDevelopmentExpenses": 26100000,
    "generalAndAdministrativeExpenses": 0,
    "sellingAndMarketingExpenses": 0,
    "sellingGeneralAndAdministrativeExpenses": 40500000,
    "otherExpenses": 11900000,
    "operatingExpenses": 78500000,
    "costAndExpenses": 121500000,
    "interestIncome": 0,
    "interestExpense": 0,
    "depreciationAndAmortization": 11900000,
    "ebitda": -13600000,
    "ebitdaratio": -0.1416666667,
    "operatingIncome": -25500000,
    "operatingIncomeRatio": -0.265625,
    "totalOtherIncomeExpensesNet": 6200000,
    "incomeBeforeTax": -19300000,
    "incomeBeforeTaxRatio": -0.2010416667,
    "incomeTaxExpense": -6500000,
    "netIncome": -12800000,
    "netIncomeRatio": -0.1333333333,
    "eps": -0.045,
    "epsdiluted": -0.045,
    "weightedAverageShsOut": 284444444,
    "weightedAverageShsOutDil": 284444444,
    "link": "https://www.sec.gov/Archives/edgar/data/896878/000089161897004911/0000891618-97-004911-index.html",
    "finalLink": "https://www.sec.gov/Archives/edgar/data/896878/"
  },
  {
    "date": "1997-07-31",
    "symbol": "INTU",
    "reportedCurrency": "USD",
    "cik": "0000896878",
    "fillingDate": "1997-10-15",
    "acceptedDate": "1997-10-15 00:00:00",
    "calendarYear": "1997",
    "period": "Q4",
    "revenue": 94100000,
    "costOfRevenue": 40000000,
    "grossProfit": 54100000,
    "grossProfitRatio": 0.5749202976,
    "researchAndDevelopmentExpenses": 25200000,
    "generalAndAdministrativeExpenses": 0,
    "sellingAndMarketingExpenses": 0,
    "sellingGeneralAndAdministrativeExpenses": 37200000,
    "otherExpenses": 13900000,
    "operatingExpenses": 76300000,
    "costAndExpenses": 116300000,
    "interestIncome": 0,
    "interestExpense": 7300000,
    "depreciationAndAmortization": 13900000,
    "ebitda": -8300000,
    "ebitdaratio": -0.0882040383,
    "operatingIncome": -22200000,
    "operatingIncomeRatio": -0.2359192349,
    "totalOtherIncomeExpensesNet": -7300000,
    "incomeBeforeTax": -29500000,
    "incomeBeforeTaxRatio": -0.3134962806,
    "incomeTaxExpense": -9700000,
    "netIncome": -19800000,
    "netIncomeRatio": -0.2104144527,
    "eps": -0.0696,
    "epsdiluted": -0.0696,
    "weightedAverageShsOut": 284444444,
    "weightedAverageShsOutDil": 284444444,
    "link": "https://www.sec.gov/Archives/edgar/data/896878/000089161897004134/0000891618-97-004134-index.html",
    "finalLink": "https://www.sec.gov/Archives/edgar/data/896878/"
  },
  {
    "date": "1997-04-30",
    "symbol": "INTU",
    "reportedCurrency": "USD",
    "cik": "0000896878",
    "fillingDate": "1997-06-13",
    "acceptedDate": "1997-06-13 00:00:00",
    "calendarYear": "1997",
    "period": "Q3",
    "revenue": 136300000,
    "costOfRevenue": 49600000,
    "grossProfit": 86700000,
    "grossProfitRatio": 0.6360968452,
    "researchAndDevelopmentExpenses": 22400000,
    "generalAndAdministrativeExpenses": 0,
    "sellingAndMarketingExpenses": 0,
    "sellingGeneralAndAdministrativeExpenses": 48900000,
    "otherExpenses": 11100000,
    "operatingExpenses": 82400000,
    "costAndExpenses": 132000000,
    "interestIncome": 0,
    "interestExpense": 3300000,
    "depreciationAndAmortization": 11100000,
    "ebitda": 15400000,
    "ebitdaratio": 0.1129860602,
    "operatingIncome": 4300000,
    "operatingIncomeRatio": 0.0315480558,
    "totalOtherIncomeExpensesNet": -3300000,
    "incomeBeforeTax": 1000000,
    "incomeBeforeTaxRatio": 0.0073367572,
    "incomeTaxExpense": 500000,
    "netIncome": 500000,
    "netIncomeRatio": 0.0036683786,
    "eps": 0.0018,
    "epsdiluted": 0.0018,
    "weightedAverageShsOut": 287213115,
    "weightedAverageShsOutDil": 287213115,
    "link": "https://www.sec.gov/Archives/edgar/data/896878/000089161897002611/0000891618-97-002611-index.html",
    "finalLink": "https://www.sec.gov/Archives/edgar/data/896878/"
  },
  {
    "date": "1997-01-31",
    "symbol": "INTU",
    "reportedCurrency": "USD",
    "cik": "0000896878",
    "fillingDate": "1997-03-14",
    "acceptedDate": "1997-03-14 00:00:00",
    "calendarYear": "1997",
    "period": "Q2",
    "revenue": 266000000,
    "costOfRevenue": 89900000,
    "grossProfit": 176100000,
    "grossProfitRatio": 0.6620300752,
    "researchAndDevelopmentExpenses": 22900000,
    "generalAndAdministrativeExpenses": 0,
    "sellingAndMarketingExpenses": 0,
    "sellingGeneralAndAdministrativeExpenses": 64000000,
    "otherExpenses": 15600000,
    "operatingExpenses": 102500000,
    "costAndExpenses": 192400000,
    "interestIncome": 0,
    "interestExpense": 0,
    "depreciationAndAmortization": 15600000,
    "ebitda": 89200000,
    "ebitdaratio": 0.3353383459,
    "operatingIncome": 73600000,
    "operatingIncomeRatio": 0.2766917293,
    "totalOtherIncomeExpensesNet": 1800000,
    "incomeBeforeTax": 75400000,
    "incomeBeforeTaxRatio": 0.2834586466,
    "incomeTaxExpense": 30700000,
    "netIncome": 115900000,
    "netIncomeRatio": 0.4357142857,
    "eps": 0.41,
    "epsdiluted": 0.41,
    "weightedAverageShsOut": 286172840,
    "weightedAverageShsOutDil": 286172840,
    "link": "https://www.sec.gov/Archives/edgar/data/896878/000089161897001205/0000891618-97-001205-index.html",
    "finalLink": "https://www.sec.gov/Archives/edgar/data/896878/"
  },
  {
    "date": "1996-10-31",
    "symbol": "INTU",
    "reportedCurrency": "USD",
    "cik": "0000896878",
    "fillingDate": "1996-12-16",
    "acceptedDate": "1996-12-16 00:00:00",
    "calendarYear": "1997",
    "period": "Q1",
    "revenue": 102500000,
    "costOfRevenue": 46700000,
    "grossProfit": 55800000,
    "grossProfitRatio": 0.5443902439,
    "researchAndDevelopmentExpenses": 22500000,
    "generalAndAdministrativeExpenses": 0,
    "sellingAndMarketingExpenses": 0,
    "sellingGeneralAndAdministrativeExpenses": 49300000,
    "otherExpenses": 18100000,
    "operatingExpenses": 89900000,
    "costAndExpenses": 136600000,
    "interestIncome": 0,
    "interestExpense": 2900000,
    "depreciationAndAmortization": 18100000,
    "ebitda": -16000000,
    "ebitdaratio": -0.156097561,
    "operatingIncome": -34100000,
    "operatingIncomeRatio": -0.3326829268,
    "totalOtherIncomeExpensesNet": -2900000,
    "incomeBeforeTax": -37000000,
    "incomeBeforeTaxRatio": -0.3609756098,
    "incomeTaxExpense": -8700000,
    "netIncome": -28300000,
    "netIncomeRatio": -0.276097561,
    "eps": -0.1,
    "epsdiluted": -0.1,
    "weightedAverageShsOut": 283000000,
    "weightedAverageShsOutDil": 283000000,
    "link": "https://www.sec.gov/Archives/edgar/data/896878/000089161896003060/0000891618-96-003060-index.html",
    "finalLink": "https://www.sec.gov/Archives/edgar/data/896878/"
  },
  {
    "date": "1996-07-31",
    "symbol": "INTU",
    "reportedCurrency": "USD",
    "cik": "0000896878",
    "fillingDate": "1996-10-24",
    "acceptedDate": "1996-10-24 00:00:00",
    "calendarYear": "1996",
    "period": "Q4",
    "revenue": 76800000,
    "costOfRevenue": 38300000,
    "grossProfit": 38500000,
    "grossProfitRatio": 0.5013020833,
    "researchAndDevelopmentExpenses": 0,
    "generalAndAdministrativeExpenses": 0,
    "sellingAndMarketingExpenses": 0,
    "sellingGeneralAndAdministrativeExpenses": 100600000,
    "otherExpenses": -38400000,
    "operatingExpenses": 62200000,
    "costAndExpenses": 100500000,
    "interestIncome": 0,
    "interestExpense": 0,
    "depreciationAndAmortization": 19700000,
    "ebitda": -4000000,
    "ebitdaratio": -0.0520833333,
    "operatingIncome": -23700000,
    "operatingIncomeRatio": -0.30859375,
    "totalOtherIncomeExpensesNet": 2200000,
    "incomeBeforeTax": -21500000,
    "incomeBeforeTaxRatio": -0.2799479167,
    "incomeTaxExpense": -5800000,
    "netIncome": -22000000,
    "netIncomeRatio": -0.2864583333,
    "eps": -0.0777,
    "epsdiluted": -0.0777,
    "weightedAverageShsOut": 283000000,
    "weightedAverageShsOutDil": 283000000,
    "link": "https://www.sec.gov/Archives/edgar/data/896878/000089161896002383/0000891618-96-002383-index.html",
    "finalLink": "https://www.sec.gov/Archives/edgar/data/896878/"
  },
  {
    "date": "1996-04-30",
    "symbol": "INTU",
    "reportedCurrency": "USD",
    "cik": "0000896878",
    "fillingDate": "1996-06-12",
    "acceptedDate": "1996-06-12 00:00:00",
    "calendarYear": "1996",
    "period": "Q3",
    "revenue": 136500000,
    "costOfRevenue": 22000000,
    "grossProfit": 114500000,
    "grossProfitRatio": 0.8388278388,
    "researchAndDevelopmentExpenses": 18700000,
    "generalAndAdministrativeExpenses": 0,
    "sellingAndMarketingExpenses": 0,
    "sellingGeneralAndAdministrativeExpenses": 82100000,
    "otherExpenses": 16200000,
    "operatingExpenses": 117000000,
    "costAndExpenses": 139000000,
    "interestIncome": 0,
    "interestExpense": 0,
    "depreciationAndAmortization": 16000000,
    "ebitda": 14400000,
    "ebitdaratio": 0.1054945055,
    "operatingIncome": -2500000,
    "operatingIncomeRatio": -0.0183150183,
    "totalOtherIncomeExpensesNet": 2000000,
    "incomeBeforeTax": -500000,
    "incomeBeforeTaxRatio": -0.0036630037,
    "incomeTaxExpense": -200000,
    "netIncome": -300000,
    "netIncomeRatio": -0.0021978022,
    "eps": -0.0009,
    "epsdiluted": -0.0009,
    "weightedAverageShsOut": 320000000,
    "weightedAverageShsOutDil": 320000000,
    "link": "https://www.sec.gov/Archives/edgar/data/896878/000089161896000868/0000891618-96-000868-index.html",
    "finalLink": "https://www.sec.gov/Archives/edgar/data/896878/"
  },
  {
    "date": "1996-01-31",
    "symbol": "INTU",
    "reportedCurrency": "USD",
    "cik": "0000896878",
    "fillingDate": "1996-01-31",
    "acceptedDate": "1996-01-31 00:00:00",
    "calendarYear": "1996",
    "period": "Q2",
    "revenue": 221700000,
    "costOfRevenue": 35700000,
    "grossProfit": 186000000,
    "grossProfitRatio": 0.8389715832,
    "researchAndDevelopmentExpenses": 18300000,
    "generalAndAdministrativeExpenses": 0,
    "sellingAndMarketingExpenses": 0,
    "sellingGeneralAndAdministrativeExpenses": 101000000,
    "otherExpenses": 16400000,
    "operatingExpenses": 135700000,
    "costAndExpenses": 171400000,
    "interestIncome": 0,
    "interestExpense": 0,
    "depreciationAndAmortization": 16700000,
    "ebitda": 67000000,
    "ebitdaratio": 0.302210194,
    "operatingIncome": 50300000,
    "operatingIncomeRatio": 0.2268831755,
    "totalOtherIncomeExpensesNet": 1300000,
    "incomeBeforeTax": 51600000,
    "incomeBeforeTaxRatio": 0.2327469553,
    "incomeTaxExpense": 29700000,
    "netIncome": 21900000,
    "netIncomeRatio": 0.098782138,
    "eps": 0.075,
    "epsdiluted": 0.075,
    "weightedAverageShsOut": 292000000,
    "weightedAverageShsOutDil": 292000000,
    "link": null,
    "finalLink": null
  },
  {
    "date": "1995-10-31",
    "symbol": "INTU",
    "reportedCurrency": "USD",
    "cik": "0000896878",
    "fillingDate": "1995-10-31",
    "acceptedDate": "1995-10-31 00:00:00",
    "calendarYear": "1996",
    "period": "Q1",
    "revenue": 96800000,
    "costOfRevenue": 12200000,
    "grossProfit": 84600000,
    "grossProfitRatio": 0.8739669421,
    "researchAndDevelopmentExpenses": 19900000,
    "generalAndAdministrativeExpenses": 0,
    "sellingAndMarketingExpenses": 0,
    "sellingGeneralAndAdministrativeExpenses": 79600000,
    "otherExpenses": 16000000,
    "operatingExpenses": 115500000,
    "costAndExpenses": 127700000,
    "interestIncome": 0,
    "interestExpense": 0,
    "depreciationAndAmortization": 16000000,
    "ebitda": -14900000,
    "ebitdaratio": -0.1539256198,
    "operatingIncome": -30900000,
    "operatingIncomeRatio": -0.319214876,
    "totalOtherIncomeExpensesNet": 1900000,
    "incomeBeforeTax": -29000000,
    "incomeBeforeTaxRatio": -0.2995867769,
    "incomeTaxExpense": -7900000,
    "netIncome": -21100000,
    "netIncomeRatio": -0.2179752066,
    "eps": -0.08,
    "epsdiluted": -0.08,
    "weightedAverageShsOut": 263750000,
    "weightedAverageShsOutDil": 263750000,
    "link": null,
    "finalLink": null
  }
]