[
  {
    "date": "2025-06-30",
    "symbol": "INVH",
    "reportedCurrency": "USD",
    "cik": "0001687229",
    "fillingDate": "2025-07-31",
    "acceptedDate": "2025-07-31 12:39:04",
    "calendarYear": "2025",
    "period": "Q2",
    "revenue": 681401000,
    "costOfRevenue": 280111000,
    "grossProfit": 401290000,
    "grossProfitRatio": 0.5889190066,
    "researchAndDevelopmentExpenses": 0,
    "generalAndAdministrativeExpenses": 23591000,
    "sellingAndMarketingExpenses": 0,
    "sellingGeneralAndAdministrativeExpenses": 23591000,
    "otherExpenses": 185455000,
    "operatingExpenses": 209046000,
    "costAndExpenses": 489157000,
    "interestIncome": 0,
    "interestExpense": 87414000,
    "depreciationAndAmortization": 185455000,
    "ebitda": 414236000,
    "ebitdaratio": 0.6079180982,
    "operatingIncome": 192244000,
    "operatingIncomeRatio": 0.2821304929,
    "totalOtherIncomeExpensesNet": -50877000,
    "incomeBeforeTax": 141367000,
    "incomeBeforeTaxRatio": 0.2074652077,
    "incomeTaxExpense": 0,
    "netIncome": 140887000,
    "netIncomeRatio": 0.2067607767,
    "eps": 0.23,
    "epsdiluted": 0.23,
    "weightedAverageShsOut": 613048193,
    "weightedAverageShsOutDil": 613261904,
    "link": "https://www.sec.gov/Archives/edgar/data/1687229/000168722925000036/0001687229-25-000036-index.htm",
    "finalLink": "https://www.sec.gov/Archives/edgar/data/1687229/000168722925000036/invh-20250630.htm"
  },
  {
    "date": "2025-03-31",
    "symbol": "INVH",
    "reportedCurrency": "USD",
    "cik": "0001687229",
    "fillingDate": "2025-05-01",
    "acceptedDate": "2025-05-01 15:34:33",
    "calendarYear": "2025",
    "period": "Q1",
    "revenue": 674479000,
    "costOfRevenue": 274188000,
    "grossProfit": 400291000,
    "grossProfitRatio": 0.5934817837,
    "researchAndDevelopmentExpenses": 0,
    "generalAndAdministrativeExpenses": 29518000,
    "sellingAndMarketingExpenses": 0,
    "sellingGeneralAndAdministrativeExpenses": 29518000,
    "otherExpenses": 183146000,
    "operatingExpenses": 212664000,
    "costAndExpenses": 486852000,
    "interestIncome": 0,
    "interestExpense": 84254000,
    "depreciationAndAmortization": 183146000,
    "ebitda": 433682000,
    "ebitdaratio": 0.6429881434,
    "operatingIncome": 187627000,
    "operatingIncomeRatio": 0.2781806402,
    "totalOtherIncomeExpensesNet": -21345000,
    "incomeBeforeTax": 166282000,
    "incomeBeforeTaxRatio": 0.2465339914,
    "incomeTaxExpense": 0,
    "netIncome": 165745000,
    "netIncomeRatio": 0.2457378213,
    "eps": 0.27,
    "epsdiluted": 0.27,
    "weightedAverageShsOut": 612777606,
    "weightedAverageShsOutDil": 613361880,
    "link": "https://www.sec.gov/Archives/edgar/data/1687229/000168722925000019/0001687229-25-000019-index.htm",
    "finalLink": "https://www.sec.gov/Archives/edgar/data/1687229/000168722925000019/invh-20250331.htm"
  },
  {
    "date": "2024-12-31",
    "symbol": "INVH",
    "reportedCurrency": "USD",
    "cik": "0001687229",
    "fillingDate": "2025-02-27",
    "acceptedDate": "2025-02-27 15:15:47",
    "calendarYear": "2024",
    "period": "Q4",
    "revenue": 659130000,
    "costOfRevenue": 267702000,
    "grossProfit": 391428000,
    "grossProfitRatio": 0.5938555368,
    "researchAndDevelopmentExpenses": 0,
    "generalAndAdministrativeExpenses": 23939000,
    "sellingAndMarketingExpenses": 0,
    "sellingGeneralAndAdministrativeExpenses": 23939000,
    "otherExpenses": 181912000,
    "operatingExpenses": 205851000,
    "costAndExpenses": 473553000,
    "interestIncome": 0,
    "interestExpense": 95158000,
    "depreciationAndAmortization": 181912000,
    "ebitda": 420640000,
    "ebitdaratio": 0.6381745634,
    "operatingIncome": 185577000,
    "operatingIncomeRatio": 0.2815484047,
    "totalOtherIncomeExpensesNet": -42007000,
    "incomeBeforeTax": 143570000,
    "incomeBeforeTaxRatio": 0.217817426,
    "incomeTaxExpense": 0,
    "netIncome": 143110000,
    "netIncomeRatio": 0.2171195364,
    "eps": 0.23,
    "epsdiluted": 0.23,
    "weightedAverageShsOut": 612551317,
    "weightedAverageShsOutDil": 613247740,
    "link": "https://www.sec.gov/Archives/edgar/data/1687229/000168722925000008/0001687229-25-000008-index.htm",
    "finalLink": "https://www.sec.gov/Archives/edgar/data/1687229/000168722925000008/invh-20241231.htm"
  },
  {
    "date": "2024-09-30",
    "symbol": "INVH",
    "reportedCurrency": "USD",
    "cik": "0001687229",
    "fillingDate": "2024-10-31",
    "acceptedDate": "2024-10-31 17:25:49",
    "calendarYear": "2024",
    "period": "Q3",
    "revenue": 660322000,
    "costOfRevenue": 276610000,
    "grossProfit": 383712000,
    "grossProfitRatio": 0.5810983126,
    "researchAndDevelopmentExpenses": 0,
    "generalAndAdministrativeExpenses": 21727000,
    "sellingAndMarketingExpenses": 0,
    "sellingGeneralAndAdministrativeExpenses": 21727000,
    "otherExpenses": 180479000,
    "operatingExpenses": 202206000,
    "costAndExpenses": 478816000,
    "interestIncome": 0,
    "interestExpense": 91060000,
    "depreciationAndAmortization": 180479000,
    "ebitda": 367117000,
    "ebitdaratio": 0.5559666345,
    "operatingIncome": 181506000,
    "operatingIncomeRatio": 0.2748749852,
    "totalOtherIncomeExpensesNet": -85928000,
    "incomeBeforeTax": 95578000,
    "incomeBeforeTaxRatio": 0.1447445337,
    "incomeTaxExpense": 0,
    "netIncome": 95269000,
    "netIncomeRatio": 0.1442765802,
    "eps": 0.16,
    "epsdiluted": 0.15,
    "weightedAverageShsOut": 612674802,
    "weightedAverageShsOutDil": 613645188,
    "link": "https://www.sec.gov/Archives/edgar/data/1687229/000168722924000074/0001687229-24-000074-index.htm",
    "finalLink": "https://www.sec.gov/Archives/edgar/data/1687229/000168722924000074/invh-20240930.htm"
  },
  {
    "date": "2024-06-30",
    "symbol": "INVH",
    "reportedCurrency": "USD",
    "cik": "0001687229",
    "fillingDate": "2024-07-25",
    "acceptedDate": "2024-07-25 14:27:59",
    "calendarYear": "2024",
    "period": "Q2",
    "revenue": 653451000,
    "costOfRevenue": 266817000,
    "grossProfit": 386634000,
    "grossProfitRatio": 0.5916801719,
    "researchAndDevelopmentExpenses": 0,
    "generalAndAdministrativeExpenses": 21498000,
    "sellingAndMarketingExpenses": 0,
    "sellingGeneralAndAdministrativeExpenses": 21498000,
    "otherExpenses": 176622000,
    "operatingExpenses": 198120000,
    "costAndExpenses": 464937000,
    "interestIncome": 0,
    "interestExpense": 90007000,
    "depreciationAndAmortization": 176622000,
    "ebitda": 340060000,
    "ebitdaratio": 0.5204062738,
    "operatingIncome": 188514000,
    "operatingIncomeRatio": 0.2884898791,
    "totalOtherIncomeExpensesNet": -115083000,
    "incomeBeforeTax": 73431000,
    "incomeBeforeTaxRatio": 0.1123741489,
    "incomeTaxExpense": 0,
    "netIncome": 73188000,
    "netIncomeRatio": 0.1120022771,
    "eps": 0.12,
    "epsdiluted": 0.12,
    "weightedAverageShsOut": 612628758,
    "weightedAverageShsOutDil": 613823339,
    "link": "https://www.sec.gov/Archives/edgar/data/1687229/000168722924000046/0001687229-24-000046-index.htm",
    "finalLink": "https://www.sec.gov/Archives/edgar/data/1687229/000168722924000046/invh-20240630.htm"
  },
  {
    "date": "2024-03-31",
    "symbol": "INVH",
    "reportedCurrency": "USD",
    "cik": "0001687229",
    "fillingDate": "2024-05-01",
    "acceptedDate": "2024-05-01 13:41:02",
    "calendarYear": "2024",
    "period": "Q1",
    "revenue": 646039000,
    "costOfRevenue": 261634000,
    "grossProfit": 384405000,
    "grossProfitRatio": 0.5950182574,
    "researchAndDevelopmentExpenses": 0,
    "generalAndAdministrativeExpenses": 23448000,
    "sellingAndMarketingExpenses": 0,
    "sellingGeneralAndAdministrativeExpenses": 23448000,
    "otherExpenses": 175313000,
    "operatingExpenses": 198761000,
    "costAndExpenses": 460395000,
    "interestIncome": 0,
    "interestExpense": 89845000,
    "depreciationAndAmortization": 175313000,
    "ebitda": 407944000,
    "ebitdaratio": 0.6314541382,
    "operatingIncome": 185644000,
    "operatingIncomeRatio": 0.2873572648,
    "totalOtherIncomeExpensesNet": -42858000,
    "incomeBeforeTax": 142786000,
    "incomeBeforeTaxRatio": 0.2210176166,
    "incomeTaxExpense": 0,
    "netIncome": 142350000,
    "netIncomeRatio": 0.2203427347,
    "eps": 0.23,
    "epsdiluted": 0.23,
    "weightedAverageShsOut": 612219520,
    "weightedAverageShsOutDil": 613807166,
    "link": "https://www.sec.gov/Archives/edgar/data/1687229/000168722924000028/0001687229-24-000028-index.htm",
    "finalLink": "https://www.sec.gov/Archives/edgar/data/1687229/000168722924000028/invh-20240331.htm"
  },
  {
    "date": "2023-12-31",
    "symbol": "INVH",
    "reportedCurrency": "USD",
    "cik": "0001687229",
    "fillingDate": "2024-02-21",
    "acceptedDate": "2024-02-21 14:22:18",
    "calendarYear": "2023",
    "period": "Q4",
    "revenue": 624321000,
    "costOfRevenue": 253788000,
    "grossProfit": 370533000,
    "grossProfitRatio": 0.5934975758,
    "researchAndDevelopmentExpenses": 0,
    "generalAndAdministrativeExpenses": 22387000,
    "sellingAndMarketingExpenses": 0,
    "sellingGeneralAndAdministrativeExpenses": 22387000,
    "otherExpenses": 173159000,
    "operatingExpenses": 195546000,
    "costAndExpenses": 449334000,
    "interestIncome": 0,
    "interestExpense": 90049000,
    "depreciationAndAmortization": 173159000,
    "ebitda": 393149000,
    "ebitdaratio": 0.6297225306,
    "operatingIncome": 174987000,
    "operatingIncomeRatio": 0.2802837002,
    "totalOtherIncomeExpensesNet": -45046000,
    "incomeBeforeTax": 129941000,
    "incomeBeforeTaxRatio": 0.2081317143,
    "incomeTaxExpense": 0,
    "netIncome": 129546000,
    "netIncomeRatio": 0.2074990269,
    "eps": 0.21,
    "epsdiluted": 0.21,
    "weightedAverageShsOut": 612026090,
    "weightedAverageShsOutDil": 613688569,
    "link": "https://www.sec.gov/Archives/edgar/data/1687229/000168722924000013/0001687229-24-000013-index.htm",
    "finalLink": "https://www.sec.gov/Archives/edgar/data/1687229/000168722924000013/invh-20231231.htm"
  },
  {
    "date": "2023-09-30",
    "symbol": "INVH",
    "reportedCurrency": "USD",
    "cik": "0001687229",
    "fillingDate": "2023-10-26",
    "acceptedDate": "2023-10-26 13:37:38",
    "calendarYear": "2023",
    "period": "Q3",
    "revenue": 617695000,
    "costOfRevenue": 252887000,
    "grossProfit": 364808000,
    "grossProfitRatio": 0.5905956823,
    "researchAndDevelopmentExpenses": 0,
    "generalAndAdministrativeExpenses": 22714000,
    "sellingAndMarketingExpenses": 0,
    "sellingGeneralAndAdministrativeExpenses": 22714000,
    "otherExpenses": 170696000,
    "operatingExpenses": 193410000,
    "costAndExpenses": 446297000,
    "interestIncome": 0,
    "interestExpense": 86736000,
    "depreciationAndAmortization": 170696000,
    "ebitda": 389653000,
    "ebitdaratio": 0.6308177984,
    "operatingIncome": 171398000,
    "operatingIncomeRatio": 0.2774799861,
    "totalOtherIncomeExpensesNet": -39177000,
    "incomeBeforeTax": 132221000,
    "incomeBeforeTaxRatio": 0.2140554805,
    "incomeTaxExpense": 0,
    "netIncome": 131818000,
    "netIncomeRatio": 0.2134030549,
    "eps": 0.22,
    "epsdiluted": 0.21,
    "weightedAverageShsOut": 612000811,
    "weightedAverageShsOutDil": 613580042,
    "link": "https://www.sec.gov/Archives/edgar/data/1687229/000168722923000081/0001687229-23-000081-index.htm",
    "finalLink": "https://www.sec.gov/Archives/edgar/data/1687229/000168722923000081/invh-20230930.htm"
  },
  {
    "date": "2023-06-30",
    "symbol": "INVH",
    "reportedCurrency": "USD",
    "cik": "0001687229",
    "fillingDate": "2023-07-27",
    "acceptedDate": "2023-07-27 14:35:32",
    "calendarYear": "2023",
    "period": "Q2",
    "revenue": 600372000,
    "costOfRevenue": 237388000,
    "grossProfit": 362984000,
    "grossProfitRatio": 0.6045984823,
    "researchAndDevelopmentExpenses": 0,
    "generalAndAdministrativeExpenses": 19791000,
    "sellingAndMarketingExpenses": 0,
    "sellingGeneralAndAdministrativeExpenses": 19791000,
    "otherExpenses": 165759000,
    "operatingExpenses": 185550000,
    "costAndExpenses": 422938000,
    "interestIncome": 0,
    "interestExpense": 78625000,
    "depreciationAndAmortization": 165759000,
    "ebitda": 382666000,
    "ebitdaratio": 0.6373814901,
    "operatingIncome": 177434000,
    "operatingIncomeRatio": 0.2955400985,
    "totalOtherIncomeExpensesNet": -39152000,
    "incomeBeforeTax": 138282000,
    "incomeBeforeTaxRatio": 0.2303271971,
    "incomeTaxExpense": 0,
    "netIncome": 137864000,
    "netIncomeRatio": 0.2296309621,
    "eps": 0.23,
    "epsdiluted": 0.22,
    "weightedAverageShsOut": 611954347,
    "weightedAverageShsOutDil": 613316499,
    "link": "https://www.sec.gov/Archives/edgar/data/1687229/000168722923000066/0001687229-23-000066-index.htm",
    "finalLink": "https://www.sec.gov/Archives/edgar/data/1687229/000168722923000066/invh-20230630.htm"
  },
  {
    "date": "2023-03-31",
    "symbol": "INVH",
    "reportedCurrency": "USD",
    "cik": "0001687229",
    "fillingDate": "2023-05-02",
    "acceptedDate": "2023-05-02 14:46:36",
    "calendarYear": "2023",
    "period": "Q1",
    "revenue": 589890000,
    "costOfRevenue": 232081000,
    "grossProfit": 357809000,
    "grossProfitRatio": 0.6065690213,
    "researchAndDevelopmentExpenses": 0,
    "generalAndAdministrativeExpenses": 17452000,
    "sellingAndMarketingExpenses": 0,
    "sellingGeneralAndAdministrativeExpenses": 17452000,
    "otherExpenses": 164673000,
    "operatingExpenses": 182125000,
    "costAndExpenses": 414206000,
    "interestIncome": 0,
    "interestExpense": 78047000,
    "depreciationAndAmortization": 164673000,
    "ebitda": 363304000,
    "ebitdaratio": 0.6158843174,
    "operatingIncome": 175684000,
    "operatingIncomeRatio": 0.2978250182,
    "totalOtherIncomeExpensesNet": -55100000,
    "incomeBeforeTax": 120584000,
    "incomeBeforeTaxRatio": 0.2044177728,
    "incomeTaxExpense": 0,
    "netIncome": 120242000,
    "netIncomeRatio": 0.2038380037,
    "eps": 0.2,
    "epsdiluted": 0.2,
    "weightedAverageShsOut": 611588465,
    "weightedAverageShsOutDil": 612564298,
    "link": "https://www.sec.gov/Archives/edgar/data/1687229/000168722923000047/0001687229-23-000047-index.htm",
    "finalLink": "https://www.sec.gov/Archives/edgar/data/1687229/000168722923000047/invh-20230331.htm"
  },
  {
    "date": "2022-12-31",
    "symbol": "INVH",
    "reportedCurrency": "USD",
    "cik": "0001687229",
    "fillingDate": "2023-02-22",
    "acceptedDate": "2023-02-22 16:32:00",
    "calendarYear": "2022",
    "period": "Q4",
    "revenue": 579836000,
    "costOfRevenue": 232385000,
    "grossProfit": 347451000,
    "grossProfitRatio": 0.5992228837,
    "researchAndDevelopmentExpenses": 0,
    "generalAndAdministrativeExpenses": 16921000,
    "sellingAndMarketingExpenses": 0,
    "sellingGeneralAndAdministrativeExpenses": 16921000,
    "otherExpenses": 163318000,
    "operatingExpenses": 180239000,
    "costAndExpenses": 412624000,
    "interestIncome": 0,
    "interestExpense": 78409000,
    "depreciationAndAmortization": 163318000,
    "ebitda": 342589000,
    "ebitdaratio": 0.5908377541,
    "operatingIncome": 167212000,
    "operatingIncomeRatio": 0.2883780931,
    "totalOtherIncomeExpensesNet": -66350000,
    "incomeBeforeTax": 100862000,
    "incomeBeforeTaxRatio": 0.1739491856,
    "incomeTaxExpense": 0,
    "netIncome": 100572000,
    "netIncomeRatio": 0.1734490442,
    "eps": 0.16,
    "epsdiluted": 0.16,
    "weightedAverageShsOut": 611427853,
    "weightedAverageShsOutDil": 612206225,
    "link": "https://www.sec.gov/Archives/edgar/data/1687229/000168722923000029/0001687229-23-000029-index.htm",
    "finalLink": "https://www.sec.gov/Archives/edgar/data/1687229/000168722923000029/invh-20221231.htm"
  },
  {
    "date": "2022-09-30",
    "symbol": "INVH",
    "reportedCurrency": "USD",
    "cik": "0001687229",
    "fillingDate": "2022-10-27",
    "acceptedDate": "2022-10-27 12:49:07",
    "calendarYear": "2022",
    "period": "Q3",
    "revenue": 568675000,
    "costOfRevenue": 226172000,
    "grossProfit": 342503000,
    "grossProfitRatio": 0.6022824988,
    "researchAndDevelopmentExpenses": 0,
    "generalAndAdministrativeExpenses": 20123000,
    "sellingAndMarketingExpenses": 0,
    "sellingGeneralAndAdministrativeExpenses": 20123000,
    "otherExpenses": 160428000,
    "operatingExpenses": 180551000,
    "costAndExpenses": 406723000,
    "interestIncome": 0,
    "interestExpense": 76454000,
    "depreciationAndAmortization": 160428000,
    "ebitda": 316311000,
    "ebitdaratio": 0.5562245571,
    "operatingIncome": 161952000,
    "operatingIncomeRatio": 0.2847883237,
    "totalOtherIncomeExpensesNet": -82523000,
    "incomeBeforeTax": 79429000,
    "incomeBeforeTaxRatio": 0.1396738031,
    "incomeTaxExpense": 0,
    "netIncome": 79179000,
    "netIncomeRatio": 0.1392341847,
    "eps": 0.13,
    "epsdiluted": 0.13,
    "weightedAverageShsOut": 610845820,
    "weightedAverageShsOutDil": 612647588,
    "link": "https://www.sec.gov/Archives/edgar/data/1687229/000168722922000035/0001687229-22-000035-index.htm",
    "finalLink": "https://www.sec.gov/Archives/edgar/data/1687229/000168722922000035/invh-20220930.htm"
  },
  {
    "date": "2022-06-30",
    "symbol": "INVH",
    "reportedCurrency": "USD",
    "cik": "0001687229",
    "fillingDate": "2022-07-28",
    "acceptedDate": "2022-07-28 13:00:55",
    "calendarYear": "2022",
    "period": "Q2",
    "revenue": 557300000,
    "costOfRevenue": 212494000,
    "grossProfit": 344806000,
    "grossProfitRatio": 0.6187080567,
    "researchAndDevelopmentExpenses": 0,
    "generalAndAdministrativeExpenses": 19342000,
    "sellingAndMarketingExpenses": 0,
    "sellingGeneralAndAdministrativeExpenses": 19342000,
    "otherExpenses": 158572000,
    "operatingExpenses": 177914000,
    "costAndExpenses": 390408000,
    "interestIncome": 0,
    "interestExpense": 74840000,
    "depreciationAndAmortization": 158572000,
    "ebitda": 344917000,
    "ebitdaratio": 0.6189072313,
    "operatingIncome": 166892000,
    "operatingIncomeRatio": 0.299465279,
    "totalOtherIncomeExpensesNet": -55387000,
    "incomeBeforeTax": 111505000,
    "incomeBeforeTaxRatio": 0.2000807465,
    "incomeTaxExpense": 0,
    "netIncome": 110963000,
    "netIncomeRatio": 0.1991082003,
    "eps": 0.18,
    "epsdiluted": 0.18,
    "weightedAverageShsOut": 610331643,
    "weightedAverageShsOutDil": 611620475,
    "link": "https://www.sec.gov/Archives/edgar/data/1687229/000168722922000026/0001687229-22-000026-index.htm",
    "finalLink": "https://www.sec.gov/Archives/edgar/data/1687229/000168722922000026/invh-20220630.htm"
  },
  {
    "date": "2022-03-31",
    "symbol": "INVH",
    "reportedCurrency": "USD",
    "cik": "0001687229",
    "fillingDate": "2022-04-28",
    "acceptedDate": "2022-04-28 14:30:58",
    "calendarYear": "2022",
    "period": "Q1",
    "revenue": 532310000,
    "costOfRevenue": 203236000,
    "grossProfit": 329074000,
    "grossProfitRatio": 0.6181999211,
    "researchAndDevelopmentExpenses": 0,
    "generalAndAdministrativeExpenses": 17639000,
    "sellingAndMarketingExpenses": 0,
    "sellingGeneralAndAdministrativeExpenses": 17639000,
    "otherExpenses": 155796000,
    "operatingExpenses": 173435000,
    "costAndExpenses": 376671000,
    "interestIncome": 0,
    "interestExpense": 74389000,
    "depreciationAndAmortization": 155796000,
    "ebitda": 323188000,
    "ebitdaratio": 0.6071424546,
    "operatingIncome": 155639000,
    "operatingIncomeRatio": 0.2923841371,
    "totalOtherIncomeExpensesNet": -62636000,
    "incomeBeforeTax": 93003000,
    "incomeBeforeTaxRatio": 0.1747158611,
    "incomeTaxExpense": 0,
    "netIncome": 92615000,
    "netIncomeRatio": 0.1739869625,
    "eps": 0.15,
    "epsdiluted": 0.15,
    "weightedAverageShsOut": 606410225,
    "weightedAverageShsOutDil": 607908398,
    "link": "https://www.sec.gov/Archives/edgar/data/1687229/000168722922000010/0001687229-22-000010-index.htm",
    "finalLink": "https://www.sec.gov/Archives/edgar/data/1687229/000168722922000010/invh-20220331.htm"
  },
  {
    "date": "2021-12-31",
    "symbol": "INVH",
    "reportedCurrency": "USD",
    "cik": "0001687229",
    "fillingDate": "2022-02-22",
    "acceptedDate": "2022-02-22 13:26:21",
    "calendarYear": "2021",
    "period": "Q4",
    "revenue": 520225000,
    "costOfRevenue": 198056000,
    "grossProfit": 322169000,
    "grossProfitRatio": 0.6192878082,
    "researchAndDevelopmentExpenses": 0,
    "generalAndAdministrativeExpenses": 19668000,
    "sellingAndMarketingExpenses": 0,
    "sellingGeneralAndAdministrativeExpenses": 19668000,
    "otherExpenses": 151660000,
    "operatingExpenses": 171328000,
    "costAndExpenses": 369384000,
    "interestIncome": 0,
    "interestExpense": 79121000,
    "depreciationAndAmortization": 151660000,
    "ebitda": 305652000,
    "ebitdaratio": 0.5875380845,
    "operatingIncome": 150841000,
    "operatingIncomeRatio": 0.2899533856,
    "totalOtherIncomeExpensesNet": -75970000,
    "incomeBeforeTax": 74871000,
    "incomeBeforeTaxRatio": 0.143920419,
    "incomeTaxExpense": 0,
    "netIncome": 74543000,
    "netIncomeRatio": 0.1432899226,
    "eps": 0.12,
    "epsdiluted": 0.12,
    "weightedAverageShsOut": 598076066,
    "weightedAverageShsOutDil": 599827368,
    "link": "https://www.sec.gov/Archives/edgar/data/1687229/000168722922000002/0001687229-22-000002-index.htm",
    "finalLink": "https://www.sec.gov/Archives/edgar/data/1687229/000168722922000002/invh-20211231.htm"
  },
  {
    "date": "2021-09-30",
    "symbol": "INVH",
    "reportedCurrency": "USD",
    "cik": "0001687229",
    "fillingDate": "2021-10-28",
    "acceptedDate": "2021-10-28 13:01:20",
    "calendarYear": "2021",
    "period": "Q3",
    "revenue": 509532000,
    "costOfRevenue": 202370000,
    "grossProfit": 307162000,
    "grossProfitRatio": 0.602831618,
    "researchAndDevelopmentExpenses": 0,
    "generalAndAdministrativeExpenses": 19369000,
    "sellingAndMarketingExpenses": 0,
    "sellingGeneralAndAdministrativeExpenses": 19369000,
    "otherExpenses": 150694000,
    "operatingExpenses": 170063000,
    "costAndExpenses": 372433000,
    "interestIncome": 0,
    "interestExpense": 79370000,
    "depreciationAndAmortization": 150694000,
    "ebitda": 299559000,
    "ebitdaratio": 0.5879100822,
    "operatingIncome": 137099000,
    "operatingIncomeRatio": 0.2690684785,
    "totalOtherIncomeExpensesNet": -67604000,
    "incomeBeforeTax": 69495000,
    "incomeBeforeTaxRatio": 0.1363898636,
    "incomeTaxExpense": 0,
    "netIncome": 69177000,
    "netIncomeRatio": 0.1357657615,
    "eps": 0.12,
    "epsdiluted": 0.12,
    "weightedAverageShsOut": 577011178,
    "weightedAverageShsOutDil": 578571392,
    "link": "https://www.sec.gov/Archives/edgar/data/1687229/000168722921000061/0001687229-21-000061-index.htm",
    "finalLink": "https://www.sec.gov/Archives/edgar/data/1687229/000168722921000061/invh-20210930.htm"
  },
  {
    "date": "2021-06-30",
    "symbol": "INVH",
    "reportedCurrency": "USD",
    "cik": "0001687229",
    "fillingDate": "2021-07-29",
    "acceptedDate": "2021-07-29 14:23:20",
    "calendarYear": "2021",
    "period": "Q2",
    "revenue": 491633000,
    "costOfRevenue": 193118000,
    "grossProfit": 298515000,
    "grossProfitRatio": 0.6071907297,
    "researchAndDevelopmentExpenses": 0,
    "generalAndAdministrativeExpenses": 19828000,
    "sellingAndMarketingExpenses": 0,
    "sellingGeneralAndAdministrativeExpenses": 19828000,
    "otherExpenses": 145280000,
    "operatingExpenses": 165108000,
    "costAndExpenses": 358226000,
    "interestIncome": 0,
    "interestExpense": 80764000,
    "depreciationAndAmortization": 145280000,
    "ebitda": 286732000,
    "ebitdaratio": 0.5832236648,
    "operatingIncome": 133407000,
    "operatingIncomeRatio": 0.2713548521,
    "totalOtherIncomeExpensesNet": -72719000,
    "incomeBeforeTax": 60688000,
    "incomeBeforeTaxRatio": 0.123441673,
    "incomeTaxExpense": 0,
    "netIncome": 60338000,
    "netIncomeRatio": 0.1227297598,
    "eps": 0.11,
    "epsdiluted": 0.11,
    "weightedAverageShsOut": 567931472,
    "weightedAverageShsOutDil": 569283166,
    "link": "https://www.sec.gov/Archives/edgar/data/1687229/000168722921000050/0001687229-21-000050-index.htm",
    "finalLink": "https://www.sec.gov/Archives/edgar/data/1687229/000168722921000050/invh-20210630.htm"
  },
  {
    "date": "2021-03-31",
    "symbol": "INVH",
    "reportedCurrency": "USD",
    "cik": "0001687229",
    "fillingDate": "2021-04-29",
    "acceptedDate": "2021-04-29 14:47:33",
    "calendarYear": "2021",
    "period": "Q1",
    "revenue": 475225000,
    "costOfRevenue": 184215000,
    "grossProfit": 291010000,
    "grossProfitRatio": 0.6123625651,
    "researchAndDevelopmentExpenses": 0,
    "generalAndAdministrativeExpenses": 16950000,
    "sellingAndMarketingExpenses": 0,
    "sellingGeneralAndAdministrativeExpenses": 16950000,
    "otherExpenses": 144501000,
    "operatingExpenses": 161451000,
    "costAndExpenses": 345666000,
    "interestIncome": 0,
    "interestExpense": 83406000,
    "depreciationAndAmortization": 144501000,
    "ebitda": 285629000,
    "ebitdaratio": 0.6010395076,
    "operatingIncome": 129559000,
    "operatingIncomeRatio": 0.2726266505,
    "totalOtherIncomeExpensesNet": -71837000,
    "incomeBeforeTax": 57722000,
    "incomeBeforeTaxRatio": 0.1214624651,
    "incomeTaxExpense": 0,
    "netIncome": 57367000,
    "netIncomeRatio": 0.1207154506,
    "eps": 0.1,
    "epsdiluted": 0.1,
    "weightedAverageShsOut": 567375502,
    "weightedAverageShsOutDil": 568826104,
    "link": "https://www.sec.gov/Archives/edgar/data/1687229/000168722921000022/0001687229-21-000022-index.htm",
    "finalLink": "https://www.sec.gov/Archives/edgar/data/1687229/000168722921000022/invh-20210331.htm"
  },
  {
    "date": "2020-12-31",
    "symbol": "INVH",
    "reportedCurrency": "USD",
    "cik": "0001687229",
    "fillingDate": "2021-02-19",
    "acceptedDate": "2021-02-19 13:10:19",
    "calendarYear": "2020",
    "period": "Q4",
    "revenue": 464100000,
    "costOfRevenue": 183516000,
    "grossProfit": 280584000,
    "grossProfitRatio": 0.6045765999,
    "researchAndDevelopmentExpenses": 0,
    "generalAndAdministrativeExpenses": 16679000,
    "sellingAndMarketingExpenses": 0,
    "sellingGeneralAndAdministrativeExpenses": 16679000,
    "otherExpenses": 142090000,
    "operatingExpenses": 158769000,
    "costAndExpenses": 342285000,
    "interestIncome": 0,
    "interestExpense": 95382000,
    "depreciationAndAmortization": 142090000,
    "ebitda": 308602000,
    "ebitdaratio": 0.6649472097,
    "operatingIncome": 121815000,
    "operatingIncomeRatio": 0.2624757595,
    "totalOtherIncomeExpensesNet": -50685000,
    "incomeBeforeTax": 71130000,
    "incomeBeforeTaxRatio": 0.1532643827,
    "incomeTaxExpense": 0,
    "netIncome": 70699000,
    "netIncomeRatio": 0.1523357035,
    "eps": 0.13,
    "epsdiluted": 0.12,
    "weightedAverageShsOut": 563968010,
    "weightedAverageShsOutDil": 565541098,
    "link": "https://www.sec.gov/Archives/edgar/data/1687229/000168722921000005/0001687229-21-000005-index.htm",
    "finalLink": "https://www.sec.gov/Archives/edgar/data/1687229/000168722921000005/invh-20201231.htm"
  },
  {
    "date": "2020-09-30",
    "symbol": "INVH",
    "reportedCurrency": "USD",
    "cik": "0001687229",
    "fillingDate": "2020-10-29",
    "acceptedDate": "2020-10-29 14:47:51",
    "calendarYear": "2020",
    "period": "Q3",
    "revenue": 459184000,
    "costOfRevenue": 192821000,
    "grossProfit": 266363000,
    "grossProfitRatio": 0.5800790097,
    "researchAndDevelopmentExpenses": 0,
    "generalAndAdministrativeExpenses": 17972000,
    "sellingAndMarketingExpenses": 0,
    "sellingGeneralAndAdministrativeExpenses": 17972000,
    "otherExpenses": 138147000,
    "operatingExpenses": 156119000,
    "costAndExpenses": 348940000,
    "interestIncome": 0,
    "interestExpense": 87713000,
    "depreciationAndAmortization": 138147000,
    "ebitda": 258725000,
    "ebitdaratio": 0.5634451549,
    "operatingIncome": 110244000,
    "operatingIncomeRatio": 0.2400867626,
    "totalOtherIncomeExpensesNet": -77379000,
    "incomeBeforeTax": 32865000,
    "incomeBeforeTaxRatio": 0.0715726158,
    "incomeTaxExpense": 0,
    "netIncome": 32654000,
    "netIncomeRatio": 0.071113105,
    "eps": 0.058,
    "epsdiluted": 0.058,
    "weightedAverageShsOut": 560598995,
    "weightedAverageShsOutDil": 561871373,
    "link": "https://www.sec.gov/Archives/edgar/data/1687229/000168722920000037/0001687229-20-000037-index.htm",
    "finalLink": "https://www.sec.gov/Archives/edgar/data/1687229/000168722920000037/invh-20200930.htm"
  },
  {
    "date": "2020-06-30",
    "symbol": "INVH",
    "reportedCurrency": "USD",
    "cik": "0001687229",
    "fillingDate": "2020-08-04",
    "acceptedDate": "2020-08-04 15:28:40",
    "calendarYear": "2020",
    "period": "Q2",
    "revenue": 449755000,
    "costOfRevenue": 181531000,
    "grossProfit": 268224000,
    "grossProfitRatio": 0.596378028,
    "researchAndDevelopmentExpenses": 0,
    "generalAndAdministrativeExpenses": 14426000,
    "sellingAndMarketingExpenses": 0,
    "sellingGeneralAndAdministrativeExpenses": 14426000,
    "otherExpenses": 137266000,
    "operatingExpenses": 151692000,
    "costAndExpenses": 333223000,
    "interestIncome": 0,
    "interestExpense": 86071000,
    "depreciationAndAmortization": 137266000,
    "ebitda": 266515000,
    "ebitdaratio": 0.5925781815,
    "operatingIncome": 116532000,
    "operatingIncomeRatio": 0.2591010661,
    "totalOtherIncomeExpensesNet": -73354000,
    "incomeBeforeTax": 43178000,
    "incomeBeforeTaxRatio": 0.0960033796,
    "incomeTaxExpense": 0,
    "netIncome": 42903000,
    "netIncomeRatio": 0.0953919356,
    "eps": 0.078,
    "epsdiluted": 0.078,
    "weightedAverageShsOut": 548811968,
    "weightedAverageShsOutDil": 549920213,
    "link": "https://www.sec.gov/Archives/edgar/data/1687229/000168722920000023/0001687229-20-000023-index.htm",
    "finalLink": "https://www.sec.gov/Archives/edgar/data/1687229/000168722920000023/a06302020ihinc10qdocum.htm"
  },
  {
    "date": "2020-03-31",
    "symbol": "INVH",
    "reportedCurrency": "USD",
    "cik": "0001687229",
    "fillingDate": "2020-05-07",
    "acceptedDate": "2020-05-07 13:16:48",
    "calendarYear": "2020",
    "period": "Q1",
    "revenue": 449789000,
    "costOfRevenue": 181288000,
    "grossProfit": 268501000,
    "grossProfitRatio": 0.5969487915,
    "researchAndDevelopmentExpenses": 0,
    "generalAndAdministrativeExpenses": 14228000,
    "sellingAndMarketingExpenses": 0,
    "sellingGeneralAndAdministrativeExpenses": 14228000,
    "otherExpenses": 135027000,
    "operatingExpenses": 149255000,
    "costAndExpenses": 330543000,
    "interestIncome": 0,
    "interestExpense": 84757000,
    "depreciationAndAmortization": 135027000,
    "ebitda": 254860000,
    "ebitdaratio": 0.566621238,
    "operatingIncome": 119246000,
    "operatingIncomeRatio": 0.2651154208,
    "totalOtherIncomeExpensesNet": -84170000,
    "incomeBeforeTax": 35076000,
    "incomeBeforeTaxRatio": 0.0779832321,
    "incomeTaxExpense": 0,
    "netIncome": 49956000,
    "netIncomeRatio": 0.1110654107,
    "eps": 0.0919,
    "epsdiluted": 0.09,
    "weightedAverageShsOut": 542549512,
    "weightedAverageShsOutDil": 543904420,
    "link": "https://www.sec.gov/Archives/edgar/data/1687229/000168722920000011/0001687229-20-000011-index.htm",
    "finalLink": "https://www.sec.gov/Archives/edgar/data/1687229/000168722920000011/a03312020ihinc10qdocum.htm"
  },
  {
    "date": "2019-12-31",
    "symbol": "INVH",
    "reportedCurrency": "USD",
    "cik": "0001687229",
    "fillingDate": "2020-02-19",
    "acceptedDate": "2020-02-19 12:54:59",
    "calendarYear": "2019",
    "period": "Q4",
    "revenue": 444277000,
    "costOfRevenue": 182137000,
    "grossProfit": 262140000,
    "grossProfitRatio": 0.5900372966,
    "researchAndDevelopmentExpenses": 0,
    "generalAndAdministrativeExpenses": 15375000,
    "sellingAndMarketingExpenses": 0,
    "sellingGeneralAndAdministrativeExpenses": 15375000,
    "otherExpenses": 133764000,
    "operatingExpenses": 149139000,
    "costAndExpenses": 331276000,
    "interestIncome": 0,
    "interestExpense": 88417000,
    "depreciationAndAmortization": 133764000,
    "ebitda": 274735000,
    "ebitdaratio": 0.6183867272,
    "operatingIncome": 113001000,
    "operatingIncomeRatio": 0.2543480756,
    "totalOtherIncomeExpensesNet": -60447000,
    "incomeBeforeTax": 52554000,
    "incomeBeforeTaxRatio": 0.1182910662,
    "incomeTaxExpense": 0,
    "netIncome": 51992000,
    "netIncomeRatio": 0.1170260896,
    "eps": 0.0961,
    "epsdiluted": 0.1,
    "weightedAverageShsOut": 540218045,
    "weightedAverageShsOutDil": 541505031,
    "link": "https://www.sec.gov/Archives/edgar/data/1687229/000168722920000004/0001687229-20-000004-index.htm",
    "finalLink": "https://www.sec.gov/Archives/edgar/data/1687229/000168722920000004/a12312019ihinc10kdocum.htm"
  },
  {
    "date": "2019-09-30",
    "symbol": "INVH",
    "reportedCurrency": "USD",
    "cik": "0001687229",
    "fillingDate": "2019-10-30",
    "acceptedDate": "2019-10-30 13:03:00",
    "calendarYear": "2019",
    "period": "Q3",
    "revenue": 443326000,
    "costOfRevenue": 191363000,
    "grossProfit": 251963000,
    "grossProfitRatio": 0.5683469952,
    "researchAndDevelopmentExpenses": 0,
    "generalAndAdministrativeExpenses": 16405000,
    "sellingAndMarketingExpenses": 0,
    "sellingGeneralAndAdministrativeExpenses": 16405000,
    "otherExpenses": 133315000,
    "operatingExpenses": 149720000,
    "costAndExpenses": 341083000,
    "interestIncome": 0,
    "interestExpense": 89067000,
    "depreciationAndAmortization": 133315000,
    "ebitda": 256365000,
    "ebitdaratio": 0.5782764828,
    "operatingIncome": 102243000,
    "operatingIncomeRatio": 0.2306271232,
    "totalOtherIncomeExpensesNet": -68260000,
    "incomeBeforeTax": 33983000,
    "incomeBeforeTaxRatio": 0.0766546514,
    "incomeTaxExpense": 0,
    "netIncome": 33707000,
    "netIncomeRatio": 0.0760320847,
    "eps": 0.0625,
    "epsdiluted": 0.06,
    "weightedAverageShsOut": 537771245,
    "weightedAverageShsOutDil": 538644888,
    "link": "https://www.sec.gov/Archives/edgar/data/1687229/000168722919000057/0001687229-19-000057-index.htm",
    "finalLink": "https://www.sec.gov/Archives/edgar/data/1687229/000168722919000057/a09302019ihinc10qdocum.htm"
  },
  {
    "date": "2019-06-30",
    "symbol": "INVH",
    "reportedCurrency": "USD",
    "cik": "0001687229",
    "fillingDate": "2019-07-31",
    "acceptedDate": "2019-07-31 12:08:14",
    "calendarYear": "2019",
    "period": "Q2",
    "revenue": 441582000,
    "costOfRevenue": 182595000,
    "grossProfit": 258987000,
    "grossProfitRatio": 0.586498091,
    "researchAndDevelopmentExpenses": 0,
    "generalAndAdministrativeExpenses": 15956000,
    "sellingAndMarketingExpenses": 0,
    "sellingGeneralAndAdministrativeExpenses": 15956000,
    "otherExpenses": 133031000,
    "operatingExpenses": 148987000,
    "costAndExpenses": 331582000,
    "interestIncome": 0,
    "interestExpense": 95706000,
    "depreciationAndAmortization": 133031000,
    "ebitda": 268142000,
    "ebitdaratio": 0.6072303672,
    "operatingIncome": 110000000,
    "operatingIncomeRatio": 0.2491043566,
    "totalOtherIncomeExpensesNet": -70595000,
    "incomeBeforeTax": 39405000,
    "incomeBeforeTaxRatio": 0.0892359743,
    "incomeTaxExpense": 0,
    "netIncome": 38942000,
    "netIncomeRatio": 0.0881874714,
    "eps": 0.074,
    "epsdiluted": 0.07,
    "weightedAverageShsOut": 525070036,
    "weightedAverageShsOutDil": 525933643,
    "link": "https://www.sec.gov/Archives/edgar/data/1687229/000168722919000044/0001687229-19-000044-index.htm",
    "finalLink": "https://www.sec.gov/Archives/edgar/data/1687229/000168722919000044/a06302019ihinc10qdocum.htm"
  },
  {
    "date": "2019-03-31",
    "symbol": "INVH",
    "reportedCurrency": "USD",
    "cik": "0001687229",
    "fillingDate": "2019-05-07",
    "acceptedDate": "2019-05-07 14:39:42",
    "calendarYear": "2019",
    "period": "Q1",
    "revenue": 435500000,
    "costOfRevenue": 175506000,
    "grossProfit": 259994000,
    "grossProfitRatio": 0.5970011481,
    "researchAndDevelopmentExpenses": 0,
    "generalAndAdministrativeExpenses": 26538000,
    "sellingAndMarketingExpenses": 0,
    "sellingGeneralAndAdministrativeExpenses": 26538000,
    "otherExpenses": 133609000,
    "operatingExpenses": 160147000,
    "costAndExpenses": 335653000,
    "interestIncome": 0,
    "interestExpense": 93983000,
    "depreciationAndAmortization": 133609000,
    "ebitda": 248761000,
    "ebitdaratio": 0.5712078071,
    "operatingIncome": 99847000,
    "operatingIncomeRatio": 0.2292698048,
    "totalOtherIncomeExpensesNet": -78678000,
    "incomeBeforeTax": 21169000,
    "incomeBeforeTaxRatio": 0.048608496,
    "incomeTaxExpense": 0,
    "netIncome": 20822000,
    "netIncomeRatio": 0.0478117107,
    "eps": 0.0397,
    "epsdiluted": 0.0397,
    "weightedAverageShsOut": 521440822,
    "weightedAverageShsOutDil": 521817494,
    "link": "https://www.sec.gov/Archives/edgar/data/1687229/000168722919000031/0001687229-19-000031-index.htm",
    "finalLink": "https://www.sec.gov/Archives/edgar/data/1687229/000168722919000031/a03312019ihinc10qdocument.htm"
  },
  {
    "date": "2018-12-31",
    "symbol": "INVH",
    "reportedCurrency": "USD",
    "cik": "0001687229",
    "fillingDate": "2019-02-28",
    "acceptedDate": "2019-02-27 19:10:17",
    "calendarYear": "2018",
    "period": "Q4",
    "revenue": 432616000,
    "costOfRevenue": 176481000,
    "grossProfit": 256135000,
    "grossProfitRatio": 0.5920608577,
    "researchAndDevelopmentExpenses": 0,
    "generalAndAdministrativeExpenses": 25340000,
    "sellingAndMarketingExpenses": 0,
    "sellingGeneralAndAdministrativeExpenses": 25340000,
    "otherExpenses": 130220000,
    "operatingExpenses": 155560000,
    "costAndExpenses": 332041000,
    "interestIncome": 0,
    "interestExpense": 96506000,
    "depreciationAndAmortization": 130220000,
    "ebitda": 273395000,
    "ebitdaratio": 0.6319576715,
    "operatingIncome": 100575000,
    "operatingIncomeRatio": 0.2324809993,
    "totalOtherIncomeExpensesNet": -53906000,
    "incomeBeforeTax": 46669000,
    "incomeBeforeTaxRatio": 0.107876269,
    "incomeTaxExpense": 0,
    "netIncome": 25268000,
    "netIncomeRatio": 0.058407456,
    "eps": 0.0482,
    "epsdiluted": 0.0482,
    "weightedAverageShsOut": 520703045,
    "weightedAverageShsOutDil": 520844475,
    "link": "https://www.sec.gov/Archives/edgar/data/1687229/000168722919000014/0001687229-19-000014-index.htm",
    "finalLink": "https://www.sec.gov/Archives/edgar/data/1687229/000168722919000014/a123118ihinc10kdocument.htm"
  },
  {
    "date": "2018-09-30",
    "symbol": "INVH",
    "reportedCurrency": "USD",
    "cik": "0001687229",
    "fillingDate": "2018-11-05",
    "acceptedDate": "2018-11-05 14:56:49",
    "calendarYear": "2018",
    "period": "Q3",
    "revenue": 434251000,
    "costOfRevenue": 186713000,
    "grossProfit": 247538000,
    "grossProfitRatio": 0.570034381,
    "researchAndDevelopmentExpenses": 0,
    "generalAndAdministrativeExpenses": 21152000,
    "sellingAndMarketingExpenses": 0,
    "sellingGeneralAndAdministrativeExpenses": 21152000,
    "otherExpenses": 142623000,
    "operatingExpenses": 163775000,
    "costAndExpenses": 350488000,
    "interestIncome": 0,
    "interestExpense": 97564000,
    "depreciationAndAmortization": 139371000,
    "ebitda": 237976000,
    "ebitdaratio": 0.5480148578,
    "operatingIncome": 83763000,
    "operatingIncomeRatio": 0.1928907475,
    "totalOtherIncomeExpensesNet": -82722000,
    "incomeBeforeTax": 1041000,
    "incomeBeforeTaxRatio": 0.0023972311,
    "incomeTaxExpense": 0,
    "netIncome": 1020000,
    "netIncomeRatio": 0.002348872,
    "eps": 0.0016,
    "epsdiluted": 0.0016,
    "weightedAverageShsOut": 520620519,
    "weightedAverageShsOutDil": 521761076,
    "link": "https://www.sec.gov/Archives/edgar/data/1687229/000168722918000070/0001687229-18-000070-index.htm",
    "finalLink": "https://www.sec.gov/Archives/edgar/data/1687229/000168722918000070/a093018ihinc10qdocument.htm"
  },
  {
    "date": "2018-06-30",
    "symbol": "INVH",
    "reportedCurrency": "USD",
    "cik": "0001687229",
    "fillingDate": "2018-08-10",
    "acceptedDate": "2018-08-10 13:04:28",
    "calendarYear": "2018",
    "period": "Q2",
    "revenue": 432426000,
    "costOfRevenue": 179771000,
    "grossProfit": 252655000,
    "grossProfitRatio": 0.5842733786,
    "researchAndDevelopmentExpenses": 0,
    "generalAndAdministrativeExpenses": 24636000,
    "sellingAndMarketingExpenses": 0,
    "sellingGeneralAndAdministrativeExpenses": 24636000,
    "otherExpenses": 150553000,
    "operatingExpenses": 175189000,
    "costAndExpenses": 354960000,
    "interestIncome": 0,
    "interestExpense": 97226000,
    "depreciationAndAmortization": 146450000,
    "ebitda": 229488000,
    "ebitdaratio": 0.5306988941,
    "operatingIncome": 77466000,
    "operatingIncomeRatio": 0.1791427897,
    "totalOtherIncomeExpensesNet": -91654000,
    "incomeBeforeTax": -14188000,
    "incomeBeforeTaxRatio": -0.0328102381,
    "incomeTaxExpense": 0,
    "netIncome": -13946000,
    "netIncomeRatio": -0.0322506047,
    "eps": -0.0272,
    "epsdiluted": -0.0272,
    "weightedAverageShsOut": 520509058,
    "weightedAverageShsOutDil": 520509058,
    "link": "https://www.sec.gov/Archives/edgar/data/1687229/000168722918000060/0001687229-18-000060-index.htm",
    "finalLink": "https://www.sec.gov/Archives/edgar/data/1687229/000168722918000060/a063018ihinc10qdocument.htm"
  },
  {
    "date": "2018-03-31",
    "symbol": "INVH",
    "reportedCurrency": "USD",
    "cik": "0001687229",
    "fillingDate": "2018-05-15",
    "acceptedDate": "2018-05-15 16:19:52",
    "calendarYear": "2018",
    "period": "Q1",
    "revenue": 423669000,
    "costOfRevenue": 177931000,
    "grossProfit": 245738000,
    "grossProfitRatio": 0.5800235561,
    "researchAndDevelopmentExpenses": 0,
    "generalAndAdministrativeExpenses": 27636000,
    "sellingAndMarketingExpenses": 0,
    "sellingGeneralAndAdministrativeExpenses": 27636000,
    "otherExpenses": 150621000,
    "operatingExpenses": 178257000,
    "costAndExpenses": 356188000,
    "interestIncome": 0,
    "interestExpense": 92299000,
    "depreciationAndAmortization": 144500000,
    "ebitda": 219219000,
    "ebitdaratio": 0.5174298804,
    "operatingIncome": 67481000,
    "operatingIncomeRatio": 0.1592776436,
    "totalOtherIncomeExpensesNet": -85061000,
    "incomeBeforeTax": -17580000,
    "incomeBeforeTaxRatio": -0.0414946574,
    "incomeTaxExpense": 0,
    "netIncome": -17269000,
    "netIncomeRatio": -0.0407605938,
    "eps": -0.0337,
    "epsdiluted": -0.0337,
    "weightedAverageShsOut": 519660998,
    "weightedAverageShsOutDil": 519660998,
    "link": "https://www.sec.gov/Archives/edgar/data/1687229/000168722918000036/0001687229-18-000036-index.htm",
    "finalLink": "https://www.sec.gov/Archives/edgar/data/1687229/000168722918000036/a03312018ihallfs10q.htm"
  },
  {
    "date": "2017-12-31",
    "symbol": "INVH",
    "reportedCurrency": "USD",
    "cik": "0001687229",
    "fillingDate": "2018-03-29",
    "acceptedDate": "2018-03-29 16:40:27",
    "calendarYear": "2017",
    "period": "Q4",
    "revenue": 329954000,
    "costOfRevenue": 129128000,
    "grossProfit": 200826000,
    "grossProfitRatio": 0.6086484783,
    "researchAndDevelopmentExpenses": 0,
    "generalAndAdministrativeExpenses": 63585000,
    "sellingAndMarketingExpenses": 0,
    "sellingGeneralAndAdministrativeExpenses": 63585000,
    "otherExpenses": 114631000,
    "operatingExpenses": 178216000,
    "costAndExpenses": 307344000,
    "interestIncome": 0,
    "interestExpense": 74244000,
    "depreciationAndAmortization": 107020000,
    "ebitda": 129153000,
    "ebitdaratio": 0.3914272899,
    "operatingIncome": 22610000,
    "operatingIncomeRatio": 0.0685247034,
    "totalOtherIncomeExpensesNet": -74721000,
    "incomeBeforeTax": -52111000,
    "incomeBeforeTaxRatio": -0.1579341363,
    "incomeTaxExpense": 0,
    "netIncome": -45965000,
    "netIncomeRatio": -0.1393072974,
    "eps": -0.089,
    "epsdiluted": -0.089,
    "weightedAverageShsOut": 519660998,
    "weightedAverageShsOutDil": 519660998,
    "link": "https://www.sec.gov/Archives/edgar/data/1687229/000168722918000018/0001687229-18-000018-index.htm",
    "finalLink": "https://www.sec.gov/Archives/edgar/data/1687229/000168722918000018/a12312017ihallfs10k.htm"
  },
  {
    "date": "2017-09-30",
    "symbol": "INVH",
    "reportedCurrency": "USD",
    "cik": "0001687229",
    "fillingDate": "2017-11-09",
    "acceptedDate": "2017-11-09 16:58:47",
    "calendarYear": "2017",
    "period": "Q3",
    "revenue": 243536000,
    "costOfRevenue": 104119000,
    "grossProfit": 139417000,
    "grossProfitRatio": 0.5724697786,
    "researchAndDevelopmentExpenses": 0,
    "generalAndAdministrativeExpenses": 27462000,
    "sellingAndMarketingExpenses": 0,
    "sellingGeneralAndAdministrativeExpenses": 27462000,
    "otherExpenses": 82038000,
    "operatingExpenses": 109500000,
    "costAndExpenses": 213619000,
    "interestIncome": 0,
    "interestExpense": 56796000,
    "depreciationAndAmortization": 67466000,
    "ebitda": 97996000,
    "ebitdaratio": 0.402388148,
    "operatingIncome": 29917000,
    "operatingIncomeRatio": 0.1228442612,
    "totalOtherIncomeExpensesNet": -56183000,
    "incomeBeforeTax": -26266000,
    "incomeBeforeTaxRatio": -0.1078526378,
    "incomeTaxExpense": 0,
    "netIncome": -22510000,
    "netIncomeRatio": -0.0924298666,
    "eps": -0.073,
    "epsdiluted": -0.073,
    "weightedAverageShsOut": 311559780,
    "weightedAverageShsOutDil": 311559780,
    "link": "https://www.sec.gov/Archives/edgar/data/1687229/000168722917000027/0001687229-17-000027-index.htm",
    "finalLink": "https://www.sec.gov/Archives/edgar/data/1687229/000168722917000027/a093017ihincfs10q.htm"
  },
  {
    "date": "2017-06-30",
    "symbol": "INVH",
    "reportedCurrency": "USD",
    "cik": "0001687229",
    "fillingDate": "2017-08-10",
    "acceptedDate": "2017-08-10 17:15:16",
    "calendarYear": "2017",
    "period": "Q2",
    "revenue": 242216000,
    "costOfRevenue": 101975000,
    "grossProfit": 140241000,
    "grossProfitRatio": 0.5789914787,
    "researchAndDevelopmentExpenses": 0,
    "generalAndAdministrativeExpenses": 18426000,
    "sellingAndMarketingExpenses": 0,
    "sellingGeneralAndAdministrativeExpenses": 18426000,
    "otherExpenses": 68221000,
    "operatingExpenses": 86647000,
    "costAndExpenses": 188622000,
    "interestIncome": 0,
    "interestExpense": 57358000,
    "depreciationAndAmortization": 67515000,
    "ebitda": 120240000,
    "ebitdaratio": 0.4964164217,
    "operatingIncome": 53594000,
    "operatingIncomeRatio": 0.2212653169,
    "totalOtherIncomeExpensesNet": -58227000,
    "incomeBeforeTax": -4633000,
    "incomeBeforeTaxRatio": -0.0191275556,
    "incomeTaxExpense": 0,
    "netIncome": 5529000,
    "netIncomeRatio": 0.0228267332,
    "eps": 0.0174,
    "epsdiluted": 0.0174,
    "weightedAverageShsOut": 311771221,
    "weightedAverageShsOutDil": 312271578,
    "link": "https://www.sec.gov/Archives/edgar/data/1687229/000168722917000020/0001687229-17-000020-index.htm",
    "finalLink": "https://www.sec.gov/Archives/edgar/data/1687229/000168722917000020/a063017ihincfs10q.htm"
  },
  {
    "date": "2017-03-31",
    "symbol": "INVH",
    "reportedCurrency": "USD",
    "cik": "0001687229",
    "fillingDate": "2017-05-12",
    "acceptedDate": "2017-05-12 14:50:40",
    "calendarYear": "2017",
    "period": "Q1",
    "revenue": 238750000,
    "costOfRevenue": 99617000,
    "grossProfit": 139133000,
    "grossProfitRatio": 0.5827560209,
    "researchAndDevelopmentExpenses": 0,
    "generalAndAdministrativeExpenses": 58266000,
    "sellingAndMarketingExpenses": 0,
    "sellingGeneralAndAdministrativeExpenses": 58266000,
    "otherExpenses": 68781000,
    "operatingExpenses": 127047000,
    "costAndExpenses": 226664000,
    "interestIncome": 0,
    "interestExpense": 68572000,
    "depreciationAndAmortization": 67577000,
    "ebitda": 79437000,
    "ebitdaratio": 0.3327204188,
    "operatingIncome": 12086000,
    "operatingIncomeRatio": 0.0506219895,
    "totalOtherIncomeExpensesNet": -68798000,
    "incomeBeforeTax": -56712000,
    "incomeBeforeTaxRatio": -0.2375371728,
    "incomeTaxExpense": 0,
    "netIncome": -42391000,
    "netIncomeRatio": -0.1775539267,
    "eps": -0.0819,
    "epsdiluted": -0.0819,
    "weightedAverageShsOut": 311651082,
    "weightedAverageShsOutDil": 311651082,
    "link": "https://www.sec.gov/Archives/edgar/data/1687229/000168722917000014/0001687229-17-000014-index.htm",
    "finalLink": "https://www.sec.gov/Archives/edgar/data/1687229/000168722917000014/a33117ihallfs10q.htm"
  },
  {
    "date": "2016-12-31",
    "symbol": "INVH",
    "reportedCurrency": "USD",
    "cik": "0001687229",
    "fillingDate": "2017-03-30",
    "acceptedDate": "2017-03-30 17:19:33",
    "calendarYear": "2016",
    "period": "Q4",
    "revenue": 234551000,
    "costOfRevenue": 97688000,
    "grossProfit": 136863000,
    "grossProfitRatio": 0.5835106224,
    "researchAndDevelopmentExpenses": 0,
    "generalAndAdministrativeExpenses": 19523000,
    "sellingAndMarketingExpenses": 0,
    "sellingGeneralAndAdministrativeExpenses": 19523000,
    "otherExpenses": 71985000,
    "operatingExpenses": 91508000,
    "costAndExpenses": 189196000,
    "interestIncome": 0,
    "interestExpense": 76883000,
    "depreciationAndAmortization": 69420000,
    "ebitda": 114242000,
    "ebitdaratio": 0.4870667787,
    "operatingIncome": 45355000,
    "operatingIncomeRatio": 0.1933694591,
    "totalOtherIncomeExpensesNet": -77416000,
    "incomeBeforeTax": -32061000,
    "incomeBeforeTaxRatio": -0.1366909542,
    "incomeTaxExpense": 0,
    "netIncome": -26649000,
    "netIncomeRatio": -0.1136170811,
    "eps": -0.0892,
    "epsdiluted": -0.0892,
    "weightedAverageShsOut": 302116760,
    "weightedAverageShsOutDil": 302116760,
    "link": "https://www.sec.gov/Archives/edgar/data/1687229/000168722917000005/0001687229-17-000005-index.htm",
    "finalLink": "https://www.sec.gov/Archives/edgar/data/1687229/000168722917000005/a123116ihallfs10k.htm"
  },
  {
    "date": "2016-09-30",
    "symbol": "INVH",
    "reportedCurrency": "USD",
    "cik": "0001687229",
    "fillingDate": "2016-09-30",
    "acceptedDate": "2016-09-30 00:00:00",
    "calendarYear": "2016",
    "period": "Q3",
    "revenue": 233038000,
    "costOfRevenue": 101961000,
    "grossProfit": 131077000,
    "grossProfitRatio": 0.5624704984,
    "researchAndDevelopmentExpenses": 0,
    "generalAndAdministrativeExpenses": 18811000,
    "sellingAndMarketingExpenses": 0,
    "sellingGeneralAndAdministrativeExpenses": 18811000,
    "otherExpenses": 67759000,
    "operatingExpenses": 86570000,
    "costAndExpenses": 188531000,
    "interestIncome": 0,
    "interestExpense": 68365000,
    "depreciationAndAmortization": 66480000,
    "ebitda": 109930000,
    "ebitdaratio": 0.4717256413,
    "operatingIncome": 44507000,
    "operatingIncomeRatio": 0.1909860194,
    "totalOtherIncomeExpensesNet": -69422000,
    "incomeBeforeTax": -24915000,
    "incomeBeforeTaxRatio": -0.1069138939,
    "incomeTaxExpense": 0,
    "netIncome": -21949000,
    "netIncomeRatio": -0.0941863559,
    "eps": -0.0727,
    "epsdiluted": -0.0727,
    "weightedAverageShsOut": 302116760,
    "weightedAverageShsOutDil": 302116760,
    "link": null,
    "finalLink": null
  },
  {
    "date": "2016-06-30",
    "symbol": "INVH",
    "reportedCurrency": "USD",
    "cik": "0001687229",
    "fillingDate": "2016-06-30",
    "acceptedDate": "2016-06-30 00:00:00",
    "calendarYear": "2016",
    "period": "Q2",
    "revenue": 230496000,
    "costOfRevenue": 98811000,
    "grossProfit": 131685000,
    "grossProfitRatio": 0.5713114327,
    "researchAndDevelopmentExpenses": 0,
    "generalAndAdministrativeExpenses": 15408000,
    "sellingAndMarketingExpenses": 0,
    "sellingGeneralAndAdministrativeExpenses": 15408000,
    "otherExpenses": 66625000,
    "operatingExpenses": 82033000,
    "costAndExpenses": 180844000,
    "interestIncome": 0,
    "interestExpense": 70523000,
    "depreciationAndAmortization": 66079000,
    "ebitda": 115916000,
    "ebitdaratio": 0.502898098,
    "operatingIncome": 49652000,
    "operatingIncomeRatio": 0.2154137165,
    "totalOtherIncomeExpensesNet": -70338000,
    "incomeBeforeTax": -20686000,
    "incomeBeforeTaxRatio": -0.0897455921,
    "incomeTaxExpense": 0,
    "netIncome": -19666000,
    "netIncomeRatio": -0.0853203526,
    "eps": -0.0651,
    "epsdiluted": -0.0651,
    "weightedAverageShsOut": 302116760,
    "weightedAverageShsOutDil": 302116760,
    "link": null,
    "finalLink": null
  },
  {
    "date": "2016-03-31",
    "symbol": "INVH",
    "reportedCurrency": "USD",
    "cik": "0001687229",
    "fillingDate": "2016-03-31",
    "acceptedDate": "2016-03-31 00:00:00",
    "calendarYear": "2016",
    "period": "Q1",
    "revenue": 224502000,
    "costOfRevenue": 92360000,
    "grossProfit": 132142000,
    "grossProfitRatio": 0.588600547,
    "researchAndDevelopmentExpenses": 0,
    "generalAndAdministrativeExpenses": 15360000,
    "sellingAndMarketingExpenses": 0,
    "sellingGeneralAndAdministrativeExpenses": 15360000,
    "otherExpenses": 65519000,
    "operatingExpenses": 80879000,
    "costAndExpenses": 173239000,
    "interestIncome": 0,
    "interestExpense": 70277000,
    "depreciationAndAmortization": 65702000,
    "ebitda": 116812000,
    "ebitdaratio": 0.5203160774,
    "operatingIncome": 51263000,
    "operatingIncomeRatio": 0.2283409502,
    "totalOtherIncomeExpensesNet": -70430000,
    "incomeBeforeTax": -19167000,
    "incomeBeforeTaxRatio": -0.0853756314,
    "incomeTaxExpense": 0,
    "netIncome": -9975000,
    "netIncomeRatio": -0.0444316754,
    "eps": -0.033,
    "epsdiluted": -0.033,
    "weightedAverageShsOut": 302116760,
    "weightedAverageShsOutDil": 302116760,
    "link": null,
    "finalLink": null
  },
  {
    "date": "2015-12-31",
    "symbol": "INVH",
    "reportedCurrency": "USD",
    "cik": "0001687229",
    "fillingDate": "2015-12-31",
    "acceptedDate": "2015-12-31 00:00:00",
    "calendarYear": "2015",
    "period": "Q4",
    "revenue": 216685000,
    "costOfRevenue": 98723000,
    "grossProfit": 117962000,
    "grossProfitRatio": 0.5443939359,
    "researchAndDevelopmentExpenses": 0,
    "generalAndAdministrativeExpenses": 19894000,
    "sellingAndMarketingExpenses": 0,
    "sellingGeneralAndAdministrativeExpenses": 19894000,
    "otherExpenses": 64432000,
    "operatingExpenses": 84326000,
    "costAndExpenses": 183049000,
    "interestIncome": 0,
    "interestExpense": 69606000,
    "depreciationAndAmortization": 63791000,
    "ebitda": 94858000,
    "ebitdaratio": 0.4377691118,
    "operatingIncome": 33636000,
    "operatingIncomeRatio": 0.1552299421,
    "totalOtherIncomeExpensesNet": -72175000,
    "incomeBeforeTax": -38539000,
    "incomeBeforeTaxRatio": -0.1778572582,
    "incomeTaxExpense": 0,
    "netIncome": -38542000,
    "netIncomeRatio": -0.1778711032,
    "eps": -0.13,
    "epsdiluted": -0.13,
    "weightedAverageShsOut": 302116760,
    "weightedAverageShsOutDil": 302116760,
    "link": null,
    "finalLink": null
  },
  {
    "date": "2015-09-30",
    "symbol": "INVH",
    "reportedCurrency": "USD",
    "cik": "0001687229",
    "fillingDate": "2015-09-30",
    "acceptedDate": "2015-09-29 20:00:00",
    "calendarYear": "2015",
    "period": "Q3",
    "revenue": 213332000,
    "costOfRevenue": 103841000,
    "grossProfit": 109491000,
    "grossProfitRatio": 0.5132422703,
    "researchAndDevelopmentExpenses": 0,
    "generalAndAdministrativeExpenses": 32040000,
    "sellingAndMarketingExpenses": -22129000,
    "sellingGeneralAndAdministrativeExpenses": 9911000,
    "otherExpenses": 64601000,
    "operatingExpenses": 74512000,
    "costAndExpenses": 178025000,
    "interestIncome": 68037000,
    "interestExpense": 0,
    "depreciationAndAmortization": 63555000,
    "ebitda": 101357000,
    "ebitdaratio": 0.475113907,
    "operatingIncome": 37802000,
    "operatingIncomeRatio": 0.1771979825,
    "totalOtherIncomeExpensesNet": -69137000,
    "incomeBeforeTax": -31335000,
    "incomeBeforeTaxRatio": -0.1468837305,
    "incomeTaxExpense": 0,
    "netIncome": -31335000,
    "netIncomeRatio": -0.1468837305,
    "eps": -0.1,
    "epsdiluted": -0.1,
    "weightedAverageShsOut": 302116760,
    "weightedAverageShsOutDil": 302116760,
    "link": null,
    "finalLink": null
  },
  {
    "date": "2015-06-30",
    "symbol": "INVH",
    "reportedCurrency": "USD",
    "cik": "0001687229",
    "fillingDate": "2015-06-30",
    "acceptedDate": "2015-06-29 20:00:00",
    "calendarYear": "2015",
    "period": "Q2",
    "revenue": 203016000,
    "costOfRevenue": 92428500,
    "grossProfit": 110587500,
    "grossProfitRatio": 0.544723076,
    "researchAndDevelopmentExpenses": 0,
    "generalAndAdministrativeExpenses": 13747000,
    "sellingAndMarketingExpenses": 11064500,
    "sellingGeneralAndAdministrativeExpenses": 24811500,
    "otherExpenses": 62895000,
    "operatingExpenses": 87706500,
    "costAndExpenses": 180135000,
    "interestIncome": 68046500,
    "interestExpense": 0,
    "depreciationAndAmortization": 61446500,
    "ebitda": 84887500,
    "ebitdaratio": 0.4181320684,
    "operatingIncome": 22717000,
    "operatingIncomeRatio": 0.1118975844,
    "totalOtherIncomeExpensesNet": -67882500,
    "incomeBeforeTax": -45165500,
    "incomeBeforeTaxRatio": -0.222472613,
    "incomeTaxExpense": 0,
    "netIncome": -45165500,
    "netIncomeRatio": -0.222472613,
    "eps": -0.15,
    "epsdiluted": -0.15,
    "weightedAverageShsOut": 302116760,
    "weightedAverageShsOutDil": 302116760,
    "link": null,
    "finalLink": null
  },
  {
    "date": "2015-03-31",
    "symbol": "INVH",
    "reportedCurrency": "USD",
    "cik": "0001687229",
    "fillingDate": "2015-03-31",
    "acceptedDate": "2015-03-30 20:00:00",
    "calendarYear": "2015",
    "period": "Q1",
    "revenue": 203016000,
    "costOfRevenue": 92428500,
    "grossProfit": 110587500,
    "grossProfitRatio": 0.544723076,
    "researchAndDevelopmentExpenses": 0,
    "generalAndAdministrativeExpenses": 13747000,
    "sellingAndMarketingExpenses": 11064500,
    "sellingGeneralAndAdministrativeExpenses": 24811500,
    "otherExpenses": 62895000,
    "operatingExpenses": 87706500,
    "costAndExpenses": 180135000,
    "interestIncome": 68046500,
    "interestExpense": 0,
    "depreciationAndAmortization": 61446500,
    "ebitda": 84887500,
    "ebitdaratio": 0.4181320684,
    "operatingIncome": 22717000,
    "operatingIncomeRatio": 0.1118975844,
    "totalOtherIncomeExpensesNet": -67882500,
    "incomeBeforeTax": -45165500,
    "incomeBeforeTaxRatio": -0.222472613,
    "incomeTaxExpense": 0,
    "netIncome": -45165500,
    "netIncomeRatio": -0.222472613,
    "eps": -0.15,
    "epsdiluted": -0.15,
    "weightedAverageShsOut": 302116760,
    "weightedAverageShsOutDil": 302116760,
    "link": null,
    "finalLink": null
  }
]