[
  {
    "date": "2025-06-30",
    "symbol": "IP",
    "reportedCurrency": "USD",
    "cik": "0000051434",
    "fillingDate": "2025-08-07",
    "acceptedDate": "2025-08-07 15:38:41",
    "calendarYear": "2025",
    "period": "Q2",
    "revenue": 6767000000,
    "costOfRevenue": 4876000000,
    "grossProfit": 1891000000,
    "grossProfitRatio": 0.2794443623,
    "researchAndDevelopmentExpenses": 0,
    "generalAndAdministrativeExpenses": 578000000,
    "sellingAndMarketingExpenses": 578000000,
    "sellingGeneralAndAdministrativeExpenses": 1156000000,
    "otherExpenses": 529000000,
    "operatingExpenses": 1685000000,
    "costAndExpenses": 6561000000,
    "interestIncome": 36000000,
    "interestExpense": 143000000,
    "depreciationAndAmortization": 480000000,
    "ebitda": 739000000,
    "ebitdaratio": 0.109206443,
    "operatingIncome": 206000000,
    "operatingIncomeRatio": 0.0304418502,
    "totalOtherIncomeExpensesNet": -90000000,
    "incomeBeforeTax": 116000000,
    "incomeBeforeTaxRatio": 0.0171420127,
    "incomeTaxExpense": 40000000,
    "netIncome": 75000000,
    "netIncomeRatio": 0.0110831979,
    "eps": 0.14,
    "epsdiluted": 0.14,
    "weightedAverageShsOut": 527900000,
    "weightedAverageShsOutDil": 532600000,
    "link": "https://www.sec.gov/Archives/edgar/data/51434/000005143425000048/0000051434-25-000048-index.htm",
    "finalLink": "https://www.sec.gov/Archives/edgar/data/51434/000005143425000048/ip-20250630.htm"
  },
  {
    "date": "2025-03-31",
    "symbol": "IP",
    "reportedCurrency": "USD",
    "cik": "0000051434",
    "fillingDate": "2025-05-07",
    "acceptedDate": "2025-05-07 16:37:48",
    "calendarYear": "2025",
    "period": "Q1",
    "revenue": 5901000000,
    "costOfRevenue": 4259000000,
    "grossProfit": 1642000000,
    "grossProfitRatio": 0.2782579224,
    "researchAndDevelopmentExpenses": 0,
    "generalAndAdministrativeExpenses": 530000000,
    "sellingAndMarketingExpenses": 483000000,
    "sellingGeneralAndAdministrativeExpenses": 1013000000,
    "otherExpenses": 664000000,
    "operatingExpenses": 1677000000,
    "costAndExpenses": 5936000000,
    "interestIncome": 52000000,
    "interestExpense": 133000000,
    "depreciationAndAmortization": 571000000,
    "ebitda": 569000000,
    "ebitdaratio": 0.0964243349,
    "operatingIncome": -35000000,
    "operatingIncomeRatio": -0.0059311981,
    "totalOtherIncomeExpensesNet": -100000000,
    "incomeBeforeTax": -135000000,
    "incomeBeforeTaxRatio": -0.0228774784,
    "incomeTaxExpense": -31000000,
    "netIncome": -105000000,
    "netIncomeRatio": -0.0177935943,
    "eps": -0.24,
    "epsdiluted": -0.24,
    "weightedAverageShsOut": 437600000,
    "weightedAverageShsOutDil": 437600000,
    "link": "https://www.sec.gov/Archives/edgar/data/51434/000005143425000025/0000051434-25-000025-index.htm",
    "finalLink": "https://www.sec.gov/Archives/edgar/data/51434/000005143425000025/ip-20250331.htm"
  },
  {
    "date": "2024-12-31",
    "symbol": "IP",
    "reportedCurrency": "USD",
    "cik": "0000051434",
    "fillingDate": "2025-02-21",
    "acceptedDate": "2025-02-21 13:50:28",
    "calendarYear": "2024",
    "period": "Q4",
    "revenue": 4580000000,
    "costOfRevenue": 3250000000,
    "grossProfit": 1330000000,
    "grossProfitRatio": 0.2903930131,
    "researchAndDevelopmentExpenses": 0,
    "generalAndAdministrativeExpenses": 521000000,
    "sellingAndMarketingExpenses": 348000000,
    "sellingGeneralAndAdministrativeExpenses": 869000000,
    "otherExpenses": 533000000,
    "operatingExpenses": 1402000000,
    "costAndExpenses": 4652000000,
    "interestIncome": 52000000,
    "interestExpense": 108000000,
    "depreciationAndAmortization": 499000000,
    "ebitda": 383000000,
    "ebitdaratio": 0.0836244541,
    "operatingIncome": -72000000,
    "operatingIncomeRatio": -0.015720524,
    "totalOtherIncomeExpensesNet": -152000000,
    "incomeBeforeTax": -224000000,
    "incomeBeforeTaxRatio": -0.0489082969,
    "incomeTaxExpense": -78000000,
    "netIncome": -147000000,
    "netIncomeRatio": -0.0320960699,
    "eps": -0.42,
    "epsdiluted": -0.42,
    "weightedAverageShsOut": 350000000,
    "weightedAverageShsOutDil": 347400000,
    "link": "https://www.sec.gov/Archives/edgar/data/51434/000005143425000013/0000051434-25-000013-index.htm",
    "finalLink": "https://www.sec.gov/Archives/edgar/data/51434/000005143425000013/ip-20241231.htm"
  },
  {
    "date": "2024-09-30",
    "symbol": "IP",
    "reportedCurrency": "USD",
    "cik": "0000051434",
    "fillingDate": "2024-11-01",
    "acceptedDate": "2024-11-01 16:40:43",
    "calendarYear": "2024",
    "period": "Q3",
    "revenue": 4686000000,
    "costOfRevenue": 3342000000,
    "grossProfit": 1344000000,
    "grossProfitRatio": 0.2868117798,
    "researchAndDevelopmentExpenses": 0,
    "generalAndAdministrativeExpenses": 508000000,
    "sellingAndMarketingExpenses": 357000000,
    "sellingGeneralAndAdministrativeExpenses": 865000000,
    "otherExpenses": 304000000,
    "operatingExpenses": 1169000000,
    "costAndExpenses": 4511000000,
    "interestIncome": 55000000,
    "interestExpense": 106000000,
    "depreciationAndAmortization": 267000000,
    "ebitda": 453000000,
    "ebitdaratio": 0.0966709347,
    "operatingIncome": 175000000,
    "operatingIncomeRatio": 0.0373452838,
    "totalOtherIncomeExpensesNet": -95000000,
    "incomeBeforeTax": 80000000,
    "incomeBeforeTaxRatio": 0.0170721297,
    "incomeTaxExpense": -71000000,
    "netIncome": 150000000,
    "netIncomeRatio": 0.0320102433,
    "eps": 0.43,
    "epsdiluted": 0.42,
    "weightedAverageShsOut": 347400000,
    "weightedAverageShsOutDil": 353400000,
    "link": "https://www.sec.gov/Archives/edgar/data/51434/000005143424000067/0000051434-24-000067-index.htm",
    "finalLink": "https://www.sec.gov/Archives/edgar/data/51434/000005143424000067/ip-20240930.htm"
  },
  {
    "date": "2024-06-30",
    "symbol": "IP",
    "reportedCurrency": "USD",
    "cik": "0000051434",
    "fillingDate": "2024-07-26",
    "acceptedDate": "2024-07-26 12:12:32",
    "calendarYear": "2024",
    "period": "Q2",
    "revenue": 4734000000,
    "costOfRevenue": 3360000000,
    "grossProfit": 1374000000,
    "grossProfitRatio": 0.2902408112,
    "researchAndDevelopmentExpenses": 0,
    "generalAndAdministrativeExpenses": 453000000,
    "sellingAndMarketingExpenses": 379000000,
    "sellingGeneralAndAdministrativeExpenses": 832000000,
    "otherExpenses": 296000000,
    "operatingExpenses": 1128000000,
    "costAndExpenses": 4488000000,
    "interestIncome": 52000000,
    "interestExpense": 107000000,
    "depreciationAndAmortization": 261000000,
    "ebitda": 574000000,
    "ebitdaratio": 0.1212505281,
    "operatingIncome": 246000000,
    "operatingIncomeRatio": 0.051964512,
    "totalOtherIncomeExpensesNet": -40000000,
    "incomeBeforeTax": 206000000,
    "incomeBeforeTaxRatio": 0.0435149979,
    "incomeTaxExpense": -293000000,
    "netIncome": 498000000,
    "netIncomeRatio": 0.1051964512,
    "eps": 1.43,
    "epsdiluted": 1.41,
    "weightedAverageShsOut": 347300000,
    "weightedAverageShsOutDil": 352800000,
    "link": "https://www.sec.gov/Archives/edgar/data/51434/000005143424000053/0000051434-24-000053-index.htm",
    "finalLink": "https://www.sec.gov/Archives/edgar/data/51434/000005143424000053/ip-20240630.htm"
  },
  {
    "date": "2024-03-31",
    "symbol": "IP",
    "reportedCurrency": "USD",
    "cik": "0000051434",
    "fillingDate": "2024-04-26",
    "acceptedDate": "2024-04-26 14:33:06",
    "calendarYear": "2024",
    "period": "Q1",
    "revenue": 4619000000,
    "costOfRevenue": 3424000000,
    "grossProfit": 1195000000,
    "grossProfitRatio": 0.2587140074,
    "researchAndDevelopmentExpenses": 0,
    "generalAndAdministrativeExpenses": 358000000,
    "sellingAndMarketingExpenses": 391000000,
    "sellingGeneralAndAdministrativeExpenses": 749000000,
    "otherExpenses": 319000000,
    "operatingExpenses": 1068000000,
    "costAndExpenses": 4492000000,
    "interestIncome": 63000000,
    "interestExpense": 109000000,
    "depreciationAndAmortization": 278000000,
    "ebitda": 472000000,
    "ebitdaratio": 0.1021866205,
    "operatingIncome": 127000000,
    "operatingIncomeRatio": 0.0274951288,
    "totalOtherIncomeExpensesNet": -42000000,
    "incomeBeforeTax": 85000000,
    "incomeBeforeTaxRatio": 0.0184022516,
    "incomeTaxExpense": 27000000,
    "netIncome": 56000000,
    "netIncomeRatio": 0.0121238363,
    "eps": 0.16,
    "epsdiluted": 0.16,
    "weightedAverageShsOut": 346700000,
    "weightedAverageShsOutDil": 348500000,
    "link": "https://www.sec.gov/Archives/edgar/data/51434/000005143424000034/0000051434-24-000034-index.htm",
    "finalLink": "https://www.sec.gov/Archives/edgar/data/51434/000005143424000034/ip-20240331.htm"
  },
  {
    "date": "2023-12-31",
    "symbol": "IP",
    "reportedCurrency": "USD",
    "cik": "0000051434",
    "fillingDate": "2024-02-16",
    "acceptedDate": "2024-02-16 17:01:12",
    "calendarYear": "2023",
    "period": "Q4",
    "revenue": 4601000000,
    "costOfRevenue": 3282000000,
    "grossProfit": 1319000000,
    "grossProfitRatio": 0.2866768094,
    "researchAndDevelopmentExpenses": 0,
    "generalAndAdministrativeExpenses": 357000000,
    "sellingAndMarketingExpenses": 395000000,
    "sellingGeneralAndAdministrativeExpenses": 752000000,
    "otherExpenses": 728000000,
    "operatingExpenses": 1480000000,
    "costAndExpenses": 4762000000,
    "interestIncome": 58000000,
    "interestExpense": 110000000,
    "depreciationAndAmortization": 689000000,
    "ebitda": 473000000,
    "ebitdaratio": 0.1028037383,
    "operatingIncome": -161000000,
    "operatingIncomeRatio": -0.034992393,
    "totalOtherIncomeExpensesNet": -165000000,
    "incomeBeforeTax": -326000000,
    "incomeBeforeTaxRatio": -0.0708541621,
    "incomeTaxExpense": -61000000,
    "netIncome": -284000000,
    "netIncomeRatio": -0.0617257118,
    "eps": -0.82,
    "epsdiluted": -0.82,
    "weightedAverageShsOut": 346341463,
    "weightedAverageShsOutDil": 346341463,
    "link": "https://www.sec.gov/Archives/edgar/data/51434/000005143424000024/0000051434-24-000024-index.htm",
    "finalLink": "https://www.sec.gov/Archives/edgar/data/51434/000005143424000024/ip-20231231.htm"
  },
  {
    "date": "2023-09-30",
    "symbol": "IP",
    "reportedCurrency": "USD",
    "cik": "0000051434",
    "fillingDate": "2023-10-27",
    "acceptedDate": "2023-10-27 12:57:50",
    "calendarYear": "2023",
    "period": "Q3",
    "revenue": 4613000000,
    "costOfRevenue": 3345000000,
    "grossProfit": 1268000000,
    "grossProfitRatio": 0.2748753523,
    "researchAndDevelopmentExpenses": 0,
    "generalAndAdministrativeExpenses": 286000000,
    "sellingAndMarketingExpenses": 382000000,
    "sellingGeneralAndAdministrativeExpenses": 668000000,
    "otherExpenses": 600000000,
    "operatingExpenses": 1268000000,
    "costAndExpenses": 4613000000,
    "interestIncome": 47000000,
    "interestExpense": 105000000,
    "depreciationAndAmortization": 258000000,
    "ebitda": 595000000,
    "ebitdaratio": 0.128983308,
    "operatingIncome": 0,
    "operatingIncomeRatio": 0,
    "totalOtherIncomeExpensesNet": 232000000,
    "incomeBeforeTax": 232000000,
    "incomeBeforeTaxRatio": 0.0502926512,
    "incomeTaxExpense": 39000000,
    "netIncome": 165000000,
    "netIncomeRatio": 0.0357684804,
    "eps": 0.47,
    "epsdiluted": 0.55,
    "weightedAverageShsOut": 351063830,
    "weightedAverageShsOutDil": 348100000,
    "link": "https://www.sec.gov/Archives/edgar/data/51434/000005143423000053/0000051434-23-000053-index.htm",
    "finalLink": "https://www.sec.gov/Archives/edgar/data/51434/000005143423000053/ip-20230930.htm"
  },
  {
    "date": "2023-06-30",
    "symbol": "IP",
    "reportedCurrency": "USD",
    "cik": "0000051434",
    "fillingDate": "2023-07-28",
    "acceptedDate": "2023-07-28 13:53:47",
    "calendarYear": "2023",
    "period": "Q2",
    "revenue": 4682000000,
    "costOfRevenue": 3360000000,
    "grossProfit": 1322000000,
    "grossProfitRatio": 0.2823579667,
    "researchAndDevelopmentExpenses": 0,
    "generalAndAdministrativeExpenses": 336000000,
    "sellingAndMarketingExpenses": 376000000,
    "sellingGeneralAndAdministrativeExpenses": 712000000,
    "otherExpenses": 284000000,
    "operatingExpenses": 996000000,
    "costAndExpenses": 4356000000,
    "interestIncome": 44000000,
    "interestExpense": 103000000,
    "depreciationAndAmortization": 244000000,
    "ebitda": 602000000,
    "ebitdaratio": 0.128577531,
    "operatingIncome": 326000000,
    "operatingIncomeRatio": 0.0696283639,
    "totalOtherIncomeExpensesNet": -71000000,
    "incomeBeforeTax": 255000000,
    "incomeBeforeTaxRatio": 0.0544639043,
    "incomeTaxExpense": 33000000,
    "netIncome": 235000000,
    "netIncomeRatio": 0.0501922255,
    "eps": 0.68,
    "epsdiluted": 0.64,
    "weightedAverageShsOut": 345588235,
    "weightedAverageShsOutDil": 346500000,
    "link": "https://www.sec.gov/Archives/edgar/data/51434/000005143423000042/0000051434-23-000042-index.htm",
    "finalLink": "https://www.sec.gov/Archives/edgar/data/51434/000005143423000042/ip-20230630.htm"
  },
  {
    "date": "2023-03-31",
    "symbol": "IP",
    "reportedCurrency": "USD",
    "cik": "0000051434",
    "fillingDate": "2023-04-28",
    "acceptedDate": "2023-04-28 14:26:40",
    "calendarYear": "2023",
    "period": "Q1",
    "revenue": 5020000000,
    "costOfRevenue": 3642000000,
    "grossProfit": 1378000000,
    "grossProfitRatio": 0.274501992,
    "researchAndDevelopmentExpenses": 0,
    "generalAndAdministrativeExpenses": 381000000,
    "sellingAndMarketingExpenses": 422000000,
    "sellingGeneralAndAdministrativeExpenses": 803000000,
    "otherExpenses": 277000000,
    "operatingExpenses": 1080000000,
    "costAndExpenses": 4722000000,
    "interestIncome": 41000000,
    "interestExpense": 103000000,
    "depreciationAndAmortization": 241000000,
    "ebitda": 565000000,
    "ebitdaratio": 0.1125498008,
    "operatingIncome": 298000000,
    "operatingIncomeRatio": 0.0593625498,
    "totalOtherIncomeExpensesNet": -77000000,
    "incomeBeforeTax": 221000000,
    "incomeBeforeTaxRatio": 0.0440239044,
    "incomeTaxExpense": 48000000,
    "netIncome": 172000000,
    "netIncomeRatio": 0.0342629482,
    "eps": 0.49,
    "epsdiluted": 0.49,
    "weightedAverageShsOut": 351020408,
    "weightedAverageShsOutDil": 353300000,
    "link": "https://www.sec.gov/Archives/edgar/data/51434/000005143423000022/0000051434-23-000022-index.htm",
    "finalLink": "https://www.sec.gov/Archives/edgar/data/51434/000005143423000022/ip-20230331.htm"
  },
  {
    "date": "2022-12-31",
    "symbol": "IP",
    "reportedCurrency": "USD",
    "cik": "0000051434",
    "fillingDate": "2023-02-17",
    "acceptedDate": "2023-02-17 13:29:39",
    "calendarYear": "2022",
    "period": "Q4",
    "revenue": 5133000000,
    "costOfRevenue": 3668000000,
    "grossProfit": 1465000000,
    "grossProfitRatio": 0.2854081434,
    "researchAndDevelopmentExpenses": 0,
    "generalAndAdministrativeExpenses": 315000000,
    "sellingAndMarketingExpenses": 446000000,
    "sellingGeneralAndAdministrativeExpenses": 761000000,
    "otherExpenses": 289000000,
    "operatingExpenses": 1050000000,
    "costAndExpenses": 4718000000,
    "interestIncome": 34000000,
    "interestExpense": 93000000,
    "depreciationAndAmortization": 251000000,
    "ebitda": 666000000,
    "ebitdaratio": 0.129748685,
    "operatingIncome": 415000000,
    "operatingIncomeRatio": 0.0808494058,
    "totalOtherIncomeExpensesNet": -93000000,
    "incomeBeforeTax": 322000000,
    "incomeBeforeTaxRatio": 0.0627313462,
    "incomeTaxExpense": 148000000,
    "netIncome": -318000000,
    "netIncomeRatio": -0.0619520748,
    "eps": -0.9,
    "epsdiluted": 0.49,
    "weightedAverageShsOut": 353333333,
    "weightedAverageShsOutDil": 353700000,
    "link": "https://www.sec.gov/Archives/edgar/data/51434/000005143423000013/0000051434-23-000013-index.htm",
    "finalLink": "https://www.sec.gov/Archives/edgar/data/51434/000005143423000013/ip-20221231.htm"
  },
  {
    "date": "2022-09-30",
    "symbol": "IP",
    "reportedCurrency": "USD",
    "cik": "0000051434",
    "fillingDate": "2022-10-28",
    "acceptedDate": "2022-10-28 16:57:24",
    "calendarYear": "2022",
    "period": "Q3",
    "revenue": 5402000000,
    "costOfRevenue": 3830000000,
    "grossProfit": 1572000000,
    "grossProfitRatio": 0.2910033321,
    "researchAndDevelopmentExpenses": 0,
    "generalAndAdministrativeExpenses": 337000000,
    "sellingAndMarketingExpenses": 471000000,
    "sellingGeneralAndAdministrativeExpenses": 808000000,
    "otherExpenses": 299000000,
    "operatingExpenses": 1107000000,
    "costAndExpenses": 4937000000,
    "interestIncome": 27000000,
    "interestExpense": 150000000,
    "depreciationAndAmortization": 261000000,
    "ebitda": 724000000,
    "ebitdaratio": 0.1340244354,
    "operatingIncome": 465000000,
    "operatingIncomeRatio": 0.0860792299,
    "totalOtherIncomeExpensesNet": -152000000,
    "incomeBeforeTax": 313000000,
    "incomeBeforeTaxRatio": 0.0579415031,
    "incomeTaxExpense": -575000000,
    "netIncome": 951000000,
    "netIncomeRatio": 0.1760459089,
    "eps": 2.66,
    "epsdiluted": 2.64,
    "weightedAverageShsOut": 357518797,
    "weightedAverageShsOutDil": 360400000,
    "link": "https://www.sec.gov/Archives/edgar/data/51434/000005143422000052/0000051434-22-000052-index.htm",
    "finalLink": "https://www.sec.gov/Archives/edgar/data/51434/000005143422000052/ip-20220930.htm"
  },
  {
    "date": "2022-06-30",
    "symbol": "IP",
    "reportedCurrency": "USD",
    "cik": "0000051434",
    "fillingDate": "2022-07-29",
    "acceptedDate": "2022-07-29 14:06:54",
    "calendarYear": "2022",
    "period": "Q2",
    "revenue": 5389000000,
    "costOfRevenue": 3806000000,
    "grossProfit": 1583000000,
    "grossProfitRatio": 0.2937465207,
    "researchAndDevelopmentExpenses": 0,
    "generalAndAdministrativeExpenses": 300000000,
    "sellingAndMarketingExpenses": 442000000,
    "sellingGeneralAndAdministrativeExpenses": 742000000,
    "otherExpenses": 303000000,
    "operatingExpenses": 1045000000,
    "costAndExpenses": 4851000000,
    "interestIncome": 9000000,
    "interestExpense": 83000000,
    "depreciationAndAmortization": 267000000,
    "ebitda": 864000000,
    "ebitdaratio": 0.1603265912,
    "operatingIncome": 538000000,
    "operatingIncomeRatio": 0.0998329931,
    "totalOtherIncomeExpensesNet": -24000000,
    "incomeBeforeTax": 514000000,
    "incomeBeforeTaxRatio": 0.0953794767,
    "incomeTaxExpense": 96000000,
    "netIncome": 511000000,
    "netIncomeRatio": 0.0948227872,
    "eps": 1.39,
    "epsdiluted": 1.38,
    "weightedAverageShsOut": 367625899,
    "weightedAverageShsOutDil": 370700000,
    "link": "https://www.sec.gov/Archives/edgar/data/51434/000005143422000040/0000051434-22-000040-index.htm",
    "finalLink": "https://www.sec.gov/Archives/edgar/data/51434/000005143422000040/ip-20220630.htm"
  },
  {
    "date": "2022-03-31",
    "symbol": "IP",
    "reportedCurrency": "USD",
    "cik": "0000051434",
    "fillingDate": "2022-04-29",
    "acceptedDate": "2022-04-29 12:48:11",
    "calendarYear": "2022",
    "period": "Q1",
    "revenue": 5237000000,
    "costOfRevenue": 3839000000,
    "grossProfit": 1398000000,
    "grossProfitRatio": 0.2669467252,
    "researchAndDevelopmentExpenses": 0,
    "generalAndAdministrativeExpenses": 341000000,
    "sellingAndMarketingExpenses": 424000000,
    "sellingGeneralAndAdministrativeExpenses": 765000000,
    "otherExpenses": 297000000,
    "operatingExpenses": 1062000000,
    "costAndExpenses": 4901000000,
    "interestIncome": 8000000,
    "interestExpense": 77000000,
    "depreciationAndAmortization": 261000000,
    "ebitda": 700000000,
    "ebitdaratio": 0.1336643116,
    "operatingIncome": 336000000,
    "operatingIncomeRatio": 0.0641588696,
    "totalOtherIncomeExpensesNet": 26000000,
    "incomeBeforeTax": 362000000,
    "incomeBeforeTaxRatio": 0.069123544,
    "incomeTaxExpense": 95000000,
    "netIncome": 360000000,
    "netIncomeRatio": 0.068741646,
    "eps": 0.96,
    "epsdiluted": 0.7,
    "weightedAverageShsOut": 375000000,
    "weightedAverageShsOutDil": 379200000,
    "link": "https://www.sec.gov/Archives/edgar/data/51434/000005143422000025/0000051434-22-000025-index.htm",
    "finalLink": "https://www.sec.gov/Archives/edgar/data/51434/000005143422000025/ip-20220331.htm"
  },
  {
    "date": "2021-12-31",
    "symbol": "IP",
    "reportedCurrency": "USD",
    "cik": "0000051434",
    "fillingDate": "2022-02-18",
    "acceptedDate": "2022-02-18 17:20:34",
    "calendarYear": "2021",
    "period": "Q4",
    "revenue": 2670000000,
    "costOfRevenue": 2148000000,
    "grossProfit": 522000000,
    "grossProfitRatio": 0.195505618,
    "researchAndDevelopmentExpenses": 0,
    "generalAndAdministrativeExpenses": 130000000,
    "sellingAndMarketingExpenses": 172000000,
    "sellingGeneralAndAdministrativeExpenses": 302000000,
    "otherExpenses": 172000000,
    "operatingExpenses": 474000000,
    "costAndExpenses": 2622000000,
    "interestIncome": 23000000,
    "interestExpense": 72000000,
    "depreciationAndAmortization": 277000000,
    "ebitda": -399000000,
    "ebitdaratio": -0.1494382022,
    "operatingIncome": 48000000,
    "operatingIncomeRatio": 0.0179775281,
    "totalOtherIncomeExpensesNet": -796000000,
    "incomeBeforeTax": -748000000,
    "incomeBeforeTaxRatio": -0.2801498127,
    "incomeTaxExpense": -159000000,
    "netIncome": 107000000,
    "netIncomeRatio": 0.0400749064,
    "eps": 0.28,
    "epsdiluted": 0.28,
    "weightedAverageShsOut": 382142857,
    "weightedAverageShsOutDil": 387100000,
    "link": "https://www.sec.gov/Archives/edgar/data/51434/000005143422000016/0000051434-22-000016-index.htm",
    "finalLink": "https://www.sec.gov/Archives/edgar/data/51434/000005143422000016/ip-20211231.htm"
  },
  {
    "date": "2021-09-30",
    "symbol": "IP",
    "reportedCurrency": "USD",
    "cik": "0000051434",
    "fillingDate": "2021-10-28",
    "acceptedDate": "2021-10-28 15:33:40",
    "calendarYear": "2021",
    "period": "Q3",
    "revenue": 4914000000,
    "costOfRevenue": 3423000000,
    "grossProfit": 1491000000,
    "grossProfitRatio": 0.3034188034,
    "researchAndDevelopmentExpenses": 0,
    "generalAndAdministrativeExpenses": 343000000,
    "sellingAndMarketingExpenses": 365000000,
    "sellingGeneralAndAdministrativeExpenses": 708000000,
    "otherExpenses": 315000000,
    "operatingExpenses": 1023000000,
    "costAndExpenses": 4446000000,
    "interestIncome": 22000000,
    "interestExpense": 104000000,
    "depreciationAndAmortization": 318000000,
    "ebitda": 819000000,
    "ebitdaratio": 0.1666666667,
    "operatingIncome": 468000000,
    "operatingIncomeRatio": 0.0952380952,
    "totalOtherIncomeExpensesNet": -71000000,
    "incomeBeforeTax": 397000000,
    "incomeBeforeTaxRatio": 0.0807895808,
    "incomeTaxExpense": 59000000,
    "netIncome": 864000000,
    "netIncomeRatio": 0.1758241758,
    "eps": 2.23,
    "epsdiluted": 2.2,
    "weightedAverageShsOut": 387200000,
    "weightedAverageShsOutDil": 392600000,
    "link": "https://www.sec.gov/Archives/edgar/data/51434/000005143421000045/0000051434-21-000045-index.htm",
    "finalLink": "https://www.sec.gov/Archives/edgar/data/51434/000005143421000045/ip-20210930.htm"
  },
  {
    "date": "2021-06-30",
    "symbol": "IP",
    "reportedCurrency": "USD",
    "cik": "0000051434",
    "fillingDate": "2021-07-30",
    "acceptedDate": "2021-07-30 12:16:06",
    "calendarYear": "2021",
    "period": "Q2",
    "revenue": 4770000000,
    "costOfRevenue": 3402000000,
    "grossProfit": 1368000000,
    "grossProfitRatio": 0.2867924528,
    "researchAndDevelopmentExpenses": 0,
    "generalAndAdministrativeExpenses": 396000000,
    "sellingAndMarketingExpenses": 342000000,
    "sellingGeneralAndAdministrativeExpenses": 738000000,
    "otherExpenses": 308000000,
    "operatingExpenses": 1046000000,
    "costAndExpenses": 4448000000,
    "interestIncome": 31000000,
    "interestExpense": 117000000,
    "depreciationAndAmortization": 306000000,
    "ebitda": 675000000,
    "ebitdaratio": 0.141509434,
    "operatingIncome": 322000000,
    "operatingIncomeRatio": 0.0675052411,
    "totalOtherIncomeExpensesNet": -70000000,
    "incomeBeforeTax": 252000000,
    "incomeBeforeTaxRatio": 0.0528301887,
    "incomeTaxExpense": 46000000,
    "netIncome": 432000000,
    "netIncomeRatio": 0.0905660377,
    "eps": 1.1,
    "epsdiluted": 1.09,
    "weightedAverageShsOut": 392727273,
    "weightedAverageShsOutDil": 396800000,
    "link": "https://www.sec.gov/Archives/edgar/data/51434/000005143421000033/0000051434-21-000033-index.htm",
    "finalLink": "https://www.sec.gov/Archives/edgar/data/51434/000005143421000033/ip-20210630.htm"
  },
  {
    "date": "2021-03-31",
    "symbol": "IP",
    "reportedCurrency": "USD",
    "cik": "0000051434",
    "fillingDate": "2021-04-30",
    "acceptedDate": "2021-04-30 13:58:48",
    "calendarYear": "2021",
    "period": "Q1",
    "revenue": 4593000000,
    "costOfRevenue": 3348000000,
    "grossProfit": 1245000000,
    "grossProfitRatio": 0.2710646636,
    "researchAndDevelopmentExpenses": 0,
    "generalAndAdministrativeExpenses": 302000000,
    "sellingAndMarketingExpenses": 335000000,
    "sellingGeneralAndAdministrativeExpenses": 637000000,
    "otherExpenses": 303000000,
    "operatingExpenses": 940000000,
    "costAndExpenses": 4288000000,
    "interestIncome": 31000000,
    "interestExpense": 124000000,
    "depreciationAndAmortization": 309000000,
    "ebitda": 739000000,
    "ebitdaratio": 0.1608970172,
    "operatingIncome": 305000000,
    "operatingIncomeRatio": 0.0664053995,
    "totalOtherIncomeExpensesNet": 1000000,
    "incomeBeforeTax": 306000000,
    "incomeBeforeTaxRatio": 0.0666231221,
    "incomeTaxExpense": 88000000,
    "netIncome": 349000000,
    "netIncomeRatio": 0.0759851949,
    "eps": 0.89,
    "epsdiluted": 0.88,
    "weightedAverageShsOut": 392134831,
    "weightedAverageShsOutDil": 394800000,
    "link": "https://www.sec.gov/Archives/edgar/data/51434/000005143421000019/0000051434-21-000019-index.htm",
    "finalLink": "https://www.sec.gov/Archives/edgar/data/51434/000005143421000019/ip-20210331.htm"
  },
  {
    "date": "2020-12-31",
    "symbol": "IP",
    "reportedCurrency": "USD",
    "cik": "0000051434",
    "fillingDate": "2021-02-19",
    "acceptedDate": "2021-02-19 13:23:31",
    "calendarYear": "2020",
    "period": "Q4",
    "revenue": 5239000000,
    "costOfRevenue": 3659000000,
    "grossProfit": 1580000000,
    "grossProfitRatio": 0.3015842718,
    "researchAndDevelopmentExpenses": 0,
    "generalAndAdministrativeExpenses": 410000000,
    "sellingAndMarketingExpenses": 402000000,
    "sellingGeneralAndAdministrativeExpenses": 812000000,
    "otherExpenses": 374000000,
    "operatingExpenses": 1186000000,
    "costAndExpenses": 4845000000,
    "interestIncome": 34000000,
    "interestExpense": 133000000,
    "depreciationAndAmortization": 332000000,
    "ebitda": 588000000,
    "ebitdaratio": 0.1122351594,
    "operatingIncome": 394000000,
    "operatingIncomeRatio": 0.0752051918,
    "totalOtherIncomeExpensesNet": -271000000,
    "incomeBeforeTax": 123000000,
    "incomeBeforeTaxRatio": 0.0234777629,
    "incomeTaxExpense": 34000000,
    "netIncome": 153000000,
    "netIncomeRatio": 0.0292040466,
    "eps": 0.39,
    "epsdiluted": 0.39,
    "weightedAverageShsOut": 392307692,
    "weightedAverageShsOutDil": 395900000,
    "link": "https://www.sec.gov/Archives/edgar/data/51434/000005143421000012/0000051434-21-000012-index.htm",
    "finalLink": "https://www.sec.gov/Archives/edgar/data/51434/000005143421000012/ip-20201231.htm"
  },
  {
    "date": "2020-09-30",
    "symbol": "IP",
    "reportedCurrency": "USD",
    "cik": "0000051434",
    "fillingDate": "2020-10-30",
    "acceptedDate": "2020-10-30 14:05:58",
    "calendarYear": "2020",
    "period": "Q3",
    "revenue": 5123000000,
    "costOfRevenue": 3541000000,
    "grossProfit": 1582000000,
    "grossProfitRatio": 0.3088034355,
    "researchAndDevelopmentExpenses": 0,
    "generalAndAdministrativeExpenses": 360000000,
    "sellingAndMarketingExpenses": 377000000,
    "sellingGeneralAndAdministrativeExpenses": 737000000,
    "otherExpenses": 364000000,
    "operatingExpenses": 1101000000,
    "costAndExpenses": 4642000000,
    "interestIncome": 36000000,
    "interestExpense": 148000000,
    "depreciationAndAmortization": 320000000,
    "ebitda": 750000000,
    "ebitdaratio": 0.1463985946,
    "operatingIncome": 481000000,
    "operatingIncomeRatio": 0.0938902987,
    "totalOtherIncomeExpensesNet": -199000000,
    "incomeBeforeTax": 282000000,
    "incomeBeforeTaxRatio": 0.0550458716,
    "incomeTaxExpense": 50000000,
    "netIncome": 204000000,
    "netIncomeRatio": 0.0398204177,
    "eps": 0.52,
    "epsdiluted": 0.52,
    "weightedAverageShsOut": 392307692,
    "weightedAverageShsOutDil": 394600000,
    "link": "https://www.sec.gov/Archives/edgar/data/51434/000005143420000042/0000051434-20-000042-index.htm",
    "finalLink": "https://www.sec.gov/Archives/edgar/data/51434/000005143420000042/ip-20200930.htm"
  },
  {
    "date": "2020-06-30",
    "symbol": "IP",
    "reportedCurrency": "USD",
    "cik": "0000051434",
    "fillingDate": "2020-07-31",
    "acceptedDate": "2020-07-31 13:08:13",
    "calendarYear": "2020",
    "period": "Q2",
    "revenue": 4866000000,
    "costOfRevenue": 3427000000,
    "grossProfit": 1439000000,
    "grossProfitRatio": 0.2957254418,
    "researchAndDevelopmentExpenses": 0,
    "generalAndAdministrativeExpenses": 332000000,
    "sellingAndMarketingExpenses": 365000000,
    "sellingGeneralAndAdministrativeExpenses": 697000000,
    "otherExpenses": 353000000,
    "operatingExpenses": 1050000000,
    "costAndExpenses": 4477000000,
    "interestIncome": 40000000,
    "interestExpense": 156000000,
    "depreciationAndAmortization": 312000000,
    "ebitda": 729000000,
    "ebitdaratio": 0.1498150432,
    "operatingIncome": 389000000,
    "operatingIncomeRatio": 0.0799424579,
    "totalOtherIncomeExpensesNet": -128000000,
    "incomeBeforeTax": 261000000,
    "incomeBeforeTaxRatio": 0.0536374846,
    "incomeTaxExpense": 67000000,
    "netIncome": 266000000,
    "netIncomeRatio": 0.0546650226,
    "eps": 0.67,
    "epsdiluted": 0.68,
    "weightedAverageShsOut": 397014925,
    "weightedAverageShsOutDil": 393100000,
    "link": "https://www.sec.gov/Archives/edgar/data/51434/000005143420000033/0000051434-20-000033-index.htm",
    "finalLink": "https://www.sec.gov/Archives/edgar/data/51434/000005143420000033/ip-20200630.htm"
  },
  {
    "date": "2020-03-31",
    "symbol": "IP",
    "reportedCurrency": "USD",
    "cik": "0000051434",
    "fillingDate": "2020-05-01",
    "acceptedDate": "2020-05-01 14:43:04",
    "calendarYear": "2020",
    "period": "Q1",
    "revenue": 5352000000,
    "costOfRevenue": 3746000000,
    "grossProfit": 1606000000,
    "grossProfitRatio": 0.3000747384,
    "researchAndDevelopmentExpenses": 0,
    "generalAndAdministrativeExpenses": 418000000,
    "sellingAndMarketingExpenses": 407000000,
    "sellingGeneralAndAdministrativeExpenses": 825000000,
    "otherExpenses": 367000000,
    "operatingExpenses": 1192000000,
    "costAndExpenses": 4938000000,
    "interestIncome": 46000000,
    "interestExpense": 163000000,
    "depreciationAndAmortization": 323000000,
    "ebitda": 470000000,
    "ebitdaratio": 0.0878176383,
    "operatingIncome": 414000000,
    "operatingIncomeRatio": 0.0773542601,
    "totalOtherIncomeExpensesNet": -430000000,
    "incomeBeforeTax": -16000000,
    "incomeBeforeTaxRatio": -0.0029895366,
    "incomeTaxExpense": 94000000,
    "netIncome": -141000000,
    "netIncomeRatio": -0.0263452915,
    "eps": -0.36,
    "epsdiluted": -0.36,
    "weightedAverageShsOut": 391666667,
    "weightedAverageShsOutDil": 392600000,
    "link": "https://www.sec.gov/Archives/edgar/data/51434/000005143420000017/0000051434-20-000017-index.htm",
    "finalLink": "https://www.sec.gov/Archives/edgar/data/51434/000005143420000017/ip-3312020xform10xq.htm"
  },
  {
    "date": "2019-12-31",
    "symbol": "IP",
    "reportedCurrency": "USD",
    "cik": "0000051434",
    "fillingDate": "2020-02-19",
    "acceptedDate": "2020-02-19 14:44:30",
    "calendarYear": "2019",
    "period": "Q4",
    "revenue": 5498000000,
    "costOfRevenue": 3666000000,
    "grossProfit": 1832000000,
    "grossProfitRatio": 0.3332120771,
    "researchAndDevelopmentExpenses": 0,
    "generalAndAdministrativeExpenses": 445000000,
    "sellingAndMarketingExpenses": 392000000,
    "sellingGeneralAndAdministrativeExpenses": 837000000,
    "otherExpenses": 385000000,
    "operatingExpenses": 1222000000,
    "costAndExpenses": 4888000000,
    "interestIncome": 55000000,
    "interestExpense": 168000000,
    "depreciationAndAmortization": 343000000,
    "ebitda": 911000000,
    "ebitdaratio": 0.165696617,
    "operatingIncome": 610000000,
    "operatingIncomeRatio": 0.1109494362,
    "totalOtherIncomeExpensesNet": -210000000,
    "incomeBeforeTax": 400000000,
    "incomeBeforeTaxRatio": 0.0727537286,
    "incomeTaxExpense": 263000000,
    "netIncome": 165000000,
    "netIncomeRatio": 0.0300109131,
    "eps": 0.42,
    "epsdiluted": 0.42,
    "weightedAverageShsOut": 392857143,
    "weightedAverageShsOutDil": 395600000,
    "link": "https://www.sec.gov/Archives/edgar/data/51434/000005143420000011/0000051434-20-000011-index.htm",
    "finalLink": "https://www.sec.gov/Archives/edgar/data/51434/000005143420000011/a10-k123119.htm"
  },
  {
    "date": "2019-09-30",
    "symbol": "IP",
    "reportedCurrency": "USD",
    "cik": "0000051434",
    "fillingDate": "2019-11-01",
    "acceptedDate": "2019-11-01 14:08:00",
    "calendarYear": "2019",
    "period": "Q3",
    "revenue": 5568000000,
    "costOfRevenue": 3772000000,
    "grossProfit": 1796000000,
    "grossProfitRatio": 0.3225574713,
    "researchAndDevelopmentExpenses": 0,
    "generalAndAdministrativeExpenses": 387000000,
    "sellingAndMarketingExpenses": 395000000,
    "sellingGeneralAndAdministrativeExpenses": 782000000,
    "otherExpenses": 369000000,
    "operatingExpenses": 1151000000,
    "costAndExpenses": 4923000000,
    "interestIncome": 54000000,
    "interestExpense": 177000000,
    "depreciationAndAmortization": 327000000,
    "ebitda": 956000000,
    "ebitdaratio": 0.1716954023,
    "operatingIncome": 645000000,
    "operatingIncomeRatio": 0.1158405172,
    "totalOtherIncomeExpensesNet": -193000000,
    "incomeBeforeTax": 452000000,
    "incomeBeforeTaxRatio": 0.0811781609,
    "incomeTaxExpense": 137000000,
    "netIncome": 344000000,
    "netIncomeRatio": 0.0617816092,
    "eps": 0.88,
    "epsdiluted": 0.87,
    "weightedAverageShsOut": 390909091,
    "weightedAverageShsOutDil": 395400000,
    "link": "https://www.sec.gov/Archives/edgar/data/51434/000005143419000037/0000051434-19-000037-index.htm",
    "finalLink": "https://www.sec.gov/Archives/edgar/data/51434/000005143419000037/ip-9302019xform10xq.htm"
  },
  {
    "date": "2019-06-30",
    "symbol": "IP",
    "reportedCurrency": "USD",
    "cik": "0000051434",
    "fillingDate": "2019-07-31",
    "acceptedDate": "2019-07-31 15:53:31",
    "calendarYear": "2019",
    "period": "Q2",
    "revenue": 5667000000,
    "costOfRevenue": 3901000000,
    "grossProfit": 1766000000,
    "grossProfitRatio": 0.3116287277,
    "researchAndDevelopmentExpenses": 0,
    "generalAndAdministrativeExpenses": 402000000,
    "sellingAndMarketingExpenses": 384000000,
    "sellingGeneralAndAdministrativeExpenses": 786000000,
    "otherExpenses": 364000000,
    "operatingExpenses": 1150000000,
    "costAndExpenses": 5051000000,
    "interestIncome": 55000000,
    "interestExpense": 177000000,
    "depreciationAndAmortization": 321000000,
    "ebitda": 832000000,
    "ebitdaratio": 0.1468148932,
    "operatingIncome": 616000000,
    "operatingIncomeRatio": 0.1086994883,
    "totalOtherIncomeExpensesNet": -282000000,
    "incomeBeforeTax": 334000000,
    "incomeBeforeTaxRatio": 0.0589377095,
    "incomeTaxExpense": 128000000,
    "netIncome": 292000000,
    "netIncomeRatio": 0.0515263808,
    "eps": 0.73,
    "epsdiluted": 0.73,
    "weightedAverageShsOut": 400000000,
    "weightedAverageShsOutDil": 398200000,
    "link": "https://www.sec.gov/Archives/edgar/data/51434/000005143419000028/0000051434-19-000028-index.htm",
    "finalLink": "https://www.sec.gov/Archives/edgar/data/51434/000005143419000028/ip-6302019xform10xq.htm"
  },
  {
    "date": "2019-03-31",
    "symbol": "IP",
    "reportedCurrency": "USD",
    "cik": "0000051434",
    "fillingDate": "2019-05-03",
    "acceptedDate": "2019-05-03 16:41:39",
    "calendarYear": "2019",
    "period": "Q1",
    "revenue": 5643000000,
    "costOfRevenue": 3929000000,
    "grossProfit": 1714000000,
    "grossProfitRatio": 0.3037391458,
    "researchAndDevelopmentExpenses": 0,
    "generalAndAdministrativeExpenses": 413000000,
    "sellingAndMarketingExpenses": 389000000,
    "sellingGeneralAndAdministrativeExpenses": 802000000,
    "otherExpenses": 358000000,
    "operatingExpenses": 1160000000,
    "costAndExpenses": 5089000000,
    "interestIncome": 51000000,
    "interestExpense": 184000000,
    "depreciationAndAmortization": 315000000,
    "ebitda": 917000000,
    "ebitdaratio": 0.1625022151,
    "operatingIncome": 554000000,
    "operatingIncomeRatio": 0.0981747298,
    "totalOtherIncomeExpensesNet": -136000000,
    "incomeBeforeTax": 418000000,
    "incomeBeforeTaxRatio": 0.0740740741,
    "incomeTaxExpense": 106000000,
    "netIncome": 424000000,
    "netIncomeRatio": 0.0751373383,
    "eps": 1.06,
    "epsdiluted": 1.05,
    "weightedAverageShsOut": 400000000,
    "weightedAverageShsOutDil": 403200000,
    "link": "https://www.sec.gov/Archives/edgar/data/51434/000005143419000015/0000051434-19-000015-index.htm",
    "finalLink": "https://www.sec.gov/Archives/edgar/data/51434/000005143419000015/ip-3312019xform10xq.htm"
  },
  {
    "date": "2018-12-31",
    "symbol": "IP",
    "reportedCurrency": "USD",
    "cik": "0000051434",
    "fillingDate": "2019-02-20",
    "acceptedDate": "2019-02-20 16:24:56",
    "calendarYear": "2018",
    "period": "Q4",
    "revenue": 5951000000,
    "costOfRevenue": 3798000000,
    "grossProfit": 2153000000,
    "grossProfitRatio": 0.3617879348,
    "researchAndDevelopmentExpenses": 30000000,
    "generalAndAdministrativeExpenses": 446000000,
    "sellingAndMarketingExpenses": 401000000,
    "sellingGeneralAndAdministrativeExpenses": 847000000,
    "otherExpenses": 379000000,
    "operatingExpenses": 1226000000,
    "costAndExpenses": 5024000000,
    "interestIncome": 52000000,
    "interestExpense": 187000000,
    "depreciationAndAmortization": 338000000,
    "ebitda": 907000000,
    "ebitdaratio": 0.1524113594,
    "operatingIncome": 927000000,
    "operatingIncomeRatio": 0.1557721391,
    "totalOtherIncomeExpensesNet": -545000000,
    "incomeBeforeTax": 382000000,
    "incomeBeforeTaxRatio": 0.0641908923,
    "incomeTaxExpense": 143000000,
    "netIncome": 316000000,
    "netIncomeRatio": 0.0531003193,
    "eps": 0.79,
    "epsdiluted": 0.78,
    "weightedAverageShsOut": 400000000,
    "weightedAverageShsOutDil": 406600000,
    "link": "https://www.sec.gov/Archives/edgar/data/51434/000005143419000007/0000051434-19-000007-index.htm",
    "finalLink": "https://www.sec.gov/Archives/edgar/data/51434/000005143419000007/a10-k123118.htm"
  },
  {
    "date": "2018-09-30",
    "symbol": "IP",
    "reportedCurrency": "USD",
    "cik": "0000051434",
    "fillingDate": "2018-11-02",
    "acceptedDate": "2018-11-02 12:16:58",
    "calendarYear": "2018",
    "period": "Q3",
    "revenue": 5901000000,
    "costOfRevenue": 3887000000,
    "grossProfit": 2014000000,
    "grossProfitRatio": 0.3412980851,
    "researchAndDevelopmentExpenses": 0,
    "generalAndAdministrativeExpenses": 405000000,
    "sellingAndMarketingExpenses": 397000000,
    "sellingGeneralAndAdministrativeExpenses": 802000000,
    "otherExpenses": 379000000,
    "operatingExpenses": 1181000000,
    "costAndExpenses": 5068000000,
    "interestIncome": 51000000,
    "interestExpense": 184000000,
    "depreciationAndAmortization": 335000000,
    "ebitda": 1072000000,
    "ebitdaratio": 0.1816641247,
    "operatingIncome": 833000000,
    "operatingIncomeRatio": 0.1411625148,
    "totalOtherIncomeExpensesNet": -280000000,
    "incomeBeforeTax": 553000000,
    "incomeBeforeTaxRatio": 0.09371293,
    "incomeTaxExpense": 83000000,
    "netIncome": 562000000,
    "netIncomeRatio": 0.0952380952,
    "eps": 1.38,
    "epsdiluted": 1.37,
    "weightedAverageShsOut": 407246377,
    "weightedAverageShsOutDil": 411400000,
    "link": "https://www.sec.gov/Archives/edgar/data/51434/000005143418000041/0000051434-18-000041-index.htm",
    "finalLink": "https://www.sec.gov/Archives/edgar/data/51434/000005143418000041/ip-9302018xform10xq.htm"
  },
  {
    "date": "2018-06-30",
    "symbol": "IP",
    "reportedCurrency": "USD",
    "cik": "0000051434",
    "fillingDate": "2018-08-03",
    "acceptedDate": "2018-08-03 12:59:14",
    "calendarYear": "2018",
    "period": "Q2",
    "revenue": 5833000000,
    "costOfRevenue": 3922000000,
    "grossProfit": 1911000000,
    "grossProfitRatio": 0.3276187211,
    "researchAndDevelopmentExpenses": 0,
    "generalAndAdministrativeExpenses": 451000000,
    "sellingAndMarketingExpenses": 403000000,
    "sellingGeneralAndAdministrativeExpenses": 854000000,
    "otherExpenses": 372000000,
    "operatingExpenses": 1226000000,
    "costAndExpenses": 5148000000,
    "interestIncome": 50000000,
    "interestExpense": 183000000,
    "depreciationAndAmortization": 330000000,
    "ebitda": 1003000000,
    "ebitdaratio": 0.171952683,
    "operatingIncome": 685000000,
    "operatingIncomeRatio": 0.117435282,
    "totalOtherIncomeExpensesNet": -195000000,
    "incomeBeforeTax": 490000000,
    "incomeBeforeTaxRatio": 0.0840048003,
    "incomeTaxExpense": 130000000,
    "netIncome": 405000000,
    "netIncomeRatio": 0.069432539,
    "eps": 0.98,
    "epsdiluted": 0.97,
    "weightedAverageShsOut": 413265306,
    "weightedAverageShsOutDil": 417700000,
    "link": "https://www.sec.gov/Archives/edgar/data/51434/000005143418000034/0000051434-18-000034-index.htm",
    "finalLink": "https://www.sec.gov/Archives/edgar/data/51434/000005143418000034/ip-6302018xform10xq.htm"
  },
  {
    "date": "2018-03-31",
    "symbol": "IP",
    "reportedCurrency": "USD",
    "cik": "0000051434",
    "fillingDate": "2018-05-08",
    "acceptedDate": "2018-05-07 18:22:13",
    "calendarYear": "2018",
    "period": "Q1",
    "revenue": 5621000000,
    "costOfRevenue": 3948000000,
    "grossProfit": 1673000000,
    "grossProfitRatio": 0.297633873,
    "researchAndDevelopmentExpenses": 0,
    "generalAndAdministrativeExpenses": 421000000,
    "sellingAndMarketingExpenses": 366000000,
    "sellingGeneralAndAdministrativeExpenses": 787000000,
    "otherExpenses": 369000000,
    "operatingExpenses": 1156000000,
    "costAndExpenses": 5104000000,
    "interestIncome": 45000000,
    "interestExpense": 180000000,
    "depreciationAndAmortization": 325000000,
    "ebitda": 861000000,
    "ebitdaratio": 0.1531755915,
    "operatingIncome": 517000000,
    "operatingIncomeRatio": 0.0919765166,
    "totalOtherIncomeExpensesNet": -161000000,
    "incomeBeforeTax": 356000000,
    "incomeBeforeTaxRatio": 0.0633339263,
    "incomeTaxExpense": 89000000,
    "netIncome": 729000000,
    "netIncomeRatio": 0.1296922256,
    "eps": 1.76,
    "epsdiluted": 1.74,
    "weightedAverageShsOut": 414204545,
    "weightedAverageShsOutDil": 418200000,
    "link": "https://www.sec.gov/Archives/edgar/data/51434/000005143418000015/0000051434-18-000015-index.htm",
    "finalLink": "https://www.sec.gov/Archives/edgar/data/51434/000005143418000015/ip-3312018xform10xq.htm"
  },
  {
    "date": "2017-12-31",
    "symbol": "IP",
    "reportedCurrency": "USD",
    "cik": "0000051434",
    "fillingDate": "2018-02-22",
    "acceptedDate": "2018-02-22 16:39:45",
    "calendarYear": "2017",
    "period": "Q4",
    "revenue": 4547000000,
    "costOfRevenue": 3231000000,
    "grossProfit": 1316000000,
    "grossProfitRatio": 0.2894215967,
    "researchAndDevelopmentExpenses": 0,
    "generalAndAdministrativeExpenses": 378000000,
    "sellingAndMarketingExpenses": 279000000,
    "sellingGeneralAndAdministrativeExpenses": 657000000,
    "otherExpenses": 305000000,
    "operatingExpenses": 962000000,
    "costAndExpenses": 4193000000,
    "interestIncome": 46000000,
    "interestExpense": 187000000,
    "depreciationAndAmortization": 348000000,
    "ebitda": 665000000,
    "ebitdaratio": 0.1462502749,
    "operatingIncome": 354000000,
    "operatingIncomeRatio": 0.0778535298,
    "totalOtherIncomeExpensesNet": -224000000,
    "incomeBeforeTax": 130000000,
    "incomeBeforeTaxRatio": 0.0285902793,
    "incomeTaxExpense": -1232000000,
    "netIncome": 1460000000,
    "netIncomeRatio": 0.3210908291,
    "eps": 3.54,
    "epsdiluted": 3.49,
    "weightedAverageShsOut": 412429379,
    "weightedAverageShsOutDil": 417800000,
    "link": "https://www.sec.gov/Archives/edgar/data/51434/000005143418000008/0000051434-18-000008-index.htm",
    "finalLink": "https://www.sec.gov/Archives/edgar/data/51434/000005143418000008/ip10-k123117.htm"
  },
  {
    "date": "2017-09-30",
    "symbol": "IP",
    "reportedCurrency": "USD",
    "cik": "0000051434",
    "fillingDate": "2017-11-03",
    "acceptedDate": "2017-11-03 16:20:51",
    "calendarYear": "2017",
    "period": "Q3",
    "revenue": 5517000000,
    "costOfRevenue": 3713000000,
    "grossProfit": 1804000000,
    "grossProfitRatio": 0.3269893058,
    "researchAndDevelopmentExpenses": 0,
    "generalAndAdministrativeExpenses": 401000000,
    "sellingAndMarketingExpenses": 354000000,
    "sellingGeneralAndAdministrativeExpenses": 755000000,
    "otherExpenses": 391000000,
    "operatingExpenses": 1146000000,
    "costAndExpenses": 4859000000,
    "interestIncome": 46000000,
    "interestExpense": 198000000,
    "depreciationAndAmortization": 373000000,
    "ebitda": 1028000000,
    "ebitdaratio": 0.1863331521,
    "operatingIncome": 658000000,
    "operatingIncomeRatio": 0.119267718,
    "totalOtherIncomeExpensesNet": -201000000,
    "incomeBeforeTax": 457000000,
    "incomeBeforeTaxRatio": 0.082834874,
    "incomeTaxExpense": 136000000,
    "netIncome": 395000000,
    "netIncomeRatio": 0.0715968824,
    "eps": 0.96,
    "epsdiluted": 0.95,
    "weightedAverageShsOut": 411458333,
    "weightedAverageShsOutDil": 417400000,
    "link": "https://www.sec.gov/Archives/edgar/data/51434/000005143417000048/0000051434-17-000048-index.htm",
    "finalLink": "https://www.sec.gov/Archives/edgar/data/51434/000005143417000048/ip-9302017xform10xq.htm"
  },
  {
    "date": "2017-06-30",
    "symbol": "IP",
    "reportedCurrency": "USD",
    "cik": "0000051434",
    "fillingDate": "2017-08-04",
    "acceptedDate": "2017-08-04 14:47:12",
    "calendarYear": "2017",
    "period": "Q2",
    "revenue": 5383000000,
    "costOfRevenue": 3749000000,
    "grossProfit": 1634000000,
    "grossProfitRatio": 0.3035482073,
    "researchAndDevelopmentExpenses": 0,
    "generalAndAdministrativeExpenses": 393000000,
    "sellingAndMarketingExpenses": 359000000,
    "sellingGeneralAndAdministrativeExpenses": 752000000,
    "otherExpenses": 375000000,
    "operatingExpenses": 1127000000,
    "costAndExpenses": 4876000000,
    "interestIncome": 49000000,
    "interestExpense": 186000000,
    "depreciationAndAmortization": 357000000,
    "ebitda": 520000000,
    "ebitdaratio": 0.0966004087,
    "operatingIncome": 507000000,
    "operatingIncomeRatio": 0.0941853985,
    "totalOtherIncomeExpensesNet": -530000000,
    "incomeBeforeTax": -23000000,
    "incomeBeforeTaxRatio": -0.0042727104,
    "incomeTaxExpense": -87000000,
    "netIncome": 80000000,
    "netIncomeRatio": 0.0148616013,
    "eps": 0.19,
    "epsdiluted": 0.19,
    "weightedAverageShsOut": 421052632,
    "weightedAverageShsOutDil": 421052632,
    "link": "https://www.sec.gov/Archives/edgar/data/51434/000005143417000040/0000051434-17-000040-index.htm",
    "finalLink": "https://www.sec.gov/Archives/edgar/data/51434/000005143417000040/ip-6302017xform10xq.htm"
  },
  {
    "date": "2017-03-31",
    "symbol": "IP",
    "reportedCurrency": "USD",
    "cik": "0000051434",
    "fillingDate": "2017-05-05",
    "acceptedDate": "2017-05-05 12:35:43",
    "calendarYear": "2017",
    "period": "Q1",
    "revenue": 5132000000,
    "costOfRevenue": 3638000000,
    "grossProfit": 1494000000,
    "grossProfitRatio": 0.2911145752,
    "researchAndDevelopmentExpenses": 0,
    "generalAndAdministrativeExpenses": 393000000,
    "sellingAndMarketingExpenses": 348000000,
    "sellingGeneralAndAdministrativeExpenses": 741000000,
    "otherExpenses": 362000000,
    "operatingExpenses": 1103000000,
    "costAndExpenses": 4741000000,
    "interestIncome": 45000000,
    "interestExpense": 187000000,
    "depreciationAndAmortization": 345000000,
    "ebitda": 749000000,
    "ebitdaratio": 0.1459469992,
    "operatingIncome": 391000000,
    "operatingIncomeRatio": 0.0761886204,
    "totalOtherIncomeExpensesNet": -174000000,
    "incomeBeforeTax": 217000000,
    "incomeBeforeTaxRatio": 0.0422837101,
    "incomeTaxExpense": 73000000,
    "netIncome": 209000000,
    "netIncomeRatio": 0.0407248636,
    "eps": 0.51,
    "epsdiluted": 0.5,
    "weightedAverageShsOut": 409803922,
    "weightedAverageShsOutDil": 416000000,
    "link": "https://www.sec.gov/Archives/edgar/data/51434/000005143417000013/0000051434-17-000013-index.htm",
    "finalLink": "https://www.sec.gov/Archives/edgar/data/51434/000005143417000013/ip-3312017xform10xq.htm"
  },
  {
    "date": "2016-12-31",
    "symbol": "IP",
    "reportedCurrency": "USD",
    "cik": "0000051434",
    "fillingDate": "2017-02-22",
    "acceptedDate": "2017-02-22 16:55:20",
    "calendarYear": "2016",
    "period": "Q4",
    "revenue": 5381000000,
    "costOfRevenue": 3807000000,
    "grossProfit": 1574000000,
    "grossProfitRatio": 0.2925106857,
    "researchAndDevelopmentExpenses": 0,
    "generalAndAdministrativeExpenses": 433000000,
    "sellingAndMarketingExpenses": 349000000,
    "sellingGeneralAndAdministrativeExpenses": 782000000,
    "otherExpenses": 369000000,
    "operatingExpenses": 1151000000,
    "costAndExpenses": 4958000000,
    "interestIncome": 46000000,
    "interestExpense": 182000000,
    "depreciationAndAmortization": 328000000,
    "ebitda": 790000000,
    "ebitdaratio": 0.1468128601,
    "operatingIncome": 423000000,
    "operatingIncomeRatio": 0.0786099238,
    "totalOtherIncomeExpensesNet": -143000000,
    "incomeBeforeTax": 280000000,
    "incomeBeforeTaxRatio": 0.0520349377,
    "incomeTaxExpense": 108000000,
    "netIncome": 218000000,
    "netIncomeRatio": 0.0405129158,
    "eps": 0.53,
    "epsdiluted": 0.52,
    "weightedAverageShsOut": 411320755,
    "weightedAverageShsOutDil": 415600000,
    "link": "https://www.sec.gov/Archives/edgar/data/51434/000005143417000007/0000051434-17-000007-index.htm",
    "finalLink": "https://www.sec.gov/Archives/edgar/data/51434/000005143417000007/ip10-k123116.htm"
  },
  {
    "date": "2016-09-30",
    "symbol": "IP",
    "reportedCurrency": "USD",
    "cik": "0000051434",
    "fillingDate": "2016-11-03",
    "acceptedDate": "2016-11-03 11:29:17",
    "calendarYear": "2016",
    "period": "Q3",
    "revenue": 5266000000,
    "costOfRevenue": 3622000000,
    "grossProfit": 1644000000,
    "grossProfitRatio": 0.3121914166,
    "researchAndDevelopmentExpenses": 0,
    "generalAndAdministrativeExpenses": 380000000,
    "sellingAndMarketingExpenses": 353000000,
    "sellingGeneralAndAdministrativeExpenses": 733000000,
    "otherExpenses": 355000000,
    "operatingExpenses": 1088000000,
    "costAndExpenses": 4710000000,
    "interestIncome": 49000000,
    "interestExpense": 181000000,
    "depreciationAndAmortization": 314000000,
    "ebitda": 868000000,
    "ebitdaratio": 0.1648309913,
    "operatingIncome": 556000000,
    "operatingIncomeRatio": 0.1055829852,
    "totalOtherIncomeExpensesNet": -183000000,
    "incomeBeforeTax": 373000000,
    "incomeBeforeTaxRatio": 0.0708317509,
    "incomeTaxExpense": 107000000,
    "netIncome": 312000000,
    "netIncomeRatio": 0.0592480061,
    "eps": 0.76,
    "epsdiluted": 0.75,
    "weightedAverageShsOut": 410526316,
    "weightedAverageShsOutDil": 415300000,
    "link": "https://www.sec.gov/Archives/edgar/data/51434/000005143416000069/0000051434-16-000069-index.htm",
    "finalLink": "https://www.sec.gov/Archives/edgar/data/51434/000005143416000069/ip-9302016xform10xq.htm"
  },
  {
    "date": "2016-06-30",
    "symbol": "IP",
    "reportedCurrency": "USD",
    "cik": "0000051434",
    "fillingDate": "2016-08-05",
    "acceptedDate": "2016-08-04 17:46:39",
    "calendarYear": "2016",
    "period": "Q2",
    "revenue": 5322000000,
    "costOfRevenue": 4112000000,
    "grossProfit": 1210000000,
    "grossProfitRatio": 0.227358136,
    "researchAndDevelopmentExpenses": 0,
    "generalAndAdministrativeExpenses": 386000000,
    "sellingAndMarketingExpenses": 339000000,
    "sellingGeneralAndAdministrativeExpenses": 725000000,
    "otherExpenses": 342000000,
    "operatingExpenses": 1067000000,
    "costAndExpenses": 5179000000,
    "interestIncome": 43000000,
    "interestExpense": 172000000,
    "depreciationAndAmortization": 301000000,
    "ebitda": 459000000,
    "ebitdaratio": 0.0862457723,
    "operatingIncome": 143000000,
    "operatingIncomeRatio": 0.0268695979,
    "totalOtherIncomeExpensesNet": -157000000,
    "incomeBeforeTax": -14000000,
    "incomeBeforeTaxRatio": -0.00263059,
    "incomeTaxExpense": -9000000,
    "netIncome": 40000000,
    "netIncomeRatio": 0.0075159714,
    "eps": 0.1,
    "epsdiluted": 0.0965,
    "weightedAverageShsOut": 400000000,
    "weightedAverageShsOutDil": 414700000,
    "link": "https://www.sec.gov/Archives/edgar/data/51434/000005143416000063/0000051434-16-000063-index.htm",
    "finalLink": "https://www.sec.gov/Archives/edgar/data/51434/000005143416000063/ip-6302016xform10xq.htm"
  },
  {
    "date": "2016-03-31",
    "symbol": "IP",
    "reportedCurrency": "USD",
    "cik": "0000051434",
    "fillingDate": "2016-05-05",
    "acceptedDate": "2016-05-05 11:43:29",
    "calendarYear": "2016",
    "period": "Q1",
    "revenue": 5110000000,
    "costOfRevenue": 3611000000,
    "grossProfit": 1499000000,
    "grossProfitRatio": 0.2933463796,
    "researchAndDevelopmentExpenses": 0,
    "generalAndAdministrativeExpenses": 376000000,
    "sellingAndMarketingExpenses": 320000000,
    "sellingGeneralAndAdministrativeExpenses": 696000000,
    "otherExpenses": 325000000,
    "operatingExpenses": 1021000000,
    "costAndExpenses": 4632000000,
    "interestIncome": 37000000,
    "interestExpense": 160000000,
    "depreciationAndAmortization": 284000000,
    "ebitda": 761000000,
    "ebitdaratio": 0.1489236791,
    "operatingIncome": 478000000,
    "operatingIncomeRatio": 0.0935420744,
    "totalOtherIncomeExpensesNet": -161000000,
    "incomeBeforeTax": 317000000,
    "incomeBeforeTaxRatio": 0.062035225,
    "incomeTaxExpense": 41000000,
    "netIncome": 334000000,
    "netIncomeRatio": 0.0653620352,
    "eps": 0.81,
    "epsdiluted": 0.81,
    "weightedAverageShsOut": 412345679,
    "weightedAverageShsOutDil": 414000000,
    "link": "https://www.sec.gov/Archives/edgar/data/51434/000005143416000048/0000051434-16-000048-index.htm",
    "finalLink": "https://www.sec.gov/Archives/edgar/data/51434/000005143416000048/ip-3312016xform10xq.htm"
  },
  {
    "date": "2015-12-31",
    "symbol": "IP",
    "reportedCurrency": "USD",
    "cik": "0000051434",
    "fillingDate": "2016-02-25",
    "acceptedDate": "2016-02-25 11:26:51",
    "calendarYear": "2015",
    "period": "Q4",
    "revenue": 5443000000,
    "costOfRevenue": 3765000000,
    "grossProfit": 1678000000,
    "grossProfitRatio": 0.3082858718,
    "researchAndDevelopmentExpenses": 27000000,
    "generalAndAdministrativeExpenses": 419000000,
    "sellingAndMarketingExpenses": 348000000,
    "sellingGeneralAndAdministrativeExpenses": 767000000,
    "otherExpenses": 355000000,
    "operatingExpenses": 1122000000,
    "costAndExpenses": 4887000000,
    "interestIncome": 30000000,
    "interestExpense": 163000000,
    "depreciationAndAmortization": 314000000,
    "ebitda": 742000000,
    "ebitdaratio": 0.1363218813,
    "operatingIncome": 556000000,
    "operatingIncomeRatio": 0.1021495499,
    "totalOtherIncomeExpensesNet": -291000000,
    "incomeBeforeTax": 265000000,
    "incomeBeforeTaxRatio": 0.0486863862,
    "incomeTaxExpense": 120000000,
    "netIncome": 178000000,
    "netIncomeRatio": 0.0327025537,
    "eps": 0.43,
    "epsdiluted": 0.43,
    "weightedAverageShsOut": 413953488,
    "weightedAverageShsOutDil": 416300000,
    "link": "https://www.sec.gov/Archives/edgar/data/51434/000005143416000042/0000051434-16-000042-index.htm",
    "finalLink": "https://www.sec.gov/Archives/edgar/data/51434/000005143416000042/ip10-k123115.htm"
  },
  {
    "date": "2015-09-30",
    "symbol": "IP",
    "reportedCurrency": "USD",
    "cik": "0000051434",
    "fillingDate": "2015-11-05",
    "acceptedDate": "2015-11-05 14:44:31",
    "calendarYear": "2015",
    "period": "Q3",
    "revenue": 5691000000,
    "costOfRevenue": 3891000000,
    "grossProfit": 1800000000,
    "grossProfitRatio": 0.3162888772,
    "researchAndDevelopmentExpenses": 0,
    "generalAndAdministrativeExpenses": 417000000,
    "sellingAndMarketingExpenses": 334000000,
    "sellingGeneralAndAdministrativeExpenses": 751000000,
    "otherExpenses": 368000000,
    "operatingExpenses": 1119000000,
    "costAndExpenses": 5010000000,
    "interestIncome": 17000000,
    "interestExpense": 158000000,
    "depreciationAndAmortization": 329000000,
    "ebitda": 816000000,
    "ebitdaratio": 0.143384291,
    "operatingIncome": 681000000,
    "operatingIncomeRatio": 0.1196626252,
    "totalOtherIncomeExpensesNet": -352000000,
    "incomeBeforeTax": 329000000,
    "incomeBeforeTaxRatio": 0.0578105781,
    "incomeTaxExpense": 106000000,
    "netIncome": 220000000,
    "netIncomeRatio": 0.0386575294,
    "eps": 0.53,
    "epsdiluted": 0.53,
    "weightedAverageShsOut": 415094340,
    "weightedAverageShsOutDil": 417500000,
    "link": "https://www.sec.gov/Archives/edgar/data/51434/000005143415000036/0000051434-15-000036-index.htm",
    "finalLink": "https://www.sec.gov/Archives/edgar/data/51434/000005143415000036/ip-9302015xform10xq.htm"
  },
  {
    "date": "2015-06-30",
    "symbol": "IP",
    "reportedCurrency": "USD",
    "cik": "0000051434",
    "fillingDate": "2015-08-06",
    "acceptedDate": "2015-08-06 10:53:47",
    "calendarYear": "2015",
    "period": "Q2",
    "revenue": 5714000000,
    "costOfRevenue": 3968000000,
    "grossProfit": 1746000000,
    "grossProfitRatio": 0.3055652783,
    "researchAndDevelopmentExpenses": 0,
    "generalAndAdministrativeExpenses": 403000000,
    "sellingAndMarketingExpenses": 367000000,
    "sellingGeneralAndAdministrativeExpenses": 770000000,
    "otherExpenses": 372000000,
    "operatingExpenses": 1142000000,
    "costAndExpenses": 5110000000,
    "interestIncome": 20000000,
    "interestExpense": 164000000,
    "depreciationAndAmortization": 328000000,
    "ebitda": 758000000,
    "ebitdaratio": 0.1326566328,
    "operatingIncome": 604000000,
    "operatingIncomeRatio": 0.1057052853,
    "totalOtherIncomeExpensesNet": -338000000,
    "incomeBeforeTax": 266000000,
    "incomeBeforeTaxRatio": 0.0465523276,
    "incomeTaxExpense": 110000000,
    "netIncome": 227000000,
    "netIncomeRatio": 0.0397269863,
    "eps": 0.54,
    "epsdiluted": 0.54,
    "weightedAverageShsOut": 420370370,
    "weightedAverageShsOutDil": 421900000,
    "link": "https://www.sec.gov/Archives/edgar/data/51434/000005143415000029/0000051434-15-000029-index.htm",
    "finalLink": "https://www.sec.gov/Archives/edgar/data/51434/000005143415000029/ip-6302015xform10xq.htm"
  },
  {
    "date": "2015-03-31",
    "symbol": "IP",
    "reportedCurrency": "USD",
    "cik": "0000051434",
    "fillingDate": "2015-05-07",
    "acceptedDate": "2015-05-07 11:56:26",
    "calendarYear": "2015",
    "period": "Q1",
    "revenue": 5517000000,
    "costOfRevenue": 3844000000,
    "grossProfit": 1673000000,
    "grossProfitRatio": 0.3032445169,
    "researchAndDevelopmentExpenses": 0,
    "generalAndAdministrativeExpenses": 406000000,
    "sellingAndMarketingExpenses": 357000000,
    "sellingGeneralAndAdministrativeExpenses": 763000000,
    "otherExpenses": 367000000,
    "operatingExpenses": 1130000000,
    "costAndExpenses": 4974000000,
    "interestIncome": 22000000,
    "interestExpense": 159000000,
    "depreciationAndAmortization": 323000000,
    "ebitda": 888000000,
    "ebitdaratio": 0.1609570419,
    "operatingIncome": 543000000,
    "operatingIncomeRatio": 0.098423056,
    "totalOtherIncomeExpensesNet": -137000000,
    "incomeBeforeTax": 406000000,
    "incomeBeforeTaxRatio": 0.0735907196,
    "incomeTaxExpense": 130000000,
    "netIncome": 313000000,
    "netIncomeRatio": 0.0567337321,
    "eps": 0.74,
    "epsdiluted": 0.74,
    "weightedAverageShsOut": 422972973,
    "weightedAverageShsOutDil": 423700000,
    "link": "https://www.sec.gov/Archives/edgar/data/51434/000005143415000016/0000051434-15-000016-index.htm",
    "finalLink": "https://www.sec.gov/Archives/edgar/data/51434/000005143415000016/ip-3312015xform10xq.htm"
  },
  {
    "date": "2014-12-31",
    "symbol": "IP",
    "reportedCurrency": "USD",
    "cik": "0000051434",
    "fillingDate": "2015-02-26",
    "acceptedDate": "2015-02-26 14:50:59",
    "calendarYear": "2014",
    "period": "Q4",
    "revenue": 5943000000,
    "costOfRevenue": 4105000000,
    "grossProfit": 1838000000,
    "grossProfitRatio": 0.3092714117,
    "researchAndDevelopmentExpenses": 0,
    "generalAndAdministrativeExpenses": 462000000,
    "sellingAndMarketingExpenses": 384000000,
    "sellingGeneralAndAdministrativeExpenses": 846000000,
    "otherExpenses": 389000000,
    "operatingExpenses": 1235000000,
    "costAndExpenses": 5340000000,
    "interestIncome": 23000000,
    "interestExpense": 165000000,
    "depreciationAndAmortization": 346000000,
    "ebitda": 818000000,
    "ebitdaratio": 0.1376409221,
    "operatingIncome": 603000000,
    "operatingIncomeRatio": 0.1014639071,
    "totalOtherIncomeExpensesNet": -296000000,
    "incomeBeforeTax": 307000000,
    "incomeBeforeTaxRatio": 0.0516574121,
    "incomeTaxExpense": 34000000,
    "netIncome": 134000000,
    "netIncomeRatio": 0.0225475349,
    "eps": 0.32,
    "epsdiluted": 0.32,
    "weightedAverageShsOut": 418750000,
    "weightedAverageShsOutDil": 424900000,
    "link": "https://www.sec.gov/Archives/edgar/data/51434/000005143415000009/0000051434-15-000009-index.htm",
    "finalLink": "https://www.sec.gov/Archives/edgar/data/51434/000005143415000009/ip10-k123114.htm"
  },
  {
    "date": "2014-09-30",
    "symbol": "IP",
    "reportedCurrency": "USD",
    "cik": "0000051434",
    "fillingDate": "2014-11-06",
    "acceptedDate": "2014-11-06 11:46:35",
    "calendarYear": "2014",
    "period": "Q3",
    "revenue": 6051000000,
    "costOfRevenue": 4055000000,
    "grossProfit": 1996000000,
    "grossProfitRatio": 0.3298628326,
    "researchAndDevelopmentExpenses": 0,
    "generalAndAdministrativeExpenses": 467000000,
    "sellingAndMarketingExpenses": 394000000,
    "sellingGeneralAndAdministrativeExpenses": 861000000,
    "otherExpenses": 401000000,
    "operatingExpenses": 1262000000,
    "costAndExpenses": 5317000000,
    "interestIncome": 14000000,
    "interestExpense": 172000000,
    "depreciationAndAmortization": 357000000,
    "ebitda": 1082000000,
    "ebitdaratio": 0.1788134193,
    "operatingIncome": 734000000,
    "operatingIncomeRatio": 0.1213022641,
    "totalOtherIncomeExpensesNet": -182000000,
    "incomeBeforeTax": 552000000,
    "incomeBeforeTaxRatio": 0.091224591,
    "incomeTaxExpense": 147000000,
    "netIncome": 355000000,
    "netIncomeRatio": 0.0586679888,
    "eps": 0.84,
    "epsdiluted": 0.83,
    "weightedAverageShsOut": 422619048,
    "weightedAverageShsOutDil": 428600000,
    "link": "https://www.sec.gov/Archives/edgar/data/51434/000005143414000034/0000051434-14-000034-index.htm",
    "finalLink": "https://www.sec.gov/Archives/edgar/data/51434/000005143414000034/ip-9302014xform10xq.htm"
  },
  {
    "date": "2014-06-30",
    "symbol": "IP",
    "reportedCurrency": "USD",
    "cik": "0000051434",
    "fillingDate": "2014-08-06",
    "acceptedDate": "2014-08-06 16:31:18",
    "calendarYear": "2014",
    "period": "Q2",
    "revenue": 5899000000,
    "costOfRevenue": 4060000000,
    "grossProfit": 1839000000,
    "grossProfitRatio": 0.3117477539,
    "researchAndDevelopmentExpenses": 0,
    "generalAndAdministrativeExpenses": 436000000,
    "sellingAndMarketingExpenses": 377000000,
    "sellingGeneralAndAdministrativeExpenses": 813000000,
    "otherExpenses": 403000000,
    "operatingExpenses": 1216000000,
    "costAndExpenses": 5276000000,
    "interestIncome": 12000000,
    "interestExpense": 176000000,
    "depreciationAndAmortization": 359000000,
    "ebitda": 687000000,
    "ebitdaratio": 0.116460417,
    "operatingIncome": 623000000,
    "operatingIncomeRatio": 0.1056111205,
    "totalOtherIncomeExpensesNet": -471000000,
    "incomeBeforeTax": 152000000,
    "incomeBeforeTaxRatio": 0.0257670792,
    "incomeTaxExpense": 22000000,
    "netIncome": 161000000,
    "netIncomeRatio": 0.0272927615,
    "eps": 0.37,
    "epsdiluted": 0.37,
    "weightedAverageShsOut": 435135135,
    "weightedAverageShsOutDil": 435135135,
    "link": "https://www.sec.gov/Archives/edgar/data/51434/000005143414000027/0000051434-14-000027-index.htm",
    "finalLink": "https://www.sec.gov/Archives/edgar/data/51434/000005143414000027/ip-6302014xform10xq.htm"
  },
  {
    "date": "2014-03-31",
    "symbol": "IP",
    "reportedCurrency": "USD",
    "cik": "0000051434",
    "fillingDate": "2014-05-07",
    "acceptedDate": "2014-05-07 17:20:27",
    "calendarYear": "2014",
    "period": "Q1",
    "revenue": 5724000000,
    "costOfRevenue": 4034000000,
    "grossProfit": 1690000000,
    "grossProfitRatio": 0.2952480783,
    "researchAndDevelopmentExpenses": 0,
    "generalAndAdministrativeExpenses": 428000000,
    "sellingAndMarketingExpenses": 366000000,
    "sellingGeneralAndAdministrativeExpenses": 794000000,
    "otherExpenses": 393000000,
    "operatingExpenses": 1187000000,
    "costAndExpenses": 5221000000,
    "interestIncome": 21000000,
    "interestExpense": 164000000,
    "depreciationAndAmortization": 352000000,
    "ebitda": 377000000,
    "ebitdaratio": 0.0658630328,
    "operatingIncome": 503000000,
    "operatingIncomeRatio": 0.0878756115,
    "totalOtherIncomeExpensesNet": -642000000,
    "incomeBeforeTax": -139000000,
    "incomeBeforeTaxRatio": -0.0242837177,
    "incomeTaxExpense": -80000000,
    "netIncome": -95000000,
    "netIncomeRatio": -0.0165967855,
    "eps": -0.21,
    "epsdiluted": -0.21,
    "weightedAverageShsOut": 452380952,
    "weightedAverageShsOutDil": 452380952,
    "link": "https://www.sec.gov/Archives/edgar/data/51434/000005143414000006/0000051434-14-000006-index.htm",
    "finalLink": "https://www.sec.gov/Archives/edgar/data/51434/000005143414000006/ip-3312014xform10xq.htm"
  },
  {
    "date": "2013-12-31",
    "symbol": "IP",
    "reportedCurrency": "USD",
    "cik": "0000051434",
    "fillingDate": "2014-02-27",
    "acceptedDate": "2014-02-27 14:31:09",
    "calendarYear": "2013",
    "period": "Q4",
    "revenue": 7249000000,
    "costOfRevenue": 5276000000,
    "grossProfit": 1973000000,
    "grossProfitRatio": 0.2721754725,
    "researchAndDevelopmentExpenses": 0,
    "generalAndAdministrativeExpenses": 551000000,
    "sellingAndMarketingExpenses": 423000000,
    "sellingGeneralAndAdministrativeExpenses": 974000000,
    "otherExpenses": 413000000,
    "operatingExpenses": 1387000000,
    "costAndExpenses": 6663000000,
    "interestIncome": 16000000,
    "interestExpense": 149000000,
    "depreciationAndAmortization": 371000000,
    "ebitda": 365000000,
    "ebitdaratio": 0.0503517727,
    "operatingIncome": 586000000,
    "operatingIncomeRatio": 0.0808387364,
    "totalOtherIncomeExpensesNet": -741000000,
    "incomeBeforeTax": -155000000,
    "incomeBeforeTaxRatio": -0.0213822596,
    "incomeTaxExpense": -589000000,
    "netIncome": 436000000,
    "netIncomeRatio": 0.0601462271,
    "eps": 0.99,
    "epsdiluted": 0.98,
    "weightedAverageShsOut": 440404040,
    "weightedAverageShsOutDil": 445300000,
    "link": "https://www.sec.gov/Archives/edgar/data/51434/000005143414000003/0000051434-14-000003-index.htm",
    "finalLink": "https://www.sec.gov/Archives/edgar/data/51434/000005143414000003/ip10-k123113.htm"
  },
  {
    "date": "2013-09-30",
    "symbol": "IP",
    "reportedCurrency": "USD",
    "cik": "0000051434",
    "fillingDate": "2013-11-06",
    "acceptedDate": "2013-11-06 14:33:56",
    "calendarYear": "2013",
    "period": "Q3",
    "revenue": 5975000000,
    "costOfRevenue": 4048000000,
    "grossProfit": 1927000000,
    "grossProfitRatio": 0.3225104603,
    "researchAndDevelopmentExpenses": 0,
    "generalAndAdministrativeExpenses": 473000000,
    "sellingAndMarketingExpenses": 402000000,
    "sellingGeneralAndAdministrativeExpenses": 875000000,
    "otherExpenses": 443000000,
    "operatingExpenses": 1318000000,
    "costAndExpenses": 5366000000,
    "interestIncome": 15000000,
    "interestExpense": 162000000,
    "depreciationAndAmortization": 401000000,
    "ebitda": 966000000,
    "ebitdaratio": 0.1616736402,
    "operatingIncome": 609000000,
    "operatingIncomeRatio": 0.1019246862,
    "totalOtherIncomeExpensesNet": -206000000,
    "incomeBeforeTax": 403000000,
    "incomeBeforeTaxRatio": 0.0674476987,
    "incomeTaxExpense": 38000000,
    "netIncome": 382000000,
    "netIncomeRatio": 0.0639330544,
    "eps": 0.86,
    "epsdiluted": 0.85,
    "weightedAverageShsOut": 444186047,
    "weightedAverageShsOutDil": 449700000,
    "link": "https://www.sec.gov/Archives/edgar/data/51434/000005143413000014/0000051434-13-000014-index.htm",
    "finalLink": "https://www.sec.gov/Archives/edgar/data/51434/000005143413000014/ip-9302013xform10xq.htm"
  },
  {
    "date": "2013-06-30",
    "symbol": "IP",
    "reportedCurrency": "USD",
    "cik": "0000051434",
    "fillingDate": "2013-08-07",
    "acceptedDate": "2013-08-07 13:51:04",
    "calendarYear": "2013",
    "period": "Q2",
    "revenue": 7335000000,
    "costOfRevenue": 5414000000,
    "grossProfit": 1921000000,
    "grossProfitRatio": 0.2618950239,
    "researchAndDevelopmentExpenses": 0,
    "generalAndAdministrativeExpenses": 515000000,
    "sellingAndMarketingExpenses": 449000000,
    "sellingGeneralAndAdministrativeExpenses": 964000000,
    "otherExpenses": 443000000,
    "operatingExpenses": 1407000000,
    "costAndExpenses": 6821000000,
    "interestIncome": 13000000,
    "interestExpense": 181000000,
    "depreciationAndAmortization": 396000000,
    "ebitda": 940000000,
    "ebitdaratio": 0.1281526926,
    "operatingIncome": 514000000,
    "operatingIncomeRatio": 0.070074983,
    "totalOtherIncomeExpensesNet": -151000000,
    "incomeBeforeTax": 363000000,
    "incomeBeforeTaxRatio": 0.0494887526,
    "incomeTaxExpense": 94000000,
    "netIncome": 259000000,
    "netIncomeRatio": 0.0353101568,
    "eps": 0.58,
    "epsdiluted": 0.58,
    "weightedAverageShsOut": 446551724,
    "weightedAverageShsOutDil": 448500000,
    "link": "https://www.sec.gov/Archives/edgar/data/51434/000005143413000011/0000051434-13-000011-index.htm",
    "finalLink": "https://www.sec.gov/Archives/edgar/data/51434/000005143413000011/ip-6302013xform10xq.htm"
  },
  {
    "date": "2013-03-31",
    "symbol": "IP",
    "reportedCurrency": "USD",
    "cik": "0000051434",
    "fillingDate": "2013-05-08",
    "acceptedDate": "2013-05-08 15:00:13",
    "calendarYear": "2013",
    "period": "Q1",
    "revenue": 7090000000,
    "costOfRevenue": 5220000000,
    "grossProfit": 1870000000,
    "grossProfitRatio": 0.263751763,
    "researchAndDevelopmentExpenses": 0,
    "generalAndAdministrativeExpenses": 567000000,
    "sellingAndMarketingExpenses": 422000000,
    "sellingGeneralAndAdministrativeExpenses": 989000000,
    "otherExpenses": 428000000,
    "operatingExpenses": 1417000000,
    "costAndExpenses": 6637000000,
    "interestIncome": 13000000,
    "interestExpense": 177000000,
    "depreciationAndAmortization": 379000000,
    "ebitda": 786000000,
    "ebitdaratio": 0.1108603667,
    "operatingIncome": 453000000,
    "operatingIncomeRatio": 0.0638928068,
    "totalOtherIncomeExpensesNet": -223000000,
    "incomeBeforeTax": 230000000,
    "incomeBeforeTaxRatio": 0.0324400564,
    "incomeTaxExpense": -69000000,
    "netIncome": 318000000,
    "netIncomeRatio": 0.0448519041,
    "eps": 0.72,
    "epsdiluted": 0.71,
    "weightedAverageShsOut": 441666667,
    "weightedAverageShsOutDil": 446100000,
    "link": "https://www.sec.gov/Archives/edgar/data/51434/000005143413000008/0000051434-13-000008-index.htm",
    "finalLink": "https://www.sec.gov/Archives/edgar/data/51434/000005143413000008/ip-3312013xform10xq.htm"
  },
  {
    "date": "2012-12-31",
    "symbol": "IP",
    "reportedCurrency": "USD",
    "cik": "0000051434",
    "fillingDate": "2013-02-26",
    "acceptedDate": "2013-02-26 13:14:27",
    "calendarYear": "2012",
    "period": "Q4",
    "revenue": 7075000000,
    "costOfRevenue": 5193000000,
    "grossProfit": 1882000000,
    "grossProfitRatio": 0.2660070671,
    "researchAndDevelopmentExpenses": 13000000,
    "generalAndAdministrativeExpenses": 0,
    "sellingAndMarketingExpenses": 0,
    "sellingGeneralAndAdministrativeExpenses": 991000000,
    "otherExpenses": 417000000,
    "operatingExpenses": 1408000000,
    "costAndExpenses": 6601000000,
    "interestIncome": 0,
    "interestExpense": 240000000,
    "depreciationAndAmortization": 375000000,
    "ebitda": 902000000,
    "ebitdaratio": 0.1274911661,
    "operatingIncome": 474000000,
    "operatingIncomeRatio": 0.0669964664,
    "totalOtherIncomeExpensesNet": -187000000,
    "incomeBeforeTax": 287000000,
    "incomeBeforeTaxRatio": 0.040565371,
    "incomeTaxExpense": 74000000,
    "netIncome": 235000000,
    "netIncomeRatio": 0.0332155477,
    "eps": 0.54,
    "epsdiluted": 0.53,
    "weightedAverageShsOut": 435185185,
    "weightedAverageShsOutDil": 441500000,
    "link": "https://www.sec.gov/Archives/edgar/data/51434/000005143413000004/0000051434-13-000004-index.htm",
    "finalLink": "https://www.sec.gov/Archives/edgar/data/51434/000005143413000004/ip10-k123112.htm"
  },
  {
    "date": "2012-09-30",
    "symbol": "IP",
    "reportedCurrency": "USD",
    "cik": "0000051434",
    "fillingDate": "2012-11-07",
    "acceptedDate": "2012-11-07 10:07:52",
    "calendarYear": "2012",
    "period": "Q3",
    "revenue": 7026000000,
    "costOfRevenue": 5140000000,
    "grossProfit": 1886000000,
    "grossProfitRatio": 0.26843154,
    "researchAndDevelopmentExpenses": 0,
    "generalAndAdministrativeExpenses": 527000000,
    "sellingAndMarketingExpenses": 403000000,
    "sellingGeneralAndAdministrativeExpenses": 930000000,
    "otherExpenses": 422000000,
    "operatingExpenses": 1352000000,
    "costAndExpenses": 6492000000,
    "interestIncome": 34000000,
    "interestExpense": 197000000,
    "depreciationAndAmortization": 383000000,
    "ebitda": 900000000,
    "ebitdaratio": 0.1280956447,
    "operatingIncome": 534000000,
    "operatingIncomeRatio": 0.0760034159,
    "totalOtherIncomeExpensesNet": -214000000,
    "incomeBeforeTax": 320000000,
    "incomeBeforeTaxRatio": 0.0455451181,
    "incomeTaxExpense": 130000000,
    "netIncome": 237000000,
    "netIncomeRatio": 0.0337318531,
    "eps": 0.54,
    "epsdiluted": 0.54,
    "weightedAverageShsOut": 438888889,
    "weightedAverageShsOutDil": 439800000,
    "link": "https://www.sec.gov/Archives/edgar/data/51434/000005143412000004/0000051434-12-000004-index.htm",
    "finalLink": "https://www.sec.gov/Archives/edgar/data/51434/000005143412000004/ip-9302012xform10xq.htm"
  },
  {
    "date": "2012-06-30",
    "symbol": "IP",
    "reportedCurrency": "USD",
    "cik": "0000051434",
    "fillingDate": "2012-08-07",
    "acceptedDate": "2012-08-07 11:12:48",
    "calendarYear": "2012",
    "period": "Q2",
    "revenue": 7077000000,
    "costOfRevenue": 5270000000,
    "grossProfit": 1807000000,
    "grossProfitRatio": 0.2553341812,
    "researchAndDevelopmentExpenses": 0,
    "generalAndAdministrativeExpenses": 474000000,
    "sellingAndMarketingExpenses": 448000000,
    "sellingGeneralAndAdministrativeExpenses": 922000000,
    "otherExpenses": 410000000,
    "operatingExpenses": 1332000000,
    "costAndExpenses": 6602000000,
    "interestIncome": 7000000,
    "interestExpense": 179000000,
    "depreciationAndAmortization": 366000000,
    "ebitda": 749000000,
    "ebitdaratio": 0.1058358061,
    "operatingIncome": 475000000,
    "operatingIncomeRatio": 0.0671188357,
    "totalOtherIncomeExpensesNet": -271000000,
    "incomeBeforeTax": 204000000,
    "incomeBeforeTaxRatio": 0.0288257736,
    "incomeTaxExpense": 57000000,
    "netIncome": 134000000,
    "netIncomeRatio": 0.0189345768,
    "eps": 0.31,
    "epsdiluted": 0.31,
    "weightedAverageShsOut": 432258065,
    "weightedAverageShsOutDil": 438200000,
    "link": "https://www.sec.gov/Archives/edgar/data/51434/000119312512339873/0001193125-12-339873-index.htm",
    "finalLink": "https://www.sec.gov/Archives/edgar/data/51434/000119312512339873/d370675d10q.htm"
  },
  {
    "date": "2012-03-31",
    "symbol": "IP",
    "reportedCurrency": "USD",
    "cik": "0000051434",
    "fillingDate": "2012-05-07",
    "acceptedDate": "2012-05-07 13:15:58",
    "calendarYear": "2012",
    "period": "Q1",
    "revenue": 6655000000,
    "costOfRevenue": 4984000000,
    "grossProfit": 1671000000,
    "grossProfitRatio": 0.2510894065,
    "researchAndDevelopmentExpenses": 0,
    "generalAndAdministrativeExpenses": 513000000,
    "sellingAndMarketingExpenses": 347000000,
    "sellingGeneralAndAdministrativeExpenses": 860000000,
    "otherExpenses": 403000000,
    "operatingExpenses": 1263000000,
    "costAndExpenses": 6247000000,
    "interestIncome": 15000000,
    "interestExpense": 183000000,
    "depreciationAndAmortization": 362000000,
    "ebitda": 758000000,
    "ebitdaratio": 0.1138993238,
    "operatingIncome": 408000000,
    "operatingIncomeRatio": 0.0613072878,
    "totalOtherIncomeExpensesNet": -195000000,
    "incomeBeforeTax": 213000000,
    "incomeBeforeTaxRatio": 0.0320060105,
    "incomeTaxExpense": 70000000,
    "netIncome": 188000000,
    "netIncomeRatio": 0.0282494365,
    "eps": 0.43,
    "epsdiluted": 0.43,
    "weightedAverageShsOut": 437209302,
    "weightedAverageShsOutDil": 438600000,
    "link": "https://www.sec.gov/Archives/edgar/data/51434/000119312512214356/0001193125-12-214356-index.htm",
    "finalLink": "https://www.sec.gov/Archives/edgar/data/51434/000119312512214356/d327692d10q.htm"
  },
  {
    "date": "2011-12-31",
    "symbol": "IP",
    "reportedCurrency": "USD",
    "cik": "0000051434",
    "fillingDate": "2012-02-27",
    "acceptedDate": "2012-02-27 14:25:06",
    "calendarYear": "2011",
    "period": "Q4",
    "revenue": 6367000000,
    "costOfRevenue": 4662000000,
    "grossProfit": 1705000000,
    "grossProfitRatio": 0.2677870269,
    "researchAndDevelopmentExpenses": 0,
    "generalAndAdministrativeExpenses": 0,
    "sellingAndMarketingExpenses": 0,
    "sellingGeneralAndAdministrativeExpenses": 778000000,
    "otherExpenses": 137000000,
    "operatingExpenses": 915000000,
    "costAndExpenses": 5577000000,
    "interestIncome": 0,
    "interestExpense": 0,
    "depreciationAndAmortization": 321000000,
    "ebitda": 1195000000,
    "ebitdaratio": 0.1876865086,
    "operatingIncome": 790000000,
    "operatingIncomeRatio": 0.1240772734,
    "totalOtherIncomeExpensesNet": -374000000,
    "incomeBeforeTax": 416000000,
    "incomeBeforeTaxRatio": 0.0653368934,
    "incomeTaxExpense": 154000000,
    "netIncome": 257000000,
    "netIncomeRatio": 0.0403643788,
    "eps": 0,
    "epsdiluted": 0.59,
    "weightedAverageShsOut": 0,
    "weightedAverageShsOutDil": 437209302,
    "link": "https://www.sec.gov/Archives/edgar/data/51434/000119312512081097/0001193125-12-081097-index.htm",
    "finalLink": "https://www.sec.gov/Archives/edgar/data/51434/000119312512081097/d263096d10k.htm"
  },
  {
    "date": "2011-09-30",
    "symbol": "IP",
    "reportedCurrency": "USD",
    "cik": "0000051434",
    "fillingDate": "2011-11-07",
    "acceptedDate": "2011-11-07 12:52:49",
    "calendarYear": "2011",
    "period": "Q3",
    "revenue": 6632000000,
    "costOfRevenue": 4793000000,
    "grossProfit": 1839000000,
    "grossProfitRatio": 0.277291918,
    "researchAndDevelopmentExpenses": 0,
    "generalAndAdministrativeExpenses": 0,
    "sellingAndMarketingExpenses": 0,
    "sellingGeneralAndAdministrativeExpenses": 829000000,
    "otherExpenses": 368000000,
    "operatingExpenses": 1197000000,
    "costAndExpenses": 5990000000,
    "interestIncome": 0,
    "interestExpense": 130000000,
    "depreciationAndAmortization": 335000000,
    "ebitda": 846000000,
    "ebitdaratio": 0.1275633293,
    "operatingIncome": 642000000,
    "operatingIncomeRatio": 0.0968033776,
    "totalOtherIncomeExpensesNet": -261000000,
    "incomeBeforeTax": 381000000,
    "incomeBeforeTaxRatio": 0.0574487334,
    "incomeTaxExpense": -84000000,
    "netIncome": 468000000,
    "netIncomeRatio": 0.0705669481,
    "eps": 1.2,
    "epsdiluted": 1.19,
    "weightedAverageShsOut": 435200000,
    "weightedAverageShsOutDil": 435200000,
    "link": "https://www.sec.gov/Archives/edgar/data/51434/000119312511299217/0001193125-11-299217-index.htm",
    "finalLink": "https://www.sec.gov/Archives/edgar/data/51434/000119312511299217/d230444d10q.htm"
  },
  {
    "date": "2011-06-30",
    "symbol": "IP",
    "reportedCurrency": "USD",
    "cik": "0000051434",
    "fillingDate": "2011-08-09",
    "acceptedDate": "2011-08-09 10:46:53",
    "calendarYear": "2011",
    "period": "Q2",
    "revenue": 6648000000,
    "costOfRevenue": 4880000000,
    "grossProfit": 1768000000,
    "grossProfitRatio": 0.265944645,
    "researchAndDevelopmentExpenses": 0,
    "generalAndAdministrativeExpenses": 0,
    "sellingAndMarketingExpenses": 0,
    "sellingGeneralAndAdministrativeExpenses": 845000000,
    "otherExpenses": 374000000,
    "operatingExpenses": 1219000000,
    "costAndExpenses": 6099000000,
    "interestIncome": 0,
    "interestExpense": 137000000,
    "depreciationAndAmortization": 336000000,
    "ebitda": 766000000,
    "ebitdaratio": 0.1152226233,
    "operatingIncome": 549000000,
    "operatingIncomeRatio": 0.0825812274,
    "totalOtherIncomeExpensesNet": -256000000,
    "incomeBeforeTax": 293000000,
    "incomeBeforeTaxRatio": 0.0440734055,
    "incomeTaxExpense": 118000000,
    "netIncome": 219000000,
    "netIncomeRatio": 0.0329422383,
    "eps": 0.52,
    "epsdiluted": 0.52,
    "weightedAverageShsOut": 430769231,
    "weightedAverageShsOutDil": 430769231,
    "link": "https://www.sec.gov/Archives/edgar/data/51434/000119312511215656/0001193125-11-215656-index.htm",
    "finalLink": "https://www.sec.gov/Archives/edgar/data/51434/000119312511215656/d10q.htm"
  },
  {
    "date": "2011-03-31",
    "symbol": "IP",
    "reportedCurrency": "USD",
    "cik": "0000051434",
    "fillingDate": "2011-05-06",
    "acceptedDate": "2011-05-06 15:21:40",
    "calendarYear": "2011",
    "period": "Q1",
    "revenue": 6387000000,
    "costOfRevenue": 4625000000,
    "grossProfit": 1762000000,
    "grossProfitRatio": 0.2758728668,
    "researchAndDevelopmentExpenses": 0,
    "generalAndAdministrativeExpenses": 0,
    "sellingAndMarketingExpenses": 0,
    "sellingGeneralAndAdministrativeExpenses": 825000000,
    "otherExpenses": 380000000,
    "operatingExpenses": 1205000000,
    "costAndExpenses": 5830000000,
    "interestIncome": 0,
    "interestExpense": 136000000,
    "depreciationAndAmortization": 340000000,
    "ebitda": 844000000,
    "ebitdaratio": 0.1321434163,
    "operatingIncome": 557000000,
    "operatingIncomeRatio": 0.087208392,
    "totalOtherIncomeExpensesNet": -189000000,
    "incomeBeforeTax": 368000000,
    "incomeBeforeTaxRatio": 0.0576170346,
    "incomeTaxExpense": 123000000,
    "netIncome": 354000000,
    "netIncomeRatio": 0.0554250822,
    "eps": 0.79,
    "epsdiluted": 0.79,
    "weightedAverageShsOut": 432911392,
    "weightedAverageShsOutDil": 433800000,
    "link": "https://www.sec.gov/Archives/edgar/data/51434/000119312511130601/0001193125-11-130601-index.htm",
    "finalLink": "https://www.sec.gov/Archives/edgar/data/51434/000119312511130601/d10q.htm"
  },
  {
    "date": "2010-12-31",
    "symbol": "IP",
    "reportedCurrency": "USD",
    "cik": "0000051434",
    "fillingDate": "2011-02-25",
    "acceptedDate": "2011-02-25 13:01:02",
    "calendarYear": "2010",
    "period": "Q4",
    "revenue": 6531000000,
    "costOfRevenue": 4770000000,
    "grossProfit": 1761000000,
    "grossProfitRatio": 0.2696371153,
    "researchAndDevelopmentExpenses": 0,
    "generalAndAdministrativeExpenses": 0,
    "sellingAndMarketingExpenses": 0,
    "sellingGeneralAndAdministrativeExpenses": 865000000,
    "otherExpenses": 402000000,
    "operatingExpenses": 1267000000,
    "costAndExpenses": 6037000000,
    "interestIncome": 0,
    "interestExpense": 150000000,
    "depreciationAndAmortization": 360000000,
    "ebitda": 842000000,
    "ebitdaratio": 0.1289235952,
    "operatingIncome": 494000000,
    "operatingIncomeRatio": 0.0756392589,
    "totalOtherIncomeExpensesNet": -162000000,
    "incomeBeforeTax": 332000000,
    "incomeBeforeTaxRatio": 0.0508344817,
    "incomeTaxExpense": 50000000,
    "netIncome": 316000000,
    "netIncomeRatio": 0.0483846272,
    "eps": 0,
    "epsdiluted": 0.73,
    "weightedAverageShsOut": 0,
    "weightedAverageShsOutDil": 432911392,
    "link": "https://www.sec.gov/Archives/edgar/data/51434/000119312511046928/0001193125-11-046928-index.htm",
    "finalLink": "https://www.sec.gov/Archives/edgar/data/51434/000119312511046928/d10k.htm"
  },
  {
    "date": "2010-09-30",
    "symbol": "IP",
    "reportedCurrency": "USD",
    "cik": "0000051434",
    "fillingDate": "2010-11-05",
    "acceptedDate": "2010-11-05 15:14:48",
    "calendarYear": "2010",
    "period": "Q3",
    "revenue": 6720000000,
    "costOfRevenue": 4758000000,
    "grossProfit": 1962000000,
    "grossProfitRatio": 0.2919642857,
    "researchAndDevelopmentExpenses": 0,
    "generalAndAdministrativeExpenses": 0,
    "sellingAndMarketingExpenses": 0,
    "sellingGeneralAndAdministrativeExpenses": 843000000,
    "otherExpenses": 420000000,
    "operatingExpenses": 1263000000,
    "costAndExpenses": 6021000000,
    "interestIncome": 0,
    "interestExpense": 152000000,
    "depreciationAndAmortization": 362000000,
    "ebitda": 1061000000,
    "ebitdaratio": 0.1578869048,
    "operatingIncome": 699000000,
    "operatingIncomeRatio": 0.1040178571,
    "totalOtherIncomeExpensesNet": -152000000,
    "incomeBeforeTax": 547000000,
    "incomeBeforeTaxRatio": 0.0813988095,
    "incomeTaxExpense": 170000000,
    "netIncome": 397000000,
    "netIncomeRatio": 0.059077381,
    "eps": 0.92,
    "epsdiluted": 0.92,
    "weightedAverageShsOut": 433800000,
    "weightedAverageShsOutDil": 433800000,
    "link": "https://www.sec.gov/Archives/edgar/data/51434/000119312510249934/0001193125-10-249934-index.htm",
    "finalLink": "https://www.sec.gov/Archives/edgar/data/51434/000119312510249934/d10q.htm"
  },
  {
    "date": "2010-06-30",
    "symbol": "IP",
    "reportedCurrency": "USD",
    "cik": "0000051434",
    "fillingDate": "2010-08-06",
    "acceptedDate": "2010-08-06 12:24:55",
    "calendarYear": "2010",
    "period": "Q2",
    "revenue": 6121000000,
    "costOfRevenue": 4490000000,
    "grossProfit": 1631000000,
    "grossProfitRatio": 0.2664597288,
    "researchAndDevelopmentExpenses": 0,
    "generalAndAdministrativeExpenses": 0,
    "sellingAndMarketingExpenses": 0,
    "sellingGeneralAndAdministrativeExpenses": 802000000,
    "otherExpenses": 410000000,
    "operatingExpenses": 1212000000,
    "costAndExpenses": 5702000000,
    "interestIncome": 0,
    "interestExpense": 157000000,
    "depreciationAndAmortization": 363000000,
    "ebitda": 638000000,
    "ebitdaratio": 0.1042313347,
    "operatingIncome": 419000000,
    "operatingIncomeRatio": 0.0684528672,
    "totalOtherIncomeExpensesNet": -301000000,
    "incomeBeforeTax": 118000000,
    "incomeBeforeTaxRatio": 0.0192778958,
    "incomeTaxExpense": 25000000,
    "netIncome": 93000000,
    "netIncomeRatio": 0.0151935958,
    "eps": 0.22,
    "epsdiluted": 0.21,
    "weightedAverageShsOut": 422727273,
    "weightedAverageShsOutDil": 433400000,
    "link": "https://www.sec.gov/Archives/edgar/data/51434/000119312510180866/0001193125-10-180866-index.htm",
    "finalLink": "https://www.sec.gov/Archives/edgar/data/51434/000119312510180866/d10q.htm"
  },
  {
    "date": "2010-03-31",
    "symbol": "IP",
    "reportedCurrency": "USD",
    "cik": "0000051434",
    "fillingDate": "2010-06-29",
    "acceptedDate": "2010-06-29 10:38:58",
    "calendarYear": "2010",
    "period": "Q1",
    "revenue": 5807000000,
    "costOfRevenue": 4464000000,
    "grossProfit": 1343000000,
    "grossProfitRatio": 0.231272602,
    "researchAndDevelopmentExpenses": 0,
    "generalAndAdministrativeExpenses": 0,
    "sellingAndMarketingExpenses": 0,
    "sellingGeneralAndAdministrativeExpenses": 738000000,
    "otherExpenses": 416000000,
    "operatingExpenses": 1154000000,
    "costAndExpenses": 5618000000,
    "interestIncome": 0,
    "interestExpense": 149000000,
    "depreciationAndAmortization": 371000000,
    "ebitda": 345000000,
    "ebitdaratio": 0.0594110556,
    "operatingIncome": 189000000,
    "operatingIncomeRatio": 0.0325469261,
    "totalOtherIncomeExpensesNet": -364000000,
    "incomeBeforeTax": -175000000,
    "incomeBeforeTaxRatio": -0.0301360427,
    "incomeTaxExpense": -24000000,
    "netIncome": -162000000,
    "netIncomeRatio": -0.0278973652,
    "eps": -0.38,
    "epsdiluted": -0.38,
    "weightedAverageShsOut": 426315789,
    "weightedAverageShsOutDil": 428800000,
    "link": "https://www.sec.gov/Archives/edgar/data/51434/000119312510149383/0001193125-10-149383-index.htm",
    "finalLink": "https://www.sec.gov/Archives/edgar/data/51434/000119312510149383/d10qa.htm"
  },
  {
    "date": "2009-12-31",
    "symbol": "IP",
    "reportedCurrency": "USD",
    "cik": "0000051434",
    "fillingDate": "2010-02-25",
    "acceptedDate": "2010-02-25 17:17:49",
    "calendarYear": "2009",
    "period": "Q4",
    "revenue": 5977000000,
    "costOfRevenue": 3950000000,
    "grossProfit": 2027000000,
    "grossProfitRatio": 0.3391333445,
    "researchAndDevelopmentExpenses": 0,
    "generalAndAdministrativeExpenses": 0,
    "sellingAndMarketingExpenses": 0,
    "sellingGeneralAndAdministrativeExpenses": 814000000,
    "otherExpenses": 379000000,
    "operatingExpenses": 1193000000,
    "costAndExpenses": 5143000000,
    "interestIncome": 9000000,
    "interestExpense": 172000000,
    "depreciationAndAmortization": 384000000,
    "ebitda": 128000000,
    "ebitdaratio": 0.0214154258,
    "operatingIncome": 834000000,
    "operatingIncomeRatio": 0.1395348837,
    "totalOtherIncomeExpensesNet": -1262000000,
    "incomeBeforeTax": -428000000,
    "incomeBeforeTaxRatio": -0.07160783,
    "incomeTaxExpense": -321000000,
    "netIncome": -101000000,
    "netIncomeRatio": -0.0168981094,
    "eps": 0,
    "epsdiluted": -0.24,
    "weightedAverageShsOut": 0,
    "weightedAverageShsOutDil": 426315789,
    "link": "https://www.sec.gov/Archives/edgar/data/51434/000119312510040916/0001193125-10-040916-index.htm",
    "finalLink": "https://www.sec.gov/Archives/edgar/data/51434/000119312510040916/d10k.htm"
  },
  {
    "date": "2009-09-30",
    "symbol": "IP",
    "reportedCurrency": "USD",
    "cik": "0000051434",
    "fillingDate": "2009-11-06",
    "acceptedDate": "2009-11-06 12:23:05",
    "calendarYear": "2009",
    "period": "Q3",
    "revenue": 5919000000,
    "costOfRevenue": 3758000000,
    "grossProfit": 2161000000,
    "grossProfitRatio": 0.3650954553,
    "researchAndDevelopmentExpenses": 0,
    "generalAndAdministrativeExpenses": 0,
    "sellingAndMarketingExpenses": 0,
    "sellingGeneralAndAdministrativeExpenses": 826000000,
    "otherExpenses": 426000000,
    "operatingExpenses": 1252000000,
    "costAndExpenses": 5010000000,
    "interestIncome": 0,
    "interestExpense": 169000000,
    "depreciationAndAmortization": 378000000,
    "ebitda": 1136000000,
    "ebitdaratio": 0.1919243115,
    "operatingIncome": 909000000,
    "operatingIncomeRatio": 0.1535732387,
    "totalOtherIncomeExpensesNet": -320000000,
    "incomeBeforeTax": 589000000,
    "incomeBeforeTaxRatio": 0.0995100524,
    "incomeTaxExpense": 212000000,
    "netIncome": 371000000,
    "netIncomeRatio": 0.0626795067,
    "eps": 0.87,
    "epsdiluted": 0.87,
    "weightedAverageShsOut": 426436782,
    "weightedAverageShsOutDil": 428700000,
    "link": "https://www.sec.gov/Archives/edgar/data/51434/000119312509227000/0001193125-09-227000-index.htm",
    "finalLink": "https://www.sec.gov/Archives/edgar/data/51434/000119312509227000/d10q.htm"
  },
  {
    "date": "2009-06-30",
    "symbol": "IP",
    "reportedCurrency": "USD",
    "cik": "0000051434",
    "fillingDate": "2009-08-05",
    "acceptedDate": "2009-08-05 12:54:59",
    "calendarYear": "2009",
    "period": "Q2",
    "revenue": 5802000000,
    "costOfRevenue": 3781000000,
    "grossProfit": 2021000000,
    "grossProfitRatio": 0.3483281627,
    "researchAndDevelopmentExpenses": 0,
    "generalAndAdministrativeExpenses": 0,
    "sellingAndMarketingExpenses": 0,
    "sellingGeneralAndAdministrativeExpenses": 787000000,
    "otherExpenses": 462000000,
    "operatingExpenses": 1249000000,
    "costAndExpenses": 5030000000,
    "interestIncome": 0,
    "interestExpense": 173000000,
    "depreciationAndAmortization": 367000000,
    "ebitda": 1060000000,
    "ebitdaratio": 0.1826956222,
    "operatingIncome": 772000000,
    "operatingIncomeRatio": 0.1330575664,
    "totalOtherIncomeExpensesNet": -252000000,
    "incomeBeforeTax": 520000000,
    "incomeBeforeTaxRatio": 0.0896242675,
    "incomeTaxExpense": 348000000,
    "netIncome": 136000000,
    "netIncomeRatio": 0.023440193,
    "eps": 0.32,
    "epsdiluted": 0.32,
    "weightedAverageShsOut": 425000000,
    "weightedAverageShsOutDil": 425400000,
    "link": "https://www.sec.gov/Archives/edgar/data/51434/000119312509165032/0001193125-09-165032-index.htm",
    "finalLink": "https://www.sec.gov/Archives/edgar/data/51434/000119312509165032/d10q.htm"
  },
  {
    "date": "2009-03-31",
    "symbol": "IP",
    "reportedCurrency": "USD",
    "cik": "0000051434",
    "fillingDate": "2009-05-07",
    "acceptedDate": "2009-05-07 16:50:42",
    "calendarYear": "2009",
    "period": "Q1",
    "revenue": 5668000000,
    "costOfRevenue": 3731000000,
    "grossProfit": 1937000000,
    "grossProfitRatio": 0.3417431193,
    "researchAndDevelopmentExpenses": 0,
    "generalAndAdministrativeExpenses": 0,
    "sellingAndMarketingExpenses": 0,
    "sellingGeneralAndAdministrativeExpenses": 779000000,
    "otherExpenses": 393000000,
    "operatingExpenses": 1172000000,
    "costAndExpenses": 4903000000,
    "interestIncome": 9000000,
    "interestExpense": 164000000,
    "depreciationAndAmortization": 343000000,
    "ebitda": 1025000000,
    "ebitdaratio": 0.1808398024,
    "operatingIncome": 765000000,
    "operatingIncomeRatio": 0.1349682428,
    "totalOtherIncomeExpensesNet": -247000000,
    "incomeBeforeTax": 518000000,
    "incomeBeforeTaxRatio": 0.0913902611,
    "incomeTaxExpense": 230000000,
    "netIncome": 257000000,
    "netIncomeRatio": 0.0453422724,
    "eps": 0.61,
    "epsdiluted": 0.61,
    "weightedAverageShsOut": 423100000,
    "weightedAverageShsOutDil": 423100000,
    "link": "https://www.sec.gov/Archives/edgar/data/51434/000119312509103501/0001193125-09-103501-index.htm",
    "finalLink": "https://www.sec.gov/Archives/edgar/data/51434/000119312509103501/d10q.htm"
  },
  {
    "date": "2008-12-31",
    "symbol": "IP",
    "reportedCurrency": "USD",
    "cik": "0000051434",
    "fillingDate": "2009-02-26",
    "acceptedDate": "2009-02-26 13:01:33",
    "calendarYear": "2008",
    "period": "Q4",
    "revenue": 6546000000,
    "costOfRevenue": 5022000000,
    "grossProfit": 1524000000,
    "grossProfitRatio": 0.2328139322,
    "researchAndDevelopmentExpenses": 0,
    "generalAndAdministrativeExpenses": 0,
    "sellingAndMarketingExpenses": 0,
    "sellingGeneralAndAdministrativeExpenses": 833000000,
    "otherExpenses": 428000000,
    "operatingExpenses": 1261000000,
    "costAndExpenses": 6283000000,
    "interestIncome": 0,
    "interestExpense": 266000000,
    "depreciationAndAmortization": 382000000,
    "ebitda": -1270000000,
    "ebitdaratio": -0.1940116101,
    "operatingIncome": 263000000,
    "operatingIncomeRatio": 0.0401772075,
    "totalOtherIncomeExpensesNet": -2181000000,
    "incomeBeforeTax": -1918000000,
    "incomeBeforeTaxRatio": -0.2930033608,
    "incomeTaxExpense": -112000000,
    "netIncome": -1791000000,
    "netIncomeRatio": -0.2736021998,
    "eps": 0,
    "epsdiluted": -4.23,
    "weightedAverageShsOut": 0,
    "weightedAverageShsOutDil": 423100000,
    "link": "https://www.sec.gov/Archives/edgar/data/51434/000119312509038657/0001193125-09-038657-index.htm",
    "finalLink": "https://www.sec.gov/Archives/edgar/data/51434/000119312509038657/d10k.htm"
  },
  {
    "date": "2008-09-30",
    "symbol": "IP",
    "reportedCurrency": "USD",
    "cik": "0000051434",
    "fillingDate": "2008-11-07",
    "acceptedDate": "2008-11-07 14:32:07",
    "calendarYear": "2008",
    "period": "Q3",
    "revenue": 6808000000,
    "costOfRevenue": 5154000000,
    "grossProfit": 1654000000,
    "grossProfitRatio": 0.2429494712,
    "researchAndDevelopmentExpenses": 0,
    "generalAndAdministrativeExpenses": 507000000,
    "sellingAndMarketingExpenses": 376000000,
    "sellingGeneralAndAdministrativeExpenses": 883000000,
    "otherExpenses": 422000000,
    "operatingExpenses": 1305000000,
    "costAndExpenses": 6459000000,
    "interestIncome": 0,
    "interestExpense": 144000000,
    "depreciationAndAmortization": 374000000,
    "ebitda": 783000000,
    "ebitdaratio": 0.1150117509,
    "operatingIncome": 349000000,
    "operatingIncomeRatio": 0.0512632197,
    "totalOtherIncomeExpensesNet": -84000000,
    "incomeBeforeTax": 265000000,
    "incomeBeforeTaxRatio": 0.0389247944,
    "incomeTaxExpense": 118000000,
    "netIncome": 149000000,
    "netIncomeRatio": 0.0218860165,
    "eps": 0.35,
    "epsdiluted": 0.35,
    "weightedAverageShsOut": 425714286,
    "weightedAverageShsOutDil": 425714286,
    "link": "https://www.sec.gov/Archives/edgar/data/51434/000119312508229765/0001193125-08-229765-index.htm",
    "finalLink": "https://www.sec.gov/Archives/edgar/data/51434/000119312508229765/d10q.htm"
  },
  {
    "date": "2008-06-30",
    "symbol": "IP",
    "reportedCurrency": "USD",
    "cik": "0000051434",
    "fillingDate": "2008-08-08",
    "acceptedDate": "2008-08-08 11:10:23",
    "calendarYear": "2008",
    "period": "Q2",
    "revenue": 5807000000,
    "costOfRevenue": 4305000000,
    "grossProfit": 1502000000,
    "grossProfitRatio": 0.2586533494,
    "researchAndDevelopmentExpenses": 0,
    "generalAndAdministrativeExpenses": 459000000,
    "sellingAndMarketingExpenses": 301000000,
    "sellingGeneralAndAdministrativeExpenses": 760000000,
    "otherExpenses": 349000000,
    "operatingExpenses": 1109000000,
    "costAndExpenses": 5414000000,
    "interestIncome": 0,
    "interestExpense": 81000000,
    "depreciationAndAmortization": 305000000,
    "ebitda": 718000000,
    "ebitdaratio": 0.1236438781,
    "operatingIncome": 393000000,
    "operatingIncomeRatio": 0.0676769416,
    "totalOtherIncomeExpensesNet": -61000000,
    "incomeBeforeTax": 332000000,
    "incomeBeforeTaxRatio": 0.0571723782,
    "incomeTaxExpense": 97000000,
    "netIncome": 227000000,
    "netIncomeRatio": 0.0390907525,
    "eps": 0.54,
    "epsdiluted": 0.54,
    "weightedAverageShsOut": 422600000,
    "weightedAverageShsOutDil": 422600000,
    "link": "https://www.sec.gov/Archives/edgar/data/51434/000119312508171333/0001193125-08-171333-index.htm",
    "finalLink": "https://www.sec.gov/Archives/edgar/data/51434/000119312508171333/d10q.htm"
  },
  {
    "date": "2008-03-31",
    "symbol": "IP",
    "reportedCurrency": "USD",
    "cik": "0000051434",
    "fillingDate": "2008-05-09",
    "acceptedDate": "2008-05-09 15:03:50",
    "calendarYear": "2008",
    "period": "Q1",
    "revenue": 5668000000,
    "costOfRevenue": 4261000000,
    "grossProfit": 1407000000,
    "grossProfitRatio": 0.2482357092,
    "researchAndDevelopmentExpenses": 0,
    "generalAndAdministrativeExpenses": 472000000,
    "sellingAndMarketingExpenses": 285000000,
    "sellingGeneralAndAdministrativeExpenses": 757000000,
    "otherExpenses": 329000000,
    "operatingExpenses": 1086000000,
    "costAndExpenses": 5347000000,
    "interestIncome": 18000000,
    "interestExpense": 99000000,
    "depreciationAndAmortization": 286000000,
    "ebitda": 583000000,
    "ebitdaratio": 0.102858151,
    "operatingIncome": 321000000,
    "operatingIncomeRatio": 0.0566337332,
    "totalOtherIncomeExpensesNet": -123000000,
    "incomeBeforeTax": 198000000,
    "incomeBeforeTaxRatio": 0.034932957,
    "incomeTaxExpense": 59000000,
    "netIncome": 133000000,
    "netIncomeRatio": 0.023465067,
    "eps": 0.32,
    "epsdiluted": 0.31,
    "weightedAverageShsOut": 423300000,
    "weightedAverageShsOutDil": 423300000,
    "link": "https://www.sec.gov/Archives/edgar/data/51434/000119312508109590/0001193125-08-109590-index.htm",
    "finalLink": "https://www.sec.gov/Archives/edgar/data/51434/000119312508109590/d10q.htm"
  },
  {
    "date": "2007-12-31",
    "symbol": "IP",
    "reportedCurrency": "USD",
    "cik": "0000051434",
    "fillingDate": "2008-02-29",
    "acceptedDate": "2008-02-29 09:41:47",
    "calendarYear": "2007",
    "period": "Q4",
    "revenue": 5841000000,
    "costOfRevenue": 4242000000,
    "grossProfit": 1599000000,
    "grossProfitRatio": 0.2737544941,
    "researchAndDevelopmentExpenses": 0,
    "generalAndAdministrativeExpenses": 500000000,
    "sellingAndMarketingExpenses": 269000000,
    "sellingGeneralAndAdministrativeExpenses": 769000000,
    "otherExpenses": 316000000,
    "operatingExpenses": 1085000000,
    "costAndExpenses": 5327000000,
    "interestIncome": 0,
    "interestExpense": 79000000,
    "depreciationAndAmortization": 278000000,
    "ebitda": 796000000,
    "ebitdaratio": 0.1362780346,
    "operatingIncome": 514000000,
    "operatingIncomeRatio": 0.0879986304,
    "totalOtherIncomeExpensesNet": -75000000,
    "incomeBeforeTax": 439000000,
    "incomeBeforeTaxRatio": 0.0751583633,
    "incomeTaxExpense": 94000000,
    "netIncome": 327000000,
    "netIncomeRatio": 0.0559835645,
    "eps": 0,
    "epsdiluted": 0.78,
    "weightedAverageShsOut": 0,
    "weightedAverageShsOutDil": 420600000,
    "link": "https://www.sec.gov/Archives/edgar/data/51434/000119312508042850/0001193125-08-042850-index.htm",
    "finalLink": "https://www.sec.gov/Archives/edgar/data/51434/000119312508042850/d10k.htm"
  },
  {
    "date": "2007-09-30",
    "symbol": "IP",
    "reportedCurrency": "USD",
    "cik": "0000051434",
    "fillingDate": "2007-11-07",
    "acceptedDate": "2007-11-07 15:31:14",
    "calendarYear": "2007",
    "period": "Q3",
    "revenue": 5541000000,
    "costOfRevenue": 4086000000,
    "grossProfit": 1455000000,
    "grossProfitRatio": 0.2625879805,
    "researchAndDevelopmentExpenses": 0,
    "generalAndAdministrativeExpenses": 455000000,
    "sellingAndMarketingExpenses": 255000000,
    "sellingGeneralAndAdministrativeExpenses": 710000000,
    "otherExpenses": 319000000,
    "operatingExpenses": 1029000000,
    "costAndExpenses": 5115000000,
    "interestIncome": 0,
    "interestExpense": 77000000,
    "depreciationAndAmortization": 277000000,
    "ebitda": 669000000,
    "ebitdaratio": 0.1207363292,
    "operatingIncome": 426000000,
    "operatingIncomeRatio": 0.0768814293,
    "totalOtherIncomeExpensesNet": -111000000,
    "incomeBeforeTax": 315000000,
    "incomeBeforeTaxRatio": 0.0568489442,
    "incomeTaxExpense": 89000000,
    "netIncome": 217000000,
    "netIncomeRatio": 0.039162606,
    "eps": 0.51,
    "epsdiluted": 0.51,
    "weightedAverageShsOut": 422300000,
    "weightedAverageShsOutDil": 425600000,
    "link": "https://www.sec.gov/Archives/edgar/data/51434/000119312507238365/0001193125-07-238365-index.htm",
    "finalLink": "https://www.sec.gov/Archives/edgar/data/51434/000119312507238365/d10q.htm"
  },
  {
    "date": "2007-06-30",
    "symbol": "IP",
    "reportedCurrency": "USD",
    "cik": "0000051434",
    "fillingDate": "2007-08-08",
    "acceptedDate": "2007-08-08 15:37:58",
    "calendarYear": "2007",
    "period": "Q2",
    "revenue": 5291000000,
    "costOfRevenue": 3881000000,
    "grossProfit": 1410000000,
    "grossProfitRatio": 0.2664902665,
    "researchAndDevelopmentExpenses": 0,
    "generalAndAdministrativeExpenses": 441000000,
    "sellingAndMarketingExpenses": 254000000,
    "sellingGeneralAndAdministrativeExpenses": 695000000,
    "otherExpenses": 316000000,
    "operatingExpenses": 1011000000,
    "costAndExpenses": 4892000000,
    "interestIncome": 0,
    "interestExpense": 80000000,
    "depreciationAndAmortization": 269000000,
    "ebitda": 643000000,
    "ebitdaratio": 0.1215271215,
    "operatingIncome": 399000000,
    "operatingIncomeRatio": 0.0754110754,
    "totalOtherIncomeExpensesNet": -105000000,
    "incomeBeforeTax": 294000000,
    "incomeBeforeTaxRatio": 0.0555660556,
    "incomeTaxExpense": 89000000,
    "netIncome": 190000000,
    "netIncomeRatio": 0.0359100359,
    "eps": 0.88,
    "epsdiluted": 0.44,
    "weightedAverageShsOut": 428000000,
    "weightedAverageShsOutDil": 431200000,
    "link": "https://www.sec.gov/Archives/edgar/data/51434/000119312507175475/0001193125-07-175475-index.htm",
    "finalLink": "https://www.sec.gov/Archives/edgar/data/51434/000119312507175475/d10q.htm"
  },
  {
    "date": "2007-03-31",
    "symbol": "IP",
    "reportedCurrency": "USD",
    "cik": "0000051434",
    "fillingDate": "2007-05-09",
    "acceptedDate": "2007-05-09 15:57:21",
    "calendarYear": "2007",
    "period": "Q1",
    "revenue": 5217000000,
    "costOfRevenue": 3851000000,
    "grossProfit": 1366000000,
    "grossProfitRatio": 0.2618363044,
    "researchAndDevelopmentExpenses": 0,
    "generalAndAdministrativeExpenses": 435000000,
    "sellingAndMarketingExpenses": 256000000,
    "sellingGeneralAndAdministrativeExpenses": 691000000,
    "otherExpenses": 304000000,
    "operatingExpenses": 995000000,
    "costAndExpenses": 4846000000,
    "interestIncome": 0,
    "interestExpense": 61000000,
    "depreciationAndAmortization": 262000000,
    "ebitda": 929000000,
    "ebitdaratio": 0.1780716887,
    "operatingIncome": 371000000,
    "operatingIncomeRatio": 0.0711136669,
    "totalOtherIncomeExpensesNet": 235000000,
    "incomeBeforeTax": 606000000,
    "incomeBeforeTaxRatio": 0.1161587119,
    "incomeTaxExpense": 143000000,
    "netIncome": 434000000,
    "netIncomeRatio": 0.0831895726,
    "eps": 0.98,
    "epsdiluted": 0.97,
    "weightedAverageShsOut": 445300000,
    "weightedAverageShsOutDil": 448400000,
    "link": "https://www.sec.gov/Archives/edgar/data/51434/000119312507108163/0001193125-07-108163-index.htm",
    "finalLink": "https://www.sec.gov/Archives/edgar/data/51434/000119312507108163/d10q.htm"
  },
  {
    "date": "2006-12-31",
    "symbol": "IP",
    "reportedCurrency": "USD",
    "cik": "0000051434",
    "fillingDate": "2007-02-28",
    "acceptedDate": "2007-02-28 16:55:58",
    "calendarYear": "2006",
    "period": "Q4",
    "revenue": 3888000000,
    "costOfRevenue": 2735000000,
    "grossProfit": 1153000000,
    "grossProfitRatio": 0.2965534979,
    "researchAndDevelopmentExpenses": 0,
    "generalAndAdministrativeExpenses": 417000000,
    "sellingAndMarketingExpenses": 170000000,
    "sellingGeneralAndAdministrativeExpenses": 587000000,
    "otherExpenses": 258000000,
    "operatingExpenses": 845000000,
    "costAndExpenses": 3580000000,
    "interestIncome": 0,
    "interestExpense": 80000000,
    "depreciationAndAmortization": 214000000,
    "ebitda": 4201000000,
    "ebitdaratio": 1.0805041152,
    "operatingIncome": 308000000,
    "operatingIncomeRatio": 0.079218107,
    "totalOtherIncomeExpensesNet": 3599000000,
    "incomeBeforeTax": 3907000000,
    "incomeBeforeTaxRatio": 1.0048868313,
    "incomeTaxExpense": 1662000000,
    "netIncome": 1971000000,
    "netIncomeRatio": 0.5069444444,
    "eps": 0,
    "epsdiluted": 4.43,
    "weightedAverageShsOut": 0,
    "weightedAverageShsOutDil": 445300000,
    "link": "https://www.sec.gov/Archives/edgar/data/51434/000119312507042746/0001193125-07-042746-index.htm",
    "finalLink": "https://www.sec.gov/Archives/edgar/data/51434/000119312507042746/d10k.htm"
  },
  {
    "date": "2006-09-30",
    "symbol": "IP",
    "reportedCurrency": "USD",
    "cik": "0000051434",
    "fillingDate": "2006-11-08",
    "acceptedDate": "2006-11-08 16:11:02",
    "calendarYear": "2006",
    "period": "Q3",
    "revenue": 5429000000,
    "costOfRevenue": 3906000000,
    "grossProfit": 1523000000,
    "grossProfitRatio": 0.2805304844,
    "researchAndDevelopmentExpenses": 0,
    "generalAndAdministrativeExpenses": 465000000,
    "sellingAndMarketingExpenses": 267000000,
    "sellingGeneralAndAdministrativeExpenses": 732000000,
    "otherExpenses": 339000000,
    "operatingExpenses": 1071000000,
    "costAndExpenses": 4977000000,
    "interestIncome": 0,
    "interestExpense": 144000000,
    "depreciationAndAmortization": 287000000,
    "ebitda": 1025000000,
    "ebitdaratio": 0.1888008841,
    "operatingIncome": 452000000,
    "operatingIncomeRatio": 0.083256585,
    "totalOtherIncomeExpensesNet": 142000000,
    "incomeBeforeTax": 594000000,
    "incomeBeforeTaxRatio": 0.1094124148,
    "incomeTaxExpense": 204000000,
    "netIncome": 224000000,
    "netIncomeRatio": 0.0412599005,
    "eps": 0.47,
    "epsdiluted": 0.41,
    "weightedAverageShsOut": 482500000,
    "weightedAverageShsOutDil": 484900000,
    "link": "https://www.sec.gov/Archives/edgar/data/51434/000119312506228340/0001193125-06-228340-index.htm",
    "finalLink": "https://www.sec.gov/Archives/edgar/data/51434/000119312506228340/d10q.htm"
  },
  {
    "date": "2006-06-30",
    "symbol": "IP",
    "reportedCurrency": "USD",
    "cik": "0000051434",
    "fillingDate": "2006-08-07",
    "acceptedDate": "2006-08-07 17:25:29",
    "calendarYear": "2006",
    "period": "Q2",
    "revenue": 5716000000,
    "costOfRevenue": 4271000000,
    "grossProfit": 1445000000,
    "grossProfitRatio": 0.2527991603,
    "researchAndDevelopmentExpenses": 0,
    "generalAndAdministrativeExpenses": 457000000,
    "sellingAndMarketingExpenses": 276000000,
    "sellingGeneralAndAdministrativeExpenses": 733000000,
    "otherExpenses": 337000000,
    "operatingExpenses": 1070000000,
    "costAndExpenses": 5341000000,
    "interestIncome": 0,
    "interestExpense": 148000000,
    "depreciationAndAmortization": 282000000,
    "ebitda": 529000000,
    "ebitdaratio": 0.0925472358,
    "operatingIncome": 375000000,
    "operatingIncomeRatio": 0.0656053184,
    "totalOtherIncomeExpensesNet": -276000000,
    "incomeBeforeTax": 99000000,
    "incomeBeforeTaxRatio": 0.0173198041,
    "incomeTaxExpense": 33000000,
    "netIncome": 83000000,
    "netIncomeRatio": 0.0145206438,
    "eps": 0.17,
    "epsdiluted": 0.24,
    "weightedAverageShsOut": 486900000,
    "weightedAverageShsOutDil": 487200000,
    "link": "https://www.sec.gov/Archives/edgar/data/51434/000119312506163972/0001193125-06-163972-index.htm",
    "finalLink": "https://www.sec.gov/Archives/edgar/data/51434/000119312506163972/d10q.htm"
  },
  {
    "date": "2006-03-31",
    "symbol": "IP",
    "reportedCurrency": "USD",
    "cik": "0000051434",
    "fillingDate": "2006-05-09",
    "acceptedDate": "2006-05-09 17:11:24",
    "calendarYear": "2006",
    "period": "Q1",
    "revenue": 5526000000,
    "costOfRevenue": 4168000000,
    "grossProfit": 1358000000,
    "grossProfitRatio": 0.245747376,
    "researchAndDevelopmentExpenses": 0,
    "generalAndAdministrativeExpenses": 472000000,
    "sellingAndMarketingExpenses": 285000000,
    "sellingGeneralAndAdministrativeExpenses": 757000000,
    "otherExpenses": 367000000,
    "operatingExpenses": 1124000000,
    "costAndExpenses": 5292000000,
    "interestIncome": 0,
    "interestExpense": 149000000,
    "depreciationAndAmortization": 314000000,
    "ebitda": -760000000,
    "ebitdaratio": -0.1375316685,
    "operatingIncome": 234000000,
    "operatingIncomeRatio": 0.0423452769,
    "totalOtherIncomeExpensesNet": -1457000000,
    "incomeBeforeTax": -1223000000,
    "incomeBeforeTaxRatio": -0.2213174086,
    "incomeTaxExpense": -16000000,
    "netIncome": -1236000000,
    "netIncomeRatio": -0.223669924,
    "eps": -2.54,
    "epsdiluted": -2.54,
    "weightedAverageShsOut": 486300000,
    "weightedAverageShsOutDil": 486300000,
    "link": "https://www.sec.gov/Archives/edgar/data/51434/000119312506105632/0001193125-06-105632-index.htm",
    "finalLink": "https://www.sec.gov/Archives/edgar/data/51434/000119312506105632/d10q.htm"
  },
  {
    "date": "2005-12-31",
    "symbol": "IP",
    "reportedCurrency": "USD",
    "cik": "0000051434",
    "fillingDate": "2006-03-06",
    "acceptedDate": "2006-03-06 17:08:36",
    "calendarYear": "2005",
    "period": "Q4",
    "revenue": 6134000000,
    "costOfRevenue": 4726000000,
    "grossProfit": 1408000000,
    "grossProfitRatio": 0.2295402674,
    "researchAndDevelopmentExpenses": 0,
    "generalAndAdministrativeExpenses": 456000000,
    "sellingAndMarketingExpenses": 305000000,
    "sellingGeneralAndAdministrativeExpenses": 761000000,
    "otherExpenses": 418000000,
    "operatingExpenses": 1179000000,
    "costAndExpenses": 5905000000,
    "interestIncome": 0,
    "interestExpense": 151000000,
    "depreciationAndAmortization": 361000000,
    "ebitda": 347000000,
    "ebitdaratio": 0.0565699381,
    "operatingIncome": 229000000,
    "operatingIncomeRatio": 0.0373328986,
    "totalOtherIncomeExpensesNet": -394000000,
    "incomeBeforeTax": -165000000,
    "incomeBeforeTaxRatio": -0.0268992501,
    "incomeTaxExpense": -87000000,
    "netIncome": -77000000,
    "netIncomeRatio": -0.0125529834,
    "eps": 0,
    "epsdiluted": -0.16,
    "weightedAverageShsOut": 0,
    "weightedAverageShsOutDil": 486300000,
    "link": "https://www.sec.gov/Archives/edgar/data/51434/000119312506046215/0001193125-06-046215-index.htm",
    "finalLink": "https://www.sec.gov/Archives/edgar/data/51434/000119312506046215/d10k.htm"
  },
  {
    "date": "2005-09-30",
    "symbol": "IP",
    "reportedCurrency": "USD",
    "cik": "0000051434",
    "fillingDate": "2005-11-08",
    "acceptedDate": "2005-11-08 17:26:14",
    "calendarYear": "2005",
    "period": "Q3",
    "revenue": 5925000000,
    "costOfRevenue": 4444000000,
    "grossProfit": 1481000000,
    "grossProfitRatio": 0.2499578059,
    "researchAndDevelopmentExpenses": 0,
    "generalAndAdministrativeExpenses": 459000000,
    "sellingAndMarketingExpenses": 261000000,
    "sellingGeneralAndAdministrativeExpenses": 720000000,
    "otherExpenses": 397000000,
    "operatingExpenses": 1117000000,
    "costAndExpenses": 5561000000,
    "interestIncome": 0,
    "interestExpense": 121000000,
    "depreciationAndAmortization": 332000000,
    "ebitda": 819000000,
    "ebitdaratio": 0.1382278481,
    "operatingIncome": 364000000,
    "operatingIncomeRatio": 0.0614345992,
    "totalOtherIncomeExpensesNet": -5000000,
    "incomeBeforeTax": 359000000,
    "incomeBeforeTaxRatio": 0.0605907173,
    "incomeTaxExpense": -377000000,
    "netIncome": 1023000000,
    "netIncomeRatio": 0.1726582278,
    "eps": 2.1,
    "epsdiluted": 2.02,
    "weightedAverageShsOut": 486000000,
    "weightedAverageShsOutDil": 507100000,
    "link": "https://www.sec.gov/Archives/edgar/data/51434/000119312505219967/0001193125-05-219967-index.htm",
    "finalLink": "https://www.sec.gov/Archives/edgar/data/51434/000119312505219967/d10q.htm"
  },
  {
    "date": "2005-06-30",
    "symbol": "IP",
    "reportedCurrency": "USD",
    "cik": "0000051434",
    "fillingDate": "2005-08-05",
    "acceptedDate": "2005-08-05 16:27:15",
    "calendarYear": "2005",
    "period": "Q2",
    "revenue": 5860000000,
    "costOfRevenue": 4359000000,
    "grossProfit": 1501000000,
    "grossProfitRatio": 0.2561433447,
    "researchAndDevelopmentExpenses": 0,
    "generalAndAdministrativeExpenses": 462000000,
    "sellingAndMarketingExpenses": 259000000,
    "sellingGeneralAndAdministrativeExpenses": 721000000,
    "otherExpenses": 388000000,
    "operatingExpenses": 1109000000,
    "costAndExpenses": 5468000000,
    "interestIncome": 0,
    "interestExpense": 155000000,
    "depreciationAndAmortization": 357000000,
    "ebitda": 772000000,
    "ebitdaratio": 0.1317406143,
    "operatingIncome": 392000000,
    "operatingIncomeRatio": 0.066894198,
    "totalOtherIncomeExpensesNet": -132000000,
    "incomeBeforeTax": 260000000,
    "incomeBeforeTaxRatio": 0.0443686007,
    "incomeTaxExpense": 166000000,
    "netIncome": 77000000,
    "netIncomeRatio": 0.0131399317,
    "eps": 0.16,
    "epsdiluted": 0.16,
    "weightedAverageShsOut": 485900000,
    "weightedAverageShsOutDil": 487400000,
    "link": "https://www.sec.gov/Archives/edgar/data/51434/000119312505159134/0001193125-05-159134-index.htm",
    "finalLink": "https://www.sec.gov/Archives/edgar/data/51434/000119312505159134/d10q.htm"
  },
  {
    "date": "2005-03-31",
    "symbol": "IP",
    "reportedCurrency": "USD",
    "cik": "0000051434",
    "fillingDate": "2005-05-06",
    "acceptedDate": "2005-05-05 21:11:30",
    "calendarYear": "2005",
    "period": "Q1",
    "revenue": 5593000000,
    "costOfRevenue": 4107000000,
    "grossProfit": 1486000000,
    "grossProfitRatio": 0.2656892544,
    "researchAndDevelopmentExpenses": 0,
    "generalAndAdministrativeExpenses": 494000000,
    "sellingAndMarketingExpenses": 245000000,
    "sellingGeneralAndAdministrativeExpenses": 739000000,
    "otherExpenses": 374000000,
    "operatingExpenses": 1113000000,
    "costAndExpenses": 5220000000,
    "interestIncome": 0,
    "interestExpense": 168000000,
    "depreciationAndAmortization": 316000000,
    "ebitda": 586000000,
    "ebitdaratio": 0.1047738244,
    "operatingIncome": 373000000,
    "operatingIncomeRatio": 0.066690506,
    "totalOtherIncomeExpensesNet": -271000000,
    "incomeBeforeTax": 102000000,
    "incomeBeforeTaxRatio": 0.0182370821,
    "incomeTaxExpense": 2000000,
    "netIncome": 77000000,
    "netIncomeRatio": 0.013767209,
    "eps": 0.16,
    "epsdiluted": 0.16,
    "weightedAverageShsOut": 486100000,
    "weightedAverageShsOutDil": 488900000,
    "link": "https://www.sec.gov/Archives/edgar/data/51434/000119312505097937/0001193125-05-097937-index.htm",
    "finalLink": "https://www.sec.gov/Archives/edgar/data/51434/000119312505097937/d10q.htm"
  },
  {
    "date": "2004-12-31",
    "symbol": "IP",
    "reportedCurrency": "USD",
    "cik": "0000051434",
    "fillingDate": "2005-03-10",
    "acceptedDate": "2005-03-10 17:28:05",
    "calendarYear": "2004",
    "period": "Q4",
    "revenue": 6603000000,
    "costOfRevenue": 4888000000,
    "grossProfit": 1715000000,
    "grossProfitRatio": 0.2597304256,
    "researchAndDevelopmentExpenses": 0,
    "generalAndAdministrativeExpenses": 533000000,
    "sellingAndMarketingExpenses": 268000000,
    "sellingGeneralAndAdministrativeExpenses": 801000000,
    "otherExpenses": 470000000,
    "operatingExpenses": 1271000000,
    "costAndExpenses": 6159000000,
    "interestIncome": 0,
    "interestExpense": 175000000,
    "depreciationAndAmortization": 411000000,
    "ebitda": 794000000,
    "ebitdaratio": 0.120248372,
    "operatingIncome": 444000000,
    "operatingIncomeRatio": 0.0672421627,
    "totalOtherIncomeExpensesNet": -236000000,
    "incomeBeforeTax": 208000000,
    "incomeBeforeTaxRatio": 0.031500833,
    "incomeTaxExpense": 38000000,
    "netIncome": 248000000,
    "netIncomeRatio": 0.0375586854,
    "eps": 0,
    "epsdiluted": 0.51,
    "weightedAverageShsOut": 0,
    "weightedAverageShsOutDil": 486100000,
    "link": "https://www.sec.gov/Archives/edgar/data/51434/000095011705000925/0000950117-05-000925-index.htm",
    "finalLink": "https://www.sec.gov/Archives/edgar/data/51434/000095011705000925/a39372.htm"
  },
  {
    "date": "2004-09-30",
    "symbol": "IP",
    "reportedCurrency": "USD",
    "cik": "0000051434",
    "fillingDate": "2004-11-09",
    "acceptedDate": "2004-11-09 09:55:00",
    "calendarYear": "2004",
    "period": "Q3",
    "revenue": 6016000000,
    "costOfRevenue": 4412000000,
    "grossProfit": 1604000000,
    "grossProfitRatio": 0.2666223404,
    "researchAndDevelopmentExpenses": 0,
    "generalAndAdministrativeExpenses": 471000000,
    "sellingAndMarketingExpenses": 260000000,
    "sellingGeneralAndAdministrativeExpenses": 731000000,
    "otherExpenses": 405000000,
    "operatingExpenses": 1136000000,
    "costAndExpenses": 5548000000,
    "interestIncome": 0,
    "interestExpense": 180000000,
    "depreciationAndAmortization": 250000000,
    "ebitda": 859000000,
    "ebitdaratio": 0.1427859043,
    "operatingIncome": 468000000,
    "operatingIncomeRatio": 0.0777925532,
    "totalOtherIncomeExpensesNet": -135000000,
    "incomeBeforeTax": 333000000,
    "incomeBeforeTaxRatio": 0.0553523936,
    "incomeTaxExpense": 113000000,
    "netIncome": -470000000,
    "netIncomeRatio": -0.078125,
    "eps": -0.97,
    "epsdiluted": -1.08,
    "weightedAverageShsOut": 486400000,
    "weightedAverageShsOutDil": 509000000,
    "link": "https://www.sec.gov/Archives/edgar/data/51434/000095011704003847/0000950117-04-003847-index.htm",
    "finalLink": "https://www.sec.gov/Archives/edgar/data/51434/000095011704003847/a38649.htm"
  },
  {
    "date": "2004-06-30",
    "symbol": "IP",
    "reportedCurrency": "USD",
    "cik": "0000051434",
    "fillingDate": "2004-08-06",
    "acceptedDate": "2004-08-06 17:12:04",
    "calendarYear": "2004",
    "period": "Q2",
    "revenue": 6229000000,
    "costOfRevenue": 4630000000,
    "grossProfit": 1599000000,
    "grossProfitRatio": 0.2567025205,
    "researchAndDevelopmentExpenses": 0,
    "generalAndAdministrativeExpenses": 472000000,
    "sellingAndMarketingExpenses": 260000000,
    "sellingGeneralAndAdministrativeExpenses": 732000000,
    "otherExpenses": 435000000,
    "operatingExpenses": 1167000000,
    "costAndExpenses": 5797000000,
    "interestIncome": 0,
    "interestExpense": 184000000,
    "depreciationAndAmortization": 375000000,
    "ebitda": 669000000,
    "ebitdaratio": 0.1074008669,
    "operatingIncome": 432000000,
    "operatingIncomeRatio": 0.0693530262,
    "totalOtherIncomeExpensesNet": -322000000,
    "incomeBeforeTax": 110000000,
    "incomeBeforeTaxRatio": 0.0176593354,
    "incomeTaxExpense": 15000000,
    "netIncome": 193000000,
    "netIncomeRatio": 0.0309841066,
    "eps": 0.4,
    "epsdiluted": 0.4,
    "weightedAverageShsOut": 485600000,
    "weightedAverageShsOutDil": 488200000,
    "link": "https://www.sec.gov/Archives/edgar/data/51434/000095011704002858/0000950117-04-002858-index.htm",
    "finalLink": "https://www.sec.gov/Archives/edgar/data/51434/000095011704002858/a38134.htm"
  },
  {
    "date": "2004-03-31",
    "symbol": "IP",
    "reportedCurrency": "USD",
    "cik": "0000051434",
    "fillingDate": "2004-05-06",
    "acceptedDate": "2004-05-06 17:20:31",
    "calendarYear": "2004",
    "period": "Q1",
    "revenue": 6138000000,
    "costOfRevenue": 4620000000,
    "grossProfit": 1518000000,
    "grossProfitRatio": 0.247311828,
    "researchAndDevelopmentExpenses": 0,
    "generalAndAdministrativeExpenses": 514000000,
    "sellingAndMarketingExpenses": 258000000,
    "sellingGeneralAndAdministrativeExpenses": 772000000,
    "otherExpenses": 440000000,
    "operatingExpenses": 1212000000,
    "costAndExpenses": 5832000000,
    "interestIncome": 0,
    "interestExpense": 196000000,
    "depreciationAndAmortization": 378000000,
    "ebitda": 670000000,
    "ebitdaratio": 0.1091560769,
    "operatingIncome": 306000000,
    "operatingIncomeRatio": 0.0498533724,
    "totalOtherIncomeExpensesNet": -210000000,
    "incomeBeforeTax": 96000000,
    "incomeBeforeTaxRatio": 0.0156402737,
    "incomeTaxExpense": 31000000,
    "netIncome": 51000000,
    "netIncomeRatio": 0.0083088954,
    "eps": 0.15,
    "epsdiluted": 0.15,
    "weightedAverageShsOut": 484400000,
    "weightedAverageShsOutDil": 487400000,
    "link": "https://www.sec.gov/Archives/edgar/data/51434/000095011704001767/0000950117-04-001767-index.htm",
    "finalLink": "https://www.sec.gov/Archives/edgar/data/51434/000095011704001767/a37626.txt"
  },
  {
    "date": "2003-12-31",
    "symbol": "IP",
    "reportedCurrency": "USD",
    "cik": "0000051434",
    "fillingDate": "2004-03-12",
    "acceptedDate": "2004-03-12 12:57:19",
    "calendarYear": "2003",
    "period": "Q4",
    "revenue": 6467000000,
    "costOfRevenue": 4879000000,
    "grossProfit": 1588000000,
    "grossProfitRatio": 0.2455543529,
    "researchAndDevelopmentExpenses": 0,
    "generalAndAdministrativeExpenses": 508000000,
    "sellingAndMarketingExpenses": 282000000,
    "sellingGeneralAndAdministrativeExpenses": 790000000,
    "otherExpenses": 473000000,
    "operatingExpenses": 1263000000,
    "costAndExpenses": 6142000000,
    "interestIncome": 0,
    "interestExpense": 185000000,
    "depreciationAndAmortization": 418000000,
    "ebitda": 644000000,
    "ebitdaratio": 0.0995824957,
    "operatingIncome": 325000000,
    "operatingIncomeRatio": 0.0502551415,
    "totalOtherIncomeExpensesNet": -284000000,
    "incomeBeforeTax": 41000000,
    "incomeBeforeTaxRatio": 0.0063398794,
    "incomeTaxExpense": -34000000,
    "netIncome": 51000000,
    "netIncomeRatio": 0.0078861914,
    "eps": 0,
    "epsdiluted": 0.11,
    "weightedAverageShsOut": 0,
    "weightedAverageShsOutDil": 484400000,
    "link": "https://www.sec.gov/Archives/edgar/data/51434/000095011704000964/0000950117-04-000964-index.htm",
    "finalLink": "https://www.sec.gov/Archives/edgar/data/51434/000095011704000964/a37221.txt"
  },
  {
    "date": "2003-09-30",
    "symbol": "IP",
    "reportedCurrency": "USD",
    "cik": "0000051434",
    "fillingDate": "2003-11-13",
    "acceptedDate": "2003-11-13 13:43:47",
    "calendarYear": "2003",
    "period": "Q3",
    "revenue": 6053000000,
    "costOfRevenue": 4517000000,
    "grossProfit": 1536000000,
    "grossProfitRatio": 0.2537584669,
    "researchAndDevelopmentExpenses": 0,
    "generalAndAdministrativeExpenses": 491000000,
    "sellingAndMarketingExpenses": 242000000,
    "sellingGeneralAndAdministrativeExpenses": 733000000,
    "otherExpenses": 448000000,
    "operatingExpenses": 1181000000,
    "costAndExpenses": 5698000000,
    "interestIncome": 0,
    "interestExpense": 204000000,
    "depreciationAndAmortization": 348000000,
    "ebitda": 657000000,
    "ebitdaratio": 0.1085412192,
    "operatingIncome": 355000000,
    "operatingIncomeRatio": 0.058648604,
    "totalOtherIncomeExpensesNet": -290000000,
    "incomeBeforeTax": 65000000,
    "incomeBeforeTaxRatio": 0.0107384768,
    "incomeTaxExpense": -66000000,
    "netIncome": 122000000,
    "netIncomeRatio": 0.0201552949,
    "eps": 0.25,
    "epsdiluted": 0.25,
    "weightedAverageShsOut": 479800000,
    "weightedAverageShsOutDil": 481800000,
    "link": "https://www.sec.gov/Archives/edgar/data/51434/000095011703004825/0000950117-03-004825-index.htm",
    "finalLink": "https://www.sec.gov/Archives/edgar/data/51434/000095011703004825/a36454.txt"
  },
  {
    "date": "2003-06-30",
    "symbol": "IP",
    "reportedCurrency": "USD",
    "cik": "0000051434",
    "fillingDate": "2003-08-14",
    "acceptedDate": "2003-08-14 13:22:01",
    "calendarYear": "2003",
    "period": "Q2",
    "revenue": 6158000000,
    "costOfRevenue": 4585000000,
    "grossProfit": 1573000000,
    "grossProfitRatio": 0.2554400779,
    "researchAndDevelopmentExpenses": 0,
    "generalAndAdministrativeExpenses": 470000000,
    "sellingAndMarketingExpenses": 275000000,
    "sellingGeneralAndAdministrativeExpenses": 745000000,
    "otherExpenses": 472000000,
    "operatingExpenses": 1217000000,
    "costAndExpenses": 5802000000,
    "interestIncome": 0,
    "interestExpense": 194000000,
    "depreciationAndAmortization": 407000000,
    "ebitda": 681000000,
    "ebitdaratio": 0.1105878532,
    "operatingIncome": 356000000,
    "operatingIncomeRatio": 0.0578109776,
    "totalOtherIncomeExpensesNet": -276000000,
    "incomeBeforeTax": 80000000,
    "incomeBeforeTaxRatio": 0.0129912309,
    "incomeTaxExpense": -40000000,
    "netIncome": 88000000,
    "netIncomeRatio": 0.014290354,
    "eps": 0.19,
    "epsdiluted": 0.18,
    "weightedAverageShsOut": 479000000,
    "weightedAverageShsOutDil": 479000000,
    "link": "https://www.sec.gov/Archives/edgar/data/51434/000095011703003610/0000950117-03-003610-index.htm",
    "finalLink": "https://www.sec.gov/Archives/edgar/data/51434/000095011703003610/a35911.txt"
  },
  {
    "date": "2003-03-31",
    "symbol": "IP",
    "reportedCurrency": "USD",
    "cik": "0000051434",
    "fillingDate": "2003-05-14",
    "acceptedDate": "2003-05-14 16:30:26",
    "calendarYear": "2003",
    "period": "Q1",
    "revenue": 5979000000,
    "costOfRevenue": 4433000000,
    "grossProfit": 1546000000,
    "grossProfitRatio": 0.2585716675,
    "researchAndDevelopmentExpenses": 0,
    "generalAndAdministrativeExpenses": 491000000,
    "sellingAndMarketingExpenses": 266000000,
    "sellingGeneralAndAdministrativeExpenses": 757000000,
    "otherExpenses": 457000000,
    "operatingExpenses": 1214000000,
    "costAndExpenses": 5647000000,
    "interestIncome": 0,
    "interestExpense": 184000000,
    "depreciationAndAmortization": 393000000,
    "ebitda": 702000000,
    "ebitdaratio": 0.1174109383,
    "operatingIncome": 332000000,
    "operatingIncomeRatio": 0.0555276802,
    "totalOtherIncomeExpensesNet": -207000000,
    "incomeBeforeTax": 125000000,
    "incomeBeforeTaxRatio": 0.0209065061,
    "incomeTaxExpense": 37000000,
    "netIncome": 44000000,
    "netIncomeRatio": 0.0073590901,
    "eps": 0.09,
    "epsdiluted": 0.11,
    "weightedAverageShsOut": 479000000,
    "weightedAverageShsOutDil": 480100000,
    "link": "https://www.sec.gov/Archives/edgar/data/51434/000095011703002089/0000950117-03-002089-index.htm",
    "finalLink": "https://www.sec.gov/Archives/edgar/data/51434/000095011703002089/a35274.txt"
  },
  {
    "date": "2002-12-31",
    "symbol": "IP",
    "reportedCurrency": "USD",
    "cik": "0000051434",
    "fillingDate": "2003-02-28",
    "acceptedDate": "2003-02-28 16:34:28",
    "calendarYear": "2002",
    "period": "Q4",
    "revenue": 6290000000,
    "costOfRevenue": 4592000000,
    "grossProfit": 1698000000,
    "grossProfitRatio": 0.2699523052,
    "researchAndDevelopmentExpenses": 0,
    "generalAndAdministrativeExpenses": 530000000,
    "sellingAndMarketingExpenses": 277000000,
    "sellingGeneralAndAdministrativeExpenses": 807000000,
    "otherExpenses": 441000000,
    "operatingExpenses": 1248000000,
    "costAndExpenses": 5840000000,
    "interestIncome": 0,
    "interestExpense": 193000000,
    "depreciationAndAmortization": 393000000,
    "ebitda": 314000000,
    "ebitdaratio": 0.0499205087,
    "operatingIncome": 450000000,
    "operatingIncomeRatio": 0.0715421304,
    "totalOtherIncomeExpensesNet": -722000000,
    "incomeBeforeTax": -272000000,
    "incomeBeforeTaxRatio": -0.0432432432,
    "incomeTaxExpense": -172000000,
    "netIncome": -130000000,
    "netIncomeRatio": -0.0206677266,
    "eps": 0,
    "epsdiluted": -0.27,
    "weightedAverageShsOut": 0,
    "weightedAverageShsOutDil": 479000000,
    "link": "https://www.sec.gov/Archives/edgar/data/51434/000095011703000884/0000950117-03-000884-index.htm",
    "finalLink": "https://www.sec.gov/Archives/edgar/data/51434/000095011703000884/a34643.txt"
  },
  {
    "date": "2002-09-30",
    "symbol": "IP",
    "reportedCurrency": "USD",
    "cik": "0000051434",
    "fillingDate": "2002-11-13",
    "acceptedDate": "2002-11-13 12:11:57",
    "calendarYear": "2002",
    "period": "Q3",
    "revenue": 6343000000,
    "costOfRevenue": 4611000000,
    "grossProfit": 1732000000,
    "grossProfitRatio": 0.2730569131,
    "researchAndDevelopmentExpenses": 0,
    "generalAndAdministrativeExpenses": 509000000,
    "sellingAndMarketingExpenses": 281000000,
    "sellingGeneralAndAdministrativeExpenses": 790000000,
    "otherExpenses": 472000000,
    "operatingExpenses": 1262000000,
    "costAndExpenses": 5873000000,
    "interestIncome": 0,
    "interestExpense": 186000000,
    "depreciationAndAmortization": 407000000,
    "ebitda": 861000000,
    "ebitdaratio": 0.135740186,
    "operatingIncome": 470000000,
    "operatingIncomeRatio": 0.0740974302,
    "totalOtherIncomeExpensesNet": -202000000,
    "incomeBeforeTax": 268000000,
    "incomeBeforeTaxRatio": 0.0422513006,
    "incomeTaxExpense": 85000000,
    "netIncome": 145000000,
    "netIncomeRatio": 0.0228598455,
    "eps": 0.3,
    "epsdiluted": 0.3,
    "weightedAverageShsOut": 481100000,
    "weightedAverageShsOutDil": 481100000,
    "link": "https://www.sec.gov/Archives/edgar/data/51434/000095011702002661/0000950117-02-002661-index.htm",
    "finalLink": "https://www.sec.gov/Archives/edgar/data/51434/000095011702002661/a33699.txt"
  },
  {
    "date": "2002-06-30",
    "symbol": "IP",
    "reportedCurrency": "USD",
    "cik": "0000051434",
    "fillingDate": "2002-08-13",
    "acceptedDate": "2002-08-13 13:49:44",
    "calendarYear": "2002",
    "period": "Q2",
    "revenue": 6305000000,
    "costOfRevenue": 4588000000,
    "grossProfit": 1717000000,
    "grossProfitRatio": 0.2723235527,
    "researchAndDevelopmentExpenses": 0,
    "generalAndAdministrativeExpenses": 492000000,
    "sellingAndMarketingExpenses": 269000000,
    "sellingGeneralAndAdministrativeExpenses": 761000000,
    "otherExpenses": 470000000,
    "operatingExpenses": 1231000000,
    "costAndExpenses": 5819000000,
    "interestIncome": 0,
    "interestExpense": 199000000,
    "depreciationAndAmortization": 405000000,
    "ebitda": 840000000,
    "ebitdaratio": 0.1332275971,
    "operatingIncome": 486000000,
    "operatingIncomeRatio": 0.0770816812,
    "totalOtherIncomeExpensesNet": -250000000,
    "incomeBeforeTax": 236000000,
    "incomeBeforeTaxRatio": 0.0374306106,
    "incomeTaxExpense": -10000000,
    "netIncome": 215000000,
    "netIncomeRatio": 0.0340999207,
    "eps": 0.45,
    "epsdiluted": 0.44,
    "weightedAverageShsOut": 482700000,
    "weightedAverageShsOutDil": 484700000,
    "link": "https://www.sec.gov/Archives/edgar/data/51434/000095011702001859/0000950117-02-001859-index.htm",
    "finalLink": "https://www.sec.gov/Archives/edgar/data/51434/000095011702001859/a33141.txt"
  },
  {
    "date": "2002-03-31",
    "symbol": "IP",
    "reportedCurrency": "USD",
    "cik": "0000051434",
    "fillingDate": "2002-05-08",
    "acceptedDate": "2002-05-08 15:41:30",
    "calendarYear": "2002",
    "period": "Q1",
    "revenue": 6038000000,
    "costOfRevenue": 4465000000,
    "grossProfit": 1573000000,
    "grossProfitRatio": 0.2605167274,
    "researchAndDevelopmentExpenses": 0,
    "generalAndAdministrativeExpenses": 515000000,
    "sellingAndMarketingExpenses": 271000000,
    "sellingGeneralAndAdministrativeExpenses": 786000000,
    "otherExpenses": 453000000,
    "operatingExpenses": 1239000000,
    "costAndExpenses": 5704000000,
    "interestIncome": 0,
    "interestExpense": 205000000,
    "depreciationAndAmortization": 382000000,
    "ebitda": 726000000,
    "ebitdaratio": 0.1202384896,
    "operatingIncome": 334000000,
    "operatingIncomeRatio": 0.0553163299,
    "totalOtherIncomeExpensesNet": -195000000,
    "incomeBeforeTax": 139000000,
    "incomeBeforeTaxRatio": 0.0230208678,
    "incomeTaxExpense": 43000000,
    "netIncome": 65000000,
    "netIncomeRatio": 0.010765154,
    "eps": -2.31,
    "epsdiluted": 0.13,
    "weightedAverageShsOut": 482300000,
    "weightedAverageShsOutDil": 484300000,
    "link": "https://www.sec.gov/Archives/edgar/data/51434/000095011702001118/0000950117-02-001118-index.htm",
    "finalLink": "https://www.sec.gov/Archives/edgar/data/51434/000095011702001118/a32619.txt"
  },
  {
    "date": "2001-12-31",
    "symbol": "IP",
    "reportedCurrency": "USD",
    "cik": "0000051434",
    "fillingDate": "2002-03-18",
    "acceptedDate": "2002-03-18 00:00:00",
    "calendarYear": "2001",
    "period": "Q4",
    "revenue": 6254000000,
    "costOfRevenue": 4568000000,
    "grossProfit": 1686000000,
    "grossProfitRatio": 0.269587464,
    "researchAndDevelopmentExpenses": 0,
    "generalAndAdministrativeExpenses": 583000000,
    "sellingAndMarketingExpenses": 265000000,
    "sellingGeneralAndAdministrativeExpenses": 848000000,
    "otherExpenses": 515000000,
    "operatingExpenses": 1363000000,
    "costAndExpenses": 5931000000,
    "interestIncome": 0,
    "interestExpense": 211000000,
    "depreciationAndAmortization": 463000000,
    "ebitda": 41000000,
    "ebitdaratio": 0.0065558043,
    "operatingIncome": 323000000,
    "operatingIncomeRatio": 0.051646946,
    "totalOtherIncomeExpensesNet": -956000000,
    "incomeBeforeTax": -633000000,
    "incomeBeforeTaxRatio": -0.1012152223,
    "incomeTaxExpense": -96000000,
    "netIncome": -572000000,
    "netIncomeRatio": -0.0914614647,
    "eps": 0,
    "epsdiluted": -1.19,
    "weightedAverageShsOut": 0,
    "weightedAverageShsOutDil": 482300000,
    "link": "https://www.sec.gov/Archives/edgar/data/51434/000095013002001668/0000950130-02-001668-index.htm",
    "finalLink": "https://www.sec.gov/Archives/edgar/data/51434/000095013002001668/d10k405.txt"
  },
  {
    "date": "2001-09-30",
    "symbol": "IP",
    "reportedCurrency": "USD",
    "cik": "0000051434",
    "fillingDate": "2001-11-14",
    "acceptedDate": "2001-11-14 00:00:00",
    "calendarYear": "2001",
    "period": "Q3",
    "revenue": 6529000000,
    "costOfRevenue": 4789000000,
    "grossProfit": 1740000000,
    "grossProfitRatio": 0.266503293,
    "researchAndDevelopmentExpenses": 0,
    "generalAndAdministrativeExpenses": 530000000,
    "sellingAndMarketingExpenses": 287000000,
    "sellingGeneralAndAdministrativeExpenses": 817000000,
    "otherExpenses": 541000000,
    "operatingExpenses": 1358000000,
    "costAndExpenses": 6147000000,
    "interestIncome": 0,
    "interestExpense": 235000000,
    "depreciationAndAmortization": 474000000,
    "ebitda": 422000000,
    "ebitdaratio": 0.0646347067,
    "operatingIncome": 382000000,
    "operatingIncomeRatio": 0.0585081942,
    "totalOtherIncomeExpensesNet": -669000000,
    "incomeBeforeTax": -287000000,
    "incomeBeforeTaxRatio": -0.0439577271,
    "incomeTaxExpense": -45000000,
    "netIncome": -275000000,
    "netIncomeRatio": -0.0421197733,
    "eps": -0.57,
    "epsdiluted": -0.57,
    "weightedAverageShsOut": 482900000,
    "weightedAverageShsOutDil": 482900000,
    "link": "https://www.sec.gov/Archives/edgar/data/51434/000095011701501637/0000950117-01-501637-index.htm",
    "finalLink": "https://www.sec.gov/Archives/edgar/data/51434/000095011701501637/a31572.txt"
  },
  {
    "date": "2001-06-30",
    "symbol": "IP",
    "reportedCurrency": "USD",
    "cik": "0000051434",
    "fillingDate": "2001-08-13",
    "acceptedDate": "2001-08-13 00:00:00",
    "calendarYear": "2001",
    "period": "Q2",
    "revenue": 6686000000,
    "costOfRevenue": 4914000000,
    "grossProfit": 1772000000,
    "grossProfitRatio": 0.2650314089,
    "researchAndDevelopmentExpenses": 0,
    "generalAndAdministrativeExpenses": 582000000,
    "sellingAndMarketingExpenses": 277000000,
    "sellingGeneralAndAdministrativeExpenses": 859000000,
    "otherExpenses": 528000000,
    "operatingExpenses": 1387000000,
    "costAndExpenses": 6301000000,
    "interestIncome": 0,
    "interestExpense": 235000000,
    "depreciationAndAmortization": 457000000,
    "ebitda": 260000000,
    "ebitdaratio": 0.038887227,
    "operatingIncome": 385000000,
    "operatingIncomeRatio": 0.0575830093,
    "totalOtherIncomeExpensesNet": -817000000,
    "incomeBeforeTax": -432000000,
    "incomeBeforeTaxRatio": -0.0646126234,
    "incomeTaxExpense": -156000000,
    "netIncome": -313000000,
    "netIncomeRatio": -0.0468142387,
    "eps": -0.65,
    "epsdiluted": -0.65,
    "weightedAverageShsOut": 483100000,
    "weightedAverageShsOutDil": 483100000,
    "link": "https://www.sec.gov/Archives/edgar/data/51434/000095011701500915/0000950117-01-500915-index.htm",
    "finalLink": "https://www.sec.gov/Archives/edgar/data/51434/000095011701500915/a31151.txt"
  },
  {
    "date": "2001-03-31",
    "symbol": "IP",
    "reportedCurrency": "USD",
    "cik": "0000051434",
    "fillingDate": "2001-05-14",
    "acceptedDate": "2001-05-14 00:00:00",
    "calendarYear": "2001",
    "period": "Q1",
    "revenue": 6894000000,
    "costOfRevenue": 5138000000,
    "grossProfit": 1756000000,
    "grossProfitRatio": 0.2547142443,
    "researchAndDevelopmentExpenses": 0,
    "generalAndAdministrativeExpenses": 584000000,
    "sellingAndMarketingExpenses": 276000000,
    "sellingGeneralAndAdministrativeExpenses": 860000000,
    "otherExpenses": 551000000,
    "operatingExpenses": 1411000000,
    "costAndExpenses": 6549000000,
    "interestIncome": 0,
    "interestExpense": 248000000,
    "depreciationAndAmortization": 476000000,
    "ebitda": 811000000,
    "ebitdaratio": 0.1176385263,
    "operatingIncome": 345000000,
    "operatingIncomeRatio": 0.0500435161,
    "totalOtherIncomeExpensesNet": -258000000,
    "incomeBeforeTax": 87000000,
    "incomeBeforeTaxRatio": 0.0126196693,
    "incomeTaxExpense": 27000000,
    "netIncome": 18000000,
    "netIncomeRatio": 0.0026109661,
    "eps": -0.09,
    "epsdiluted": 0.0372,
    "weightedAverageShsOut": 482700000,
    "weightedAverageShsOutDil": 483700000,
    "link": "https://www.sec.gov/Archives/edgar/data/51434/000095011701500335/0000950117-01-500335-index.htm",
    "finalLink": "https://www.sec.gov/Archives/edgar/data/51434/000095011701500335/a29697.txt"
  },
  {
    "date": "2000-12-31",
    "symbol": "IP",
    "reportedCurrency": "USD",
    "cik": "0000051434",
    "fillingDate": "2002-01-16",
    "acceptedDate": "2002-01-16 00:00:00",
    "calendarYear": "2000",
    "period": "Q4",
    "revenue": 7228000000,
    "costOfRevenue": 5137000000,
    "grossProfit": 2091000000,
    "grossProfitRatio": 0.2892916436,
    "researchAndDevelopmentExpenses": 0,
    "generalAndAdministrativeExpenses": 646000000,
    "sellingAndMarketingExpenses": 232000000,
    "sellingGeneralAndAdministrativeExpenses": 878000000,
    "otherExpenses": 713000000,
    "operatingExpenses": 1591000000,
    "costAndExpenses": 6728000000,
    "interestIncome": 0,
    "interestExpense": 251000000,
    "depreciationAndAmortization": 613000000,
    "ebitda": 361000000,
    "ebitdaratio": 0.0499446597,
    "operatingIncome": 500000000,
    "operatingIncomeRatio": 0.0691754289,
    "totalOtherIncomeExpensesNet": -1003000000,
    "incomeBeforeTax": -503000000,
    "incomeBeforeTaxRatio": -0.0695904815,
    "incomeTaxExpense": -232000000,
    "netIncome": -371000000,
    "netIncomeRatio": -0.0513281682,
    "eps": 0,
    "epsdiluted": -0.77,
    "weightedAverageShsOut": 0,
    "weightedAverageShsOutDil": 482700000,
    "link": "https://www.sec.gov/Archives/edgar/data/51434/000095010302000036/0000950103-02-000036-index.htm",
    "finalLink": "https://www.sec.gov/Archives/edgar/data/51434/000095010302000036/jan1602_10ka2.txt"
  },
  {
    "date": "2000-09-30",
    "symbol": "IP",
    "reportedCurrency": "USD",
    "cik": "0000051434",
    "fillingDate": "2000-11-13",
    "acceptedDate": "2000-11-13 00:00:00",
    "calendarYear": "2000",
    "period": "Q3",
    "revenue": 7801000000,
    "costOfRevenue": 5549000000,
    "grossProfit": 2252000000,
    "grossProfitRatio": 0.2886809383,
    "researchAndDevelopmentExpenses": 0,
    "generalAndAdministrativeExpenses": 553000000,
    "sellingAndMarketingExpenses": 335000000,
    "sellingGeneralAndAdministrativeExpenses": 888000000,
    "otherExpenses": 641000000,
    "operatingExpenses": 1529000000,
    "costAndExpenses": 7078000000,
    "interestIncome": 0,
    "interestExpense": 278000000,
    "depreciationAndAmortization": 578000000,
    "ebitda": 1167000000,
    "ebitdaratio": 0.1495962056,
    "operatingIncome": 723000000,
    "operatingIncomeRatio": 0.0926804256,
    "totalOtherIncomeExpensesNet": -412000000,
    "incomeBeforeTax": 311000000,
    "incomeBeforeTaxRatio": 0.0398666838,
    "incomeTaxExpense": 71000000,
    "netIncome": 175000000,
    "netIncomeRatio": 0.0224330214,
    "eps": -0.28,
    "epsdiluted": -0.28,
    "weightedAverageShsOut": 481600000,
    "weightedAverageShsOutDil": 481700000,
    "link": "https://www.sec.gov/Archives/edgar/data/51434/000100547700007774/0001005477-00-007774-index.htm",
    "finalLink": "https://www.sec.gov/Archives/edgar/data/51434/000100547700007774/0001005477-00-007774-0001.txt"
  },
  {
    "date": "2000-06-30",
    "symbol": "IP",
    "reportedCurrency": "USD",
    "cik": "0000051434",
    "fillingDate": "2000-08-11",
    "acceptedDate": "2000-08-11 00:00:00",
    "calendarYear": "2000",
    "period": "Q2",
    "revenue": 6780000000,
    "costOfRevenue": 4735000000,
    "grossProfit": 2045000000,
    "grossProfitRatio": 0.3016224189,
    "researchAndDevelopmentExpenses": 0,
    "generalAndAdministrativeExpenses": 563000000,
    "sellingAndMarketingExpenses": 271000000,
    "sellingGeneralAndAdministrativeExpenses": 834000000,
    "otherExpenses": 500000000,
    "operatingExpenses": 1334000000,
    "costAndExpenses": 6069000000,
    "interestIncome": 0,
    "interestExpense": 156000000,
    "depreciationAndAmortization": 439000000,
    "ebitda": 1075000000,
    "ebitdaratio": 0.1585545723,
    "operatingIncome": 711000000,
    "operatingIncomeRatio": 0.1048672566,
    "totalOtherIncomeExpensesNet": -231000000,
    "incomeBeforeTax": 480000000,
    "incomeBeforeTaxRatio": 0.0707964602,
    "incomeTaxExpense": 142000000,
    "netIncome": 270000000,
    "netIncomeRatio": 0.0398230088,
    "eps": 0.64,
    "epsdiluted": 0.63,
    "weightedAverageShsOut": 421000000,
    "weightedAverageShsOutDil": 429600000,
    "link": "https://www.sec.gov/Archives/edgar/data/51434/000091205700036595/0000912057-00-036595-index.htm",
    "finalLink": "https://www.sec.gov/Archives/edgar/data/51434/000091205700036595/a10-q.txt"
  },
  {
    "date": "2000-03-31",
    "symbol": "IP",
    "reportedCurrency": "USD",
    "cik": "0000051434",
    "fillingDate": "2000-05-12",
    "acceptedDate": "2000-05-12 00:00:00",
    "calendarYear": "2000",
    "period": "Q1",
    "revenue": 6371000000,
    "costOfRevenue": 4521000000,
    "grossProfit": 1850000000,
    "grossProfitRatio": 0.2903782766,
    "researchAndDevelopmentExpenses": 0,
    "generalAndAdministrativeExpenses": 521000000,
    "sellingAndMarketingExpenses": 266000000,
    "sellingGeneralAndAdministrativeExpenses": 787000000,
    "otherExpenses": 489000000,
    "operatingExpenses": 1276000000,
    "costAndExpenses": 5797000000,
    "interestIncome": 0,
    "interestExpense": 131000000,
    "depreciationAndAmortization": 426000000,
    "ebitda": 992000000,
    "ebitdaratio": 0.1557055407,
    "operatingIncome": 574000000,
    "operatingIncomeRatio": 0.0900957464,
    "totalOtherIncomeExpensesNet": -139000000,
    "incomeBeforeTax": 435000000,
    "incomeBeforeTaxRatio": 0.0682781353,
    "incomeTaxExpense": 136000000,
    "netIncome": 244000000,
    "netIncomeRatio": 0.0382985403,
    "eps": 0.91,
    "epsdiluted": 0.89,
    "weightedAverageShsOut": 413500000,
    "weightedAverageShsOutDil": 423000000,
    "link": "https://www.sec.gov/Archives/edgar/data/51434/000091205700023671/0000912057-00-023671-index.html",
    "finalLink": "https://www.sec.gov/Archives/edgar/data/51434/000091205700023671/"
  },
  {
    "date": "1999-12-31",
    "symbol": "IP",
    "reportedCurrency": "USD",
    "cik": "0000051434",
    "fillingDate": "2000-03-27",
    "acceptedDate": "2000-03-27 00:00:00",
    "calendarYear": "1999",
    "period": "Q4",
    "revenue": 6294000000,
    "costOfRevenue": 4516000000,
    "grossProfit": 1778000000,
    "grossProfitRatio": 0.2824912615,
    "researchAndDevelopmentExpenses": 0,
    "generalAndAdministrativeExpenses": 0,
    "sellingAndMarketingExpenses": 0,
    "sellingGeneralAndAdministrativeExpenses": 812000000,
    "otherExpenses": 474000000,
    "operatingExpenses": 1286000000,
    "costAndExpenses": 5802000000,
    "interestIncome": 0,
    "interestExpense": 0,
    "depreciationAndAmortization": 380000000,
    "ebitda": 360000000,
    "ebitdaratio": 0.0571973308,
    "operatingIncome": 492000000,
    "operatingIncomeRatio": 0.0781696854,
    "totalOtherIncomeExpensesNet": -227000000,
    "incomeBeforeTax": 265000000,
    "incomeBeforeTaxRatio": 0.0421035907,
    "incomeTaxExpense": 22000000,
    "netIncome": 80000000,
    "netIncomeRatio": 0.012710518,
    "eps": 0,
    "epsdiluted": 0.19,
    "weightedAverageShsOut": 0,
    "weightedAverageShsOutDil": 413500000,
    "link": "https://www.sec.gov/Archives/edgar/data/51434/000091205700013809/0000912057-00-013809-index.html",
    "finalLink": "https://www.sec.gov/Archives/edgar/data/51434/000091205700013809/"
  },
  {
    "date": "1999-09-30",
    "symbol": "IP",
    "reportedCurrency": "USD",
    "cik": "0000051434",
    "fillingDate": "1999-11-18",
    "acceptedDate": "1999-11-18 00:00:00",
    "calendarYear": "1999",
    "period": "Q3",
    "revenue": 6251000000,
    "costOfRevenue": 4593000000,
    "grossProfit": 1658000000,
    "grossProfitRatio": 0.265237562,
    "researchAndDevelopmentExpenses": 0,
    "generalAndAdministrativeExpenses": 495000000,
    "sellingAndMarketingExpenses": 268000000,
    "sellingGeneralAndAdministrativeExpenses": 763000000,
    "otherExpenses": 441000000,
    "operatingExpenses": 1204000000,
    "costAndExpenses": 5797000000,
    "interestIncome": 0,
    "interestExpense": 134000000,
    "depreciationAndAmortization": 383000000,
    "ebitda": 759000000,
    "ebitdaratio": 0.1214205727,
    "operatingIncome": 454000000,
    "operatingIncomeRatio": 0.0726283795,
    "totalOtherIncomeExpensesNet": -212000000,
    "incomeBeforeTax": 242000000,
    "incomeBeforeTaxRatio": 0.0387138058,
    "incomeTaxExpense": 54000000,
    "netIncome": 142000000,
    "netIncomeRatio": 0.0227163654,
    "eps": 0.34,
    "epsdiluted": 0.34,
    "weightedAverageShsOut": 413500000,
    "weightedAverageShsOutDil": 416800000,
    "link": "https://www.sec.gov/Archives/edgar/data/51434/000100547799005464/0001005477-99-005464-index.html",
    "finalLink": "https://www.sec.gov/Archives/edgar/data/51434/000100547799005464/"
  },
  {
    "date": "1999-06-30",
    "symbol": "IP",
    "reportedCurrency": "USD",
    "cik": "0000051434",
    "fillingDate": "1999-08-16",
    "acceptedDate": "1999-08-16 00:00:00",
    "calendarYear": "1999",
    "period": "Q2",
    "revenue": 5996000000,
    "costOfRevenue": 4420000000,
    "grossProfit": 1576000000,
    "grossProfitRatio": 0.2628418946,
    "researchAndDevelopmentExpenses": 0,
    "generalAndAdministrativeExpenses": 549000000,
    "sellingAndMarketingExpenses": 277000000,
    "sellingGeneralAndAdministrativeExpenses": 826000000,
    "otherExpenses": 431000000,
    "operatingExpenses": 1257000000,
    "costAndExpenses": 5677000000,
    "interestIncome": 0,
    "interestExpense": 123000000,
    "depreciationAndAmortization": 374000000,
    "ebitda": 461000000,
    "ebitdaratio": 0.0768845897,
    "operatingIncome": 319000000,
    "operatingIncomeRatio": 0.0532021348,
    "totalOtherIncomeExpensesNet": -355000000,
    "incomeBeforeTax": -36000000,
    "incomeBeforeTaxRatio": -0.0060040027,
    "incomeTaxExpense": -18000000,
    "netIncome": -71000000,
    "netIncomeRatio": -0.0118412275,
    "eps": -0.17,
    "epsdiluted": -0.17,
    "weightedAverageShsOut": 413000000,
    "weightedAverageShsOutDil": 413000000,
    "link": "https://www.sec.gov/Archives/edgar/data/51434/000100547799003748/0001005477-99-003748-index.html",
    "finalLink": "https://www.sec.gov/Archives/edgar/data/51434/000100547799003748/"
  },
  {
    "date": "1999-03-31",
    "symbol": "IP",
    "reportedCurrency": "USD",
    "cik": "0000051434",
    "fillingDate": "1999-05-17",
    "acceptedDate": "1999-05-17 00:00:00",
    "calendarYear": "1999",
    "period": "Q1",
    "revenue": 6032000000,
    "costOfRevenue": 4576000000,
    "grossProfit": 1456000000,
    "grossProfitRatio": 0.2413793103,
    "researchAndDevelopmentExpenses": 0,
    "generalAndAdministrativeExpenses": 504000000,
    "sellingAndMarketingExpenses": 276000000,
    "sellingGeneralAndAdministrativeExpenses": 780000000,
    "otherExpenses": 440000000,
    "operatingExpenses": 1220000000,
    "costAndExpenses": 5796000000,
    "interestIncome": 0,
    "interestExpense": 143000000,
    "depreciationAndAmortization": 383000000,
    "ebitda": 620000000,
    "ebitdaratio": 0.1027851459,
    "operatingIncome": 236000000,
    "operatingIncomeRatio": 0.0391246684,
    "totalOtherIncomeExpensesNet": -142000000,
    "incomeBeforeTax": 94000000,
    "incomeBeforeTaxRatio": 0.0155835544,
    "incomeTaxExpense": 28000000,
    "netIncome": 32000000,
    "netIncomeRatio": 0.0053050398,
    "eps": 0.08,
    "epsdiluted": 0.11,
    "weightedAverageShsOut": 412100000,
    "weightedAverageShsOutDil": 414400000,
    "link": "https://www.sec.gov/Archives/edgar/data/51434/000104746999020956/0001047469-99-020956-index.html",
    "finalLink": "https://www.sec.gov/Archives/edgar/data/51434/"
  },
  {
    "date": "1998-12-31",
    "symbol": "IP",
    "reportedCurrency": "USD",
    "cik": "0000051434",
    "fillingDate": "1999-03-31",
    "acceptedDate": "1999-03-31 00:00:00",
    "calendarYear": "1998",
    "period": "Q4",
    "revenue": 5027000000,
    "costOfRevenue": 3803000000,
    "grossProfit": 1224000000,
    "grossProfitRatio": 0.24348518,
    "researchAndDevelopmentExpenses": 0,
    "generalAndAdministrativeExpenses": 0,
    "sellingAndMarketingExpenses": 0,
    "sellingGeneralAndAdministrativeExpenses": 652000000,
    "otherExpenses": 333000000,
    "operatingExpenses": 985000000,
    "costAndExpenses": 4788000000,
    "interestIncome": 0,
    "interestExpense": 0,
    "depreciationAndAmortization": 296000000,
    "ebitda": 407000000,
    "ebitdaratio": 0.0809628009,
    "operatingIncome": 239000000,
    "operatingIncomeRatio": 0.0475432664,
    "totalOtherIncomeExpensesNet": -98000000,
    "incomeBeforeTax": 141000000,
    "incomeBeforeTaxRatio": 0.0280485379,
    "incomeTaxExpense": 11000000,
    "netIncome": 54000000,
    "netIncomeRatio": 0.0107419932,
    "eps": 0,
    "epsdiluted": 0.13,
    "weightedAverageShsOut": 0,
    "weightedAverageShsOutDil": 412100000,
    "link": "https://www.sec.gov/Archives/edgar/data/51434/0001047469-99-012865-index.html",
    "finalLink": "https://www.sec.gov/Archives/edgar/data/51434/0001047469-99-012865.txt"
  },
  {
    "date": "1998-09-30",
    "symbol": "IP",
    "reportedCurrency": "USD",
    "cik": "0000051434",
    "fillingDate": "1999-03-29",
    "acceptedDate": "1999-03-29 00:00:00",
    "calendarYear": "1998",
    "period": "Q3",
    "revenue": 6032000000,
    "costOfRevenue": 4568000000,
    "grossProfit": 1464000000,
    "grossProfitRatio": 0.2427055703,
    "researchAndDevelopmentExpenses": 0,
    "generalAndAdministrativeExpenses": 0,
    "sellingAndMarketingExpenses": 0,
    "sellingGeneralAndAdministrativeExpenses": 755000000,
    "otherExpenses": 435000000,
    "operatingExpenses": 1190000000,
    "costAndExpenses": 5758000000,
    "interestIncome": 0,
    "interestExpense": 0,
    "depreciationAndAmortization": 378000000,
    "ebitda": 652000000,
    "ebitdaratio": 0.1080901857,
    "operatingIncome": 274000000,
    "operatingIncomeRatio": 0.0454244032,
    "totalOtherIncomeExpensesNet": -299000000,
    "incomeBeforeTax": -25000000,
    "incomeBeforeTaxRatio": -0.0041445623,
    "incomeTaxExpense": -23000000,
    "netIncome": -2000000,
    "netIncomeRatio": -0.000331565,
    "eps": -0.01,
    "epsdiluted": 0.0509,
    "weightedAverageShsOut": 412200000,
    "weightedAverageShsOutDil": 412300000,
    "link": "https://www.sec.gov/Archives/edgar/data/51434/000104746999011891/0001047469-99-011891-index.html",
    "finalLink": "https://www.sec.gov/Archives/edgar/data/51434/"
  },
  {
    "date": "1998-06-30",
    "symbol": "IP",
    "reportedCurrency": "USD",
    "cik": "0000051434",
    "fillingDate": "1998-08-31",
    "acceptedDate": "1998-08-31 00:00:00",
    "calendarYear": "1998",
    "period": "Q2",
    "revenue": 5833000000,
    "costOfRevenue": 4324000000,
    "grossProfit": 1509000000,
    "grossProfitRatio": 0.2587004972,
    "researchAndDevelopmentExpenses": 0,
    "generalAndAdministrativeExpenses": 0,
    "sellingAndMarketingExpenses": 0,
    "sellingGeneralAndAdministrativeExpenses": 749000000,
    "otherExpenses": 427000000,
    "operatingExpenses": 1176000000,
    "costAndExpenses": 5500000000,
    "interestIncome": 0,
    "interestExpense": 0,
    "depreciationAndAmortization": 442000000,
    "ebitda": 775000000,
    "ebitdaratio": 0.1328647351,
    "operatingIncome": 333000000,
    "operatingIncomeRatio": 0.0570889765,
    "totalOtherIncomeExpensesNet": -181000000,
    "incomeBeforeTax": 152000000,
    "incomeBeforeTaxRatio": 0.0260586319,
    "incomeTaxExpense": 49000000,
    "netIncome": 103000000,
    "netIncomeRatio": 0.0176581519,
    "eps": 0.25,
    "epsdiluted": 0.21,
    "weightedAverageShsOut": 411800000,
    "weightedAverageShsOutDil": 414200000,
    "link": "https://www.sec.gov/Archives/edgar/data/51434/000104746998033277/0001047469-98-033277-index.html",
    "finalLink": "https://www.sec.gov/Archives/edgar/data/51434/"
  },
  {
    "date": "1998-03-31",
    "symbol": "IP",
    "reportedCurrency": "USD",
    "cik": "0000051434",
    "fillingDate": "1998-05-15",
    "acceptedDate": "1998-05-15 00:00:00",
    "calendarYear": "1998",
    "period": "Q1",
    "revenue": 4868000000,
    "costOfRevenue": 3655000000,
    "grossProfit": 1213000000,
    "grossProfitRatio": 0.2491783073,
    "researchAndDevelopmentExpenses": 0,
    "generalAndAdministrativeExpenses": 0,
    "sellingAndMarketingExpenses": 0,
    "sellingGeneralAndAdministrativeExpenses": 598000000,
    "otherExpenses": 348000000,
    "operatingExpenses": 946000000,
    "costAndExpenses": 4601000000,
    "interestIncome": 0,
    "interestExpense": 0,
    "depreciationAndAmortization": 298000000,
    "ebitda": 565000000,
    "ebitdaratio": 0.116064092,
    "operatingIncome": 267000000,
    "operatingIncomeRatio": 0.0548479869,
    "totalOtherIncomeExpensesNet": -146000000,
    "incomeBeforeTax": 121000000,
    "incomeBeforeTaxRatio": 0.0248562038,
    "incomeTaxExpense": 46000000,
    "netIncome": 75000000,
    "netIncomeRatio": 0.0154067379,
    "eps": 0.25,
    "epsdiluted": 0.25,
    "weightedAverageShsOut": 302300000,
    "weightedAverageShsOutDil": 303200000,
    "link": "https://www.sec.gov/Archives/edgar/data/51434/000100547798001726/0001005477-98-001726-index.html",
    "finalLink": "https://www.sec.gov/Archives/edgar/data/51434/"
  },
  {
    "date": "1997-12-31",
    "symbol": "IP",
    "reportedCurrency": "USD",
    "cik": "0000051434",
    "fillingDate": "1998-03-30",
    "acceptedDate": "1998-03-30 00:00:00",
    "calendarYear": "1997",
    "period": "Q4",
    "revenue": 5081000000,
    "costOfRevenue": 3760000000,
    "grossProfit": 1321000000,
    "grossProfitRatio": 0.2599881913,
    "researchAndDevelopmentExpenses": 0,
    "generalAndAdministrativeExpenses": 0,
    "sellingAndMarketingExpenses": 0,
    "sellingGeneralAndAdministrativeExpenses": 1172000000,
    "otherExpenses": 507000000,
    "operatingExpenses": 1679000000,
    "costAndExpenses": 5439000000,
    "interestIncome": 0,
    "interestExpense": 0,
    "depreciationAndAmortization": 309000000,
    "ebitda": -4000000,
    "ebitdaratio": -0.0007872466,
    "operatingIncome": -358000000,
    "operatingIncomeRatio": -0.0704585711,
    "totalOtherIncomeExpensesNet": 713000000,
    "incomeBeforeTax": 355000000,
    "incomeBeforeTaxRatio": 0.0698681362,
    "incomeTaxExpense": 94000000,
    "netIncome": 132000000,
    "netIncomeRatio": 0.025979138,
    "eps": 0,
    "epsdiluted": 0.44,
    "weightedAverageShsOut": 0,
    "weightedAverageShsOutDil": 302300000,
    "link": "https://www.sec.gov/Archives/edgar/data/51434/000104746998012606/0001047469-98-012606-index.html",
    "finalLink": "https://www.sec.gov/Archives/edgar/data/51434/"
  },
  {
    "date": "1997-09-30",
    "symbol": "IP",
    "reportedCurrency": "USD",
    "cik": "0000051434",
    "fillingDate": "1997-11-14",
    "acceptedDate": "1997-11-14 00:00:00",
    "calendarYear": "1997",
    "period": "Q3",
    "revenue": 5119000000,
    "costOfRevenue": 3791000000,
    "grossProfit": 1328000000,
    "grossProfitRatio": 0.2594256691,
    "researchAndDevelopmentExpenses": 0,
    "generalAndAdministrativeExpenses": 0,
    "sellingAndMarketingExpenses": 0,
    "sellingGeneralAndAdministrativeExpenses": 637000000,
    "otherExpenses": 363000000,
    "operatingExpenses": 1000000000,
    "costAndExpenses": 4791000000,
    "interestIncome": 0,
    "interestExpense": 0,
    "depreciationAndAmortization": 311000000,
    "ebitda": 639000000,
    "ebitdaratio": 0.1248290682,
    "operatingIncome": 328000000,
    "operatingIncomeRatio": 0.0640750147,
    "totalOtherIncomeExpensesNet": -155000000,
    "incomeBeforeTax": 173000000,
    "incomeBeforeTaxRatio": 0.0337956632,
    "incomeTaxExpense": 71000000,
    "netIncome": 102000000,
    "netIncomeRatio": 0.0199257668,
    "eps": 0.34,
    "epsdiluted": 0.33,
    "weightedAverageShsOut": 302300000,
    "weightedAverageShsOutDil": 304600000,
    "link": "https://www.sec.gov/Archives/edgar/data/51434/000104746997004871/0001047469-97-004871-index.html",
    "finalLink": "https://www.sec.gov/Archives/edgar/data/51434/"
  },
  {
    "date": "1997-06-30",
    "symbol": "IP",
    "reportedCurrency": "USD",
    "cik": "0000051434",
    "fillingDate": "1997-08-14",
    "acceptedDate": "1997-08-14 00:00:00",
    "calendarYear": "1997",
    "period": "Q2",
    "revenue": 5034000000,
    "costOfRevenue": 3786000000,
    "grossProfit": 1248000000,
    "grossProfitRatio": 0.2479141836,
    "researchAndDevelopmentExpenses": 0,
    "generalAndAdministrativeExpenses": 0,
    "sellingAndMarketingExpenses": 0,
    "sellingGeneralAndAdministrativeExpenses": 624000000,
    "otherExpenses": 371000000,
    "operatingExpenses": 995000000,
    "costAndExpenses": 4781000000,
    "interestIncome": 0,
    "interestExpense": 0,
    "depreciationAndAmortization": 318000000,
    "ebitda": 571000000,
    "ebitdaratio": 0.1134286849,
    "operatingIncome": 253000000,
    "operatingIncomeRatio": 0.0502582439,
    "totalOtherIncomeExpensesNet": -839000000,
    "incomeBeforeTax": -586000000,
    "incomeBeforeTaxRatio": -0.1164084227,
    "incomeTaxExpense": -167000000,
    "netIncome": -419000000,
    "netIncomeRatio": -0.0832340087,
    "eps": -1.39,
    "epsdiluted": -1.39,
    "weightedAverageShsOut": 301100000,
    "weightedAverageShsOutDil": 301100000,
    "link": "https://www.sec.gov/Archives/edgar/data/51434/000091205797028008/0000912057-97-028008-index.html",
    "finalLink": "https://www.sec.gov/Archives/edgar/data/51434/"
  },
  {
    "date": "1997-03-31",
    "symbol": "IP",
    "reportedCurrency": "USD",
    "cik": "0000051434",
    "fillingDate": "1997-05-15",
    "acceptedDate": "1997-05-15 00:00:00",
    "calendarYear": "1997",
    "period": "Q1",
    "revenue": 4862000000,
    "costOfRevenue": 3636000000,
    "grossProfit": 1226000000,
    "grossProfitRatio": 0.2521596051,
    "researchAndDevelopmentExpenses": 0,
    "generalAndAdministrativeExpenses": 0,
    "sellingAndMarketingExpenses": 0,
    "sellingGeneralAndAdministrativeExpenses": 616000000,
    "otherExpenses": 372000000,
    "operatingExpenses": 988000000,
    "costAndExpenses": 4624000000,
    "interestIncome": 0,
    "interestExpense": 0,
    "depreciationAndAmortization": 320000000,
    "ebitda": 558000000,
    "ebitdaratio": 0.1147675854,
    "operatingIncome": 238000000,
    "operatingIncomeRatio": 0.048951049,
    "totalOtherIncomeExpensesNet": -164000000,
    "incomeBeforeTax": 74000000,
    "incomeBeforeTaxRatio": 0.015220074,
    "incomeTaxExpense": 40000000,
    "netIncome": 34000000,
    "netIncomeRatio": 0.006993007,
    "eps": 0.11,
    "epsdiluted": 0.11,
    "weightedAverageShsOut": 300600000,
    "weightedAverageShsOutDil": 300900000,
    "link": "https://www.sec.gov/Archives/edgar/data/51434/000100547797001490/0001005477-97-001490-index.html",
    "finalLink": "https://www.sec.gov/Archives/edgar/data/51434/"
  },
  {
    "date": "1996-12-31",
    "symbol": "IP",
    "reportedCurrency": "USD",
    "cik": "0000051434",
    "fillingDate": "1997-03-28",
    "acceptedDate": "1997-03-28 00:00:00",
    "calendarYear": "1996",
    "period": "Q4",
    "revenue": 5144000000,
    "costOfRevenue": 3814000000,
    "grossProfit": 1330000000,
    "grossProfitRatio": 0.2585536547,
    "researchAndDevelopmentExpenses": 0,
    "generalAndAdministrativeExpenses": 0,
    "sellingAndMarketingExpenses": 0,
    "sellingGeneralAndAdministrativeExpenses": 643000000,
    "otherExpenses": 368000000,
    "operatingExpenses": 1011000000,
    "costAndExpenses": 4825000000,
    "interestIncome": 0,
    "interestExpense": 0,
    "depreciationAndAmortization": 322000000,
    "ebitda": 553000000,
    "ebitdaratio": 0.107503888,
    "operatingIncome": 319000000,
    "operatingIncomeRatio": 0.0620139969,
    "totalOtherIncomeExpensesNet": -154000000,
    "incomeBeforeTax": 165000000,
    "incomeBeforeTaxRatio": 0.0320762053,
    "incomeTaxExpense": 1000000,
    "netIncome": -5000000,
    "netIncomeRatio": -0.0009720062,
    "eps": 0,
    "epsdiluted": -0.0166,
    "weightedAverageShsOut": 0,
    "weightedAverageShsOutDil": 300600000,
    "link": "https://www.sec.gov/Archives/edgar/data/51434/000091205797010800/0000912057-97-010800-index.html",
    "finalLink": "https://www.sec.gov/Archives/edgar/data/51434/"
  },
  {
    "date": "1996-09-30",
    "symbol": "IP",
    "reportedCurrency": "USD",
    "cik": "0000051434",
    "fillingDate": "1996-11-13",
    "acceptedDate": "1996-11-13 00:00:00",
    "calendarYear": "1996",
    "period": "Q3",
    "revenue": 5108000000,
    "costOfRevenue": 3760000000,
    "grossProfit": 1348000000,
    "grossProfitRatio": 0.2638997651,
    "researchAndDevelopmentExpenses": 0,
    "generalAndAdministrativeExpenses": 0,
    "sellingAndMarketingExpenses": 0,
    "sellingGeneralAndAdministrativeExpenses": 627000000,
    "otherExpenses": 358000000,
    "operatingExpenses": 985000000,
    "costAndExpenses": 4745000000,
    "interestIncome": 0,
    "interestExpense": 0,
    "depreciationAndAmortization": 307000000,
    "ebitda": 670000000,
    "ebitdaratio": 0.1311667972,
    "operatingIncome": 363000000,
    "operatingIncomeRatio": 0.0710649961,
    "totalOtherIncomeExpensesNet": -166000000,
    "incomeBeforeTax": 197000000,
    "incomeBeforeTaxRatio": 0.0385669538,
    "incomeTaxExpense": 86000000,
    "netIncome": 111000000,
    "netIncomeRatio": 0.0217306186,
    "eps": 0.37,
    "epsdiluted": 0.37,
    "weightedAverageShsOut": 300000000,
    "weightedAverageShsOutDil": 300000000,
    "link": "https://www.sec.gov/Archives/edgar/data/51434/000088981296001696/0000889812-96-001696-index.html",
    "finalLink": "https://www.sec.gov/Archives/edgar/data/51434/"
  },
  {
    "date": "1996-06-30",
    "symbol": "IP",
    "reportedCurrency": "USD",
    "cik": "0000051434",
    "fillingDate": "1996-08-14",
    "acceptedDate": "1996-08-14 00:00:00",
    "calendarYear": "1996",
    "period": "Q2",
    "revenue": 5093000000,
    "costOfRevenue": 3771000000,
    "grossProfit": 1322000000,
    "grossProfitRatio": 0.2595719615,
    "researchAndDevelopmentExpenses": 0,
    "generalAndAdministrativeExpenses": 0,
    "sellingAndMarketingExpenses": 0,
    "sellingGeneralAndAdministrativeExpenses": 616000000,
    "otherExpenses": 352000000,
    "operatingExpenses": 968000000,
    "costAndExpenses": 4739000000,
    "interestIncome": 0,
    "interestExpense": 0,
    "depreciationAndAmortization": 302000000,
    "ebitda": 656000000,
    "ebitdaratio": 0.1288042411,
    "operatingIncome": 354000000,
    "operatingIncomeRatio": 0.0695071667,
    "totalOtherIncomeExpensesNet": -175000000,
    "incomeBeforeTax": 179000000,
    "incomeBeforeTaxRatio": 0.0351462792,
    "incomeTaxExpense": 80000000,
    "netIncome": 99000000,
    "netIncomeRatio": 0.0194384449,
    "eps": 0.33,
    "epsdiluted": 0.33,
    "weightedAverageShsOut": 299100000,
    "weightedAverageShsOutDil": 299100000,
    "link": "https://www.sec.gov/Archives/edgar/data/51434/000088981296001107/0000889812-96-001107-index.html",
    "finalLink": "https://www.sec.gov/Archives/edgar/data/51434/"
  },
  {
    "date": "1996-03-31",
    "symbol": "IP",
    "reportedCurrency": "USD",
    "cik": "0000051434",
    "fillingDate": "1996-05-15",
    "acceptedDate": "1996-05-15 00:00:00",
    "calendarYear": "1996",
    "period": "Q1",
    "revenue": 4798000000,
    "costOfRevenue": 3556000000,
    "grossProfit": 1242000000,
    "grossProfitRatio": 0.2588578574,
    "researchAndDevelopmentExpenses": 0,
    "generalAndAdministrativeExpenses": 0,
    "sellingAndMarketingExpenses": 0,
    "sellingGeneralAndAdministrativeExpenses": 548000000,
    "otherExpenses": 310000000,
    "operatingExpenses": 858000000,
    "costAndExpenses": 4414000000,
    "interestIncome": 0,
    "interestExpense": 0,
    "depreciationAndAmortization": 263000000,
    "ebitda": 647000000,
    "ebitdaratio": 0.1348478533,
    "operatingIncome": 384000000,
    "operatingIncomeRatio": 0.0800333472,
    "totalOtherIncomeExpensesNet": -123000000,
    "incomeBeforeTax": 261000000,
    "incomeBeforeTaxRatio": 0.0543976657,
    "incomeTaxExpense": 163000000,
    "netIncome": 98000000,
    "netIncomeRatio": 0.0204251772,
    "eps": 0.36,
    "epsdiluted": 0.36,
    "weightedAverageShsOut": 268900000,
    "weightedAverageShsOutDil": 268900000,
    "link": "https://www.sec.gov/Archives/edgar/data/51434/000088981296000514/0000889812-96-000514-index.html",
    "finalLink": "https://www.sec.gov/Archives/edgar/data/51434/"
  },
  {
    "date": "1995-12-31",
    "symbol": "IP",
    "reportedCurrency": "USD",
    "cik": "0000051434",
    "fillingDate": "1996-04-01",
    "acceptedDate": "1996-04-01 00:00:00",
    "calendarYear": "1995",
    "period": "Q4",
    "revenue": 5076000000,
    "costOfRevenue": 3574000000,
    "grossProfit": 1502000000,
    "grossProfitRatio": 0.2959022853,
    "researchAndDevelopmentExpenses": 0,
    "generalAndAdministrativeExpenses": 0,
    "sellingAndMarketingExpenses": 0,
    "sellingGeneralAndAdministrativeExpenses": 594000000,
    "otherExpenses": 309000000,
    "operatingExpenses": 903000000,
    "costAndExpenses": 4477000000,
    "interestIncome": 0,
    "interestExpense": 0,
    "depreciationAndAmortization": 267000000,
    "ebitda": 866000000,
    "ebitdaratio": 0.170606777,
    "operatingIncome": 599000000,
    "operatingIncomeRatio": 0.1180063042,
    "totalOtherIncomeExpensesNet": -12000000,
    "incomeBeforeTax": 587000000,
    "incomeBeforeTaxRatio": 0.115642238,
    "incomeTaxExpense": 168000000,
    "netIncome": 263000000,
    "netIncomeRatio": 0.0518124507,
    "eps": 0,
    "epsdiluted": 0.98,
    "weightedAverageShsOut": 0,
    "weightedAverageShsOutDil": 268900000,
    "link": "https://www.sec.gov/Archives/edgar/data/51434/000088981296000318/0000889812-96-000318-index.html",
    "finalLink": "https://www.sec.gov/Archives/edgar/data/51434/"
  },
  {
    "date": "1995-09-30",
    "symbol": "IP",
    "reportedCurrency": "USD",
    "cik": "0000051434",
    "fillingDate": "1995-11-14",
    "acceptedDate": "1995-11-14 00:00:00",
    "calendarYear": "1995",
    "period": "Q3",
    "revenue": 5145000000,
    "costOfRevenue": 3566000000,
    "grossProfit": 1579000000,
    "grossProfitRatio": 0.3068999028,
    "researchAndDevelopmentExpenses": 0,
    "generalAndAdministrativeExpenses": 0,
    "sellingAndMarketingExpenses": 0,
    "sellingGeneralAndAdministrativeExpenses": 547000000,
    "otherExpenses": 312000000,
    "operatingExpenses": 859000000,
    "costAndExpenses": 4425000000,
    "interestIncome": 0,
    "interestExpense": 0,
    "depreciationAndAmortization": 266000000,
    "ebitda": 986000000,
    "ebitdaratio": 0.1916423712,
    "operatingIncome": 720000000,
    "operatingIncomeRatio": 0.139941691,
    "totalOtherIncomeExpensesNet": -182000000,
    "incomeBeforeTax": 538000000,
    "incomeBeforeTaxRatio": 0.1045675413,
    "incomeTaxExpense": 210000000,
    "netIncome": 328000000,
    "netIncomeRatio": 0.0637512148,
    "eps": 1.27,
    "epsdiluted": 1.27,
    "weightedAverageShsOut": 258700000,
    "weightedAverageShsOutDil": 258700000,
    "link": "https://www.sec.gov/Archives/edgar/data/51434/000088981295000679/0000889812-95-000679-index.html",
    "finalLink": "https://www.sec.gov/Archives/edgar/data/51434/"
  }
]