[
  {
    "date": "2024-12-31",
    "symbol": "IP",
    "reportedCurrency": "USD",
    "cik": "0000051434",
    "fillingDate": "2025-02-21",
    "acceptedDate": "2025-02-21 13:50:28",
    "calendarYear": "2024",
    "period": "FY",
    "revenue": 18619000000,
    "costOfRevenue": 13376000000,
    "grossProfit": 5243000000,
    "grossProfitRatio": 0.2815940706,
    "researchAndDevelopmentExpenses": 0,
    "generalAndAdministrativeExpenses": 1840000000,
    "sellingAndMarketingExpenses": 1475000000,
    "sellingGeneralAndAdministrativeExpenses": 3315000000,
    "otherExpenses": 1452000000,
    "operatingExpenses": 4767000000,
    "costAndExpenses": 18143000000,
    "interestIncome": 222000000,
    "interestExpense": 430000000,
    "depreciationAndAmortization": 1305000000,
    "ebitda": 1882000000,
    "ebitdaratio": 0.1010795424,
    "operatingIncome": 812000000,
    "operatingIncomeRatio": 0.0436113647,
    "totalOtherIncomeExpensesNet": -670000000,
    "incomeBeforeTax": 142000000,
    "incomeBeforeTaxRatio": 0.007626618,
    "incomeTaxExpense": -415000000,
    "netIncome": 557000000,
    "netIncomeRatio": 0.0299156775,
    "eps": 1.6,
    "epsdiluted": 1.57,
    "weightedAverageShsOut": 347200000,
    "weightedAverageShsOutDil": 354200000,
    "link": "https://www.sec.gov/Archives/edgar/data/51434/000005143425000013/0000051434-25-000013-index.htm",
    "finalLink": "https://www.sec.gov/Archives/edgar/data/51434/000005143425000013/ip-20241231.htm"
  },
  {
    "date": "2023-12-31",
    "symbol": "IP",
    "reportedCurrency": "USD",
    "cik": "0000051434",
    "fillingDate": "2024-02-16",
    "acceptedDate": "2024-02-16 17:01:12",
    "calendarYear": "2023",
    "period": "FY",
    "revenue": 18916000000,
    "costOfRevenue": 13629000000,
    "grossProfit": 5287000000,
    "grossProfitRatio": 0.279498837,
    "researchAndDevelopmentExpenses": 0,
    "generalAndAdministrativeExpenses": 1360000000,
    "sellingAndMarketingExpenses": 1575000000,
    "sellingGeneralAndAdministrativeExpenses": 2935000000,
    "otherExpenses": 1586000000,
    "operatingExpenses": 4521000000,
    "costAndExpenses": 18150000000,
    "interestIncome": 190000000,
    "interestExpense": 421000000,
    "depreciationAndAmortization": 1432000000,
    "ebitda": 2235000000,
    "ebitdaratio": 0.1181539438,
    "operatingIncome": 766000000,
    "operatingIncomeRatio": 0.0404948192,
    "totalOtherIncomeExpensesNet": -384000000,
    "incomeBeforeTax": 382000000,
    "incomeBeforeTaxRatio": 0.0201945443,
    "incomeTaxExpense": 59000000,
    "netIncome": 288000000,
    "netIncomeRatio": 0.0152252062,
    "eps": 0.83,
    "epsdiluted": 0.87,
    "weightedAverageShsOut": 346987952,
    "weightedAverageShsOutDil": 349100000,
    "link": "https://www.sec.gov/Archives/edgar/data/51434/000005143424000024/0000051434-24-000024-index.htm",
    "finalLink": "https://www.sec.gov/Archives/edgar/data/51434/000005143424000024/ip-20231231.htm"
  },
  {
    "date": "2022-12-31",
    "symbol": "IP",
    "reportedCurrency": "USD",
    "cik": "0000051434",
    "fillingDate": "2023-02-17",
    "acceptedDate": "2023-02-17 13:29:39",
    "calendarYear": "2022",
    "period": "FY",
    "revenue": 21161000000,
    "costOfRevenue": 15143000000,
    "grossProfit": 6018000000,
    "grossProfitRatio": 0.2843910968,
    "researchAndDevelopmentExpenses": 0,
    "generalAndAdministrativeExpenses": 1293000000,
    "sellingAndMarketingExpenses": 1783000000,
    "sellingGeneralAndAdministrativeExpenses": 3076000000,
    "otherExpenses": 1188000000,
    "operatingExpenses": 4264000000,
    "costAndExpenses": 19407000000,
    "interestIncome": 78000000,
    "interestExpense": 403000000,
    "depreciationAndAmortization": 1040000000,
    "ebitda": 2954000000,
    "ebitdaratio": 0.1395964274,
    "operatingIncome": 1754000000,
    "operatingIncomeRatio": 0.0828883323,
    "totalOtherIncomeExpensesNet": -243000000,
    "incomeBeforeTax": 1511000000,
    "incomeBeforeTaxRatio": 0.0714049431,
    "incomeTaxExpense": -236000000,
    "netIncome": 1504000000,
    "netIncomeRatio": 0.0710741458,
    "eps": 4.14,
    "epsdiluted": 4.1,
    "weightedAverageShsOut": 363285024,
    "weightedAverageShsOutDil": 367000000,
    "link": "https://www.sec.gov/Archives/edgar/data/51434/000005143423000013/0000051434-23-000013-index.htm",
    "finalLink": "https://www.sec.gov/Archives/edgar/data/51434/000005143423000013/ip-20221231.htm"
  },
  {
    "date": "2021-12-31",
    "symbol": "IP",
    "reportedCurrency": "USD",
    "cik": "0000051434",
    "fillingDate": "2022-02-18",
    "acceptedDate": "2022-02-18 17:20:34",
    "calendarYear": "2021",
    "period": "FY",
    "revenue": 19363000000,
    "costOfRevenue": 13832000000,
    "grossProfit": 5531000000,
    "grossProfitRatio": 0.2856478851,
    "researchAndDevelopmentExpenses": 0,
    "generalAndAdministrativeExpenses": 1385000000,
    "sellingAndMarketingExpenses": 1444000000,
    "sellingGeneralAndAdministrativeExpenses": 2829000000,
    "otherExpenses": 1236000000,
    "operatingExpenses": 4065000000,
    "costAndExpenses": 17897000000,
    "interestIncome": 93000000,
    "interestExpense": 430000000,
    "depreciationAndAmortization": 1210000000,
    "ebitda": 2639000000,
    "ebitdaratio": 0.136290864,
    "operatingIncome": 1466000000,
    "operatingIncomeRatio": 0.0757114084,
    "totalOtherIncomeExpensesNet": -467000000,
    "incomeBeforeTax": 999000000,
    "incomeBeforeTaxRatio": 0.0515932448,
    "incomeTaxExpense": 188000000,
    "netIncome": 1752000000,
    "netIncomeRatio": 0.0904818468,
    "eps": 4.5,
    "epsdiluted": 4.47,
    "weightedAverageShsOut": 389333333,
    "weightedAverageShsOutDil": 392400000,
    "link": "https://www.sec.gov/Archives/edgar/data/51434/000005143422000016/0000051434-22-000016-index.htm",
    "finalLink": "https://www.sec.gov/Archives/edgar/data/51434/000005143422000016/ip-20211231.htm"
  },
  {
    "date": "2020-12-31",
    "symbol": "IP",
    "reportedCurrency": "USD",
    "cik": "0000051434",
    "fillingDate": "2021-02-19",
    "acceptedDate": "2021-02-19 13:23:31",
    "calendarYear": "2020",
    "period": "FY",
    "revenue": 17565000000,
    "costOfRevenue": 12339000000,
    "grossProfit": 5226000000,
    "grossProfitRatio": 0.2975234842,
    "researchAndDevelopmentExpenses": 0,
    "generalAndAdministrativeExpenses": 1353000000,
    "sellingAndMarketingExpenses": 1287000000,
    "sellingGeneralAndAdministrativeExpenses": 2640000000,
    "otherExpenses": 2586000000,
    "operatingExpenses": 5226000000,
    "costAndExpenses": 17565000000,
    "interestIncome": 151000000,
    "interestExpense": 597000000,
    "depreciationAndAmortization": 1287000000,
    "ebitda": 2213000000,
    "ebitdaratio": 0.125989183,
    "operatingIncome": 0,
    "operatingIncomeRatio": 0,
    "totalOtherIncomeExpensesNet": 329000000,
    "incomeBeforeTax": 329000000,
    "incomeBeforeTaxRatio": 0.0187304298,
    "incomeTaxExpense": 176000000,
    "netIncome": 482000000,
    "netIncomeRatio": 0.0274409337,
    "eps": 1.23,
    "epsdiluted": 1.22,
    "weightedAverageShsOut": 391869919,
    "weightedAverageShsOutDil": 395700000,
    "link": "https://www.sec.gov/Archives/edgar/data/51434/000005143421000012/0000051434-21-000012-index.htm",
    "finalLink": "https://www.sec.gov/Archives/edgar/data/51434/000005143421000012/ip-20201231.htm"
  },
  {
    "date": "2019-12-31",
    "symbol": "IP",
    "reportedCurrency": "USD",
    "cik": "0000051434",
    "fillingDate": "2020-02-19",
    "acceptedDate": "2020-02-19 14:44:30",
    "calendarYear": "2019",
    "period": "FY",
    "revenue": 18317000000,
    "costOfRevenue": 12669000000,
    "grossProfit": 5648000000,
    "grossProfitRatio": 0.3083474368,
    "researchAndDevelopmentExpenses": 29000000,
    "generalAndAdministrativeExpenses": 1449000000,
    "sellingAndMarketingExpenses": 1250000000,
    "sellingGeneralAndAdministrativeExpenses": 2699000000,
    "otherExpenses": 1205000000,
    "operatingExpenses": 3904000000,
    "costAndExpenses": 16573000000,
    "interestIncome": 202000000,
    "interestExpense": 701000000,
    "depreciationAndAmortization": 1306000000,
    "ebitda": 2928000000,
    "ebitdaratio": 0.1598515041,
    "operatingIncome": 1744000000,
    "operatingIncomeRatio": 0.0952120981,
    "totalOtherIncomeExpensesNet": -823000000,
    "incomeBeforeTax": 921000000,
    "incomeBeforeTaxRatio": 0.0502811596,
    "incomeTaxExpense": 477000000,
    "netIncome": 1225000000,
    "netIncomeRatio": 0.0668777638,
    "eps": 3.1,
    "epsdiluted": 2.43,
    "weightedAverageShsOut": 395161290,
    "weightedAverageShsOutDil": 398800000,
    "link": "https://www.sec.gov/Archives/edgar/data/51434/000005143420000011/0000051434-20-000011-index.htm",
    "finalLink": "https://www.sec.gov/Archives/edgar/data/51434/000005143420000011/a10-k123119.htm"
  },
  {
    "date": "2018-12-31",
    "symbol": "IP",
    "reportedCurrency": "USD",
    "cik": "0000051434",
    "fillingDate": "2019-02-20",
    "acceptedDate": "2019-02-20 16:24:56",
    "calendarYear": "2018",
    "period": "FY",
    "revenue": 23306000000,
    "costOfRevenue": 15555000000,
    "grossProfit": 7751000000,
    "grossProfitRatio": 0.3325753025,
    "researchAndDevelopmentExpenses": 30000000,
    "generalAndAdministrativeExpenses": 1723000000,
    "sellingAndMarketingExpenses": 1567000000,
    "sellingGeneralAndAdministrativeExpenses": 3290000000,
    "otherExpenses": 1499000000,
    "operatingExpenses": 4789000000,
    "costAndExpenses": 20344000000,
    "interestIncome": 198000000,
    "interestExpense": 734000000,
    "depreciationAndAmortization": 1328000000,
    "ebitda": 3843000000,
    "ebitdaratio": 0.1648931606,
    "operatingIncome": 2962000000,
    "operatingIncomeRatio": 0.127091736,
    "totalOtherIncomeExpensesNet": -1181000000,
    "incomeBeforeTax": 1781000000,
    "incomeBeforeTaxRatio": 0.0764180898,
    "incomeTaxExpense": 445000000,
    "netIncome": 2012000000,
    "netIncomeRatio": 0.0863297005,
    "eps": 4.91,
    "epsdiluted": 4.86,
    "weightedAverageShsOut": 409775967,
    "weightedAverageShsOutDil": 414200000,
    "link": "https://www.sec.gov/Archives/edgar/data/51434/000005143419000007/0000051434-19-000007-index.htm",
    "finalLink": "https://www.sec.gov/Archives/edgar/data/51434/000005143419000007/a10-k123118.htm"
  },
  {
    "date": "2017-12-31",
    "symbol": "IP",
    "reportedCurrency": "USD",
    "cik": "0000051434",
    "fillingDate": "2018-02-22",
    "acceptedDate": "2018-02-22 16:39:45",
    "calendarYear": "2017",
    "period": "FY",
    "revenue": 21743000000,
    "costOfRevenue": 14802000000,
    "grossProfit": 6941000000,
    "grossProfitRatio": 0.3192291772,
    "researchAndDevelopmentExpenses": 28000000,
    "generalAndAdministrativeExpenses": 1621000000,
    "sellingAndMarketingExpenses": 1434000000,
    "sellingGeneralAndAdministrativeExpenses": 3055000000,
    "otherExpenses": 1512000000,
    "operatingExpenses": 4567000000,
    "costAndExpenses": 19369000000,
    "interestIncome": 186000000,
    "interestExpense": 758000000,
    "depreciationAndAmortization": 1423000000,
    "ebitda": 3029000000,
    "ebitdaratio": 0.139309203,
    "operatingIncome": 2374000000,
    "operatingIncomeRatio": 0.1091845651,
    "totalOtherIncomeExpensesNet": -1526000000,
    "incomeBeforeTax": 848000000,
    "incomeBeforeTaxRatio": 0.0390010578,
    "incomeTaxExpense": -1085000000,
    "netIncome": 2144000000,
    "netIncomeRatio": 0.0986064481,
    "eps": 5.19,
    "epsdiluted": 5.13,
    "weightedAverageShsOut": 413102119,
    "weightedAverageShsOutDil": 417700000,
    "link": "https://www.sec.gov/Archives/edgar/data/51434/000005143418000008/0000051434-18-000008-index.htm",
    "finalLink": "https://www.sec.gov/Archives/edgar/data/51434/000005143418000008/ip10-k123117.htm"
  },
  {
    "date": "2016-12-31",
    "symbol": "IP",
    "reportedCurrency": "USD",
    "cik": "0000051434",
    "fillingDate": "2017-02-22",
    "acceptedDate": "2017-02-22 16:55:20",
    "calendarYear": "2016",
    "period": "FY",
    "revenue": 19495000000,
    "costOfRevenue": 13419000000,
    "grossProfit": 6076000000,
    "grossProfitRatio": 0.3116696589,
    "researchAndDevelopmentExpenses": 730000000,
    "generalAndAdministrativeExpenses": 1458000000,
    "sellingAndMarketingExpenses": 1237000000,
    "sellingGeneralAndAdministrativeExpenses": 2695000000,
    "otherExpenses": 1278000000,
    "operatingExpenses": 3973000000,
    "costAndExpenses": 17392000000,
    "interestIncome": 175000000,
    "interestExpense": 695000000,
    "depreciationAndAmortization": 1227000000,
    "ebitda": 2717000000,
    "ebitdaratio": 0.139369069,
    "operatingIncome": 2103000000,
    "operatingIncomeRatio": 0.1078738138,
    "totalOtherIncomeExpensesNet": -1308000000,
    "incomeBeforeTax": 795000000,
    "incomeBeforeTaxRatio": 0.0407796871,
    "incomeTaxExpense": 193000000,
    "netIncome": 904000000,
    "netIncomeRatio": 0.0463708643,
    "eps": 2.2,
    "epsdiluted": 2.18,
    "weightedAverageShsOut": 410909091,
    "weightedAverageShsOutDil": 415600000,
    "link": "https://www.sec.gov/Archives/edgar/data/51434/000005143417000007/0000051434-17-000007-index.htm",
    "finalLink": "https://www.sec.gov/Archives/edgar/data/51434/000005143417000007/ip10-k123116.htm"
  },
  {
    "date": "2015-12-31",
    "symbol": "IP",
    "reportedCurrency": "USD",
    "cik": "0000051434",
    "fillingDate": "2016-02-25",
    "acceptedDate": "2016-02-25 11:26:51",
    "calendarYear": "2015",
    "period": "FY",
    "revenue": 20675000000,
    "costOfRevenue": 14313000000,
    "grossProfit": 6362000000,
    "grossProfitRatio": 0.3077146312,
    "researchAndDevelopmentExpenses": 27000000,
    "generalAndAdministrativeExpenses": 1539000000,
    "sellingAndMarketingExpenses": 1248000000,
    "sellingGeneralAndAdministrativeExpenses": 2787000000,
    "otherExpenses": 1325000000,
    "operatingExpenses": 4112000000,
    "costAndExpenses": 18425000000,
    "interestIncome": 89000000,
    "interestExpense": 644000000,
    "depreciationAndAmortization": 1294000000,
    "ebitda": 3070000000,
    "ebitdaratio": 0.1484885127,
    "operatingIncome": 2250000000,
    "operatingIncomeRatio": 0.1088270859,
    "totalOtherIncomeExpensesNet": -1118000000,
    "incomeBeforeTax": 1132000000,
    "incomeBeforeTaxRatio": 0.0547521161,
    "incomeTaxExpense": 417000000,
    "netIncome": 938000000,
    "netIncomeRatio": 0.0453688029,
    "eps": 2.25,
    "epsdiluted": 2.23,
    "weightedAverageShsOut": 416888889,
    "weightedAverageShsOutDil": 420600000,
    "link": "https://www.sec.gov/Archives/edgar/data/51434/000005143416000042/0000051434-16-000042-index.htm",
    "finalLink": "https://www.sec.gov/Archives/edgar/data/51434/000005143416000042/ip10-k123115.htm"
  },
  {
    "date": "2014-12-31",
    "symbol": "IP",
    "reportedCurrency": "USD",
    "cik": "0000051434",
    "fillingDate": "2015-02-26",
    "acceptedDate": "2015-02-26 14:50:59",
    "calendarYear": "2014",
    "period": "FY",
    "revenue": 23617000000,
    "costOfRevenue": 16254000000,
    "grossProfit": 7363000000,
    "grossProfitRatio": 0.3117669475,
    "researchAndDevelopmentExpenses": 16000000,
    "generalAndAdministrativeExpenses": 1793000000,
    "sellingAndMarketingExpenses": 1521000000,
    "sellingGeneralAndAdministrativeExpenses": 3314000000,
    "otherExpenses": 1586000000,
    "operatingExpenses": 4900000000,
    "costAndExpenses": 21154000000,
    "interestIncome": 70000000,
    "interestExpense": 677000000,
    "depreciationAndAmortization": 1414000000,
    "ebitda": 2963000000,
    "ebitdaratio": 0.1254604734,
    "operatingIncome": 2463000000,
    "operatingIncomeRatio": 0.1042892831,
    "totalOtherIncomeExpensesNet": -1591000000,
    "incomeBeforeTax": 872000000,
    "incomeBeforeTaxRatio": 0.0369225558,
    "incomeTaxExpense": 123000000,
    "netIncome": 555000000,
    "netIncomeRatio": 0.0235000212,
    "eps": 1.3,
    "epsdiluted": 1.28,
    "weightedAverageShsOut": 426923077,
    "weightedAverageShsOutDil": 432000000,
    "link": "https://www.sec.gov/Archives/edgar/data/51434/000005143415000009/0000051434-15-000009-index.htm",
    "finalLink": "https://www.sec.gov/Archives/edgar/data/51434/000005143415000009/ip10-k123114.htm"
  },
  {
    "date": "2013-12-31",
    "symbol": "IP",
    "reportedCurrency": "USD",
    "cik": "0000051434",
    "fillingDate": "2014-02-27",
    "acceptedDate": "2014-02-27 14:31:09",
    "calendarYear": "2013",
    "period": "FY",
    "revenue": 23483000000,
    "costOfRevenue": 16282000000,
    "grossProfit": 7201000000,
    "grossProfitRatio": 0.3066473619,
    "researchAndDevelopmentExpenses": 18000000,
    "generalAndAdministrativeExpenses": 1796000000,
    "sellingAndMarketingExpenses": 1583000000,
    "sellingGeneralAndAdministrativeExpenses": 3379000000,
    "otherExpenses": 1709000000,
    "operatingExpenses": 5088000000,
    "costAndExpenses": 21370000000,
    "interestIncome": 57000000,
    "interestExpense": 669000000,
    "depreciationAndAmortization": 1547000000,
    "ebitda": 3444000000,
    "ebitdaratio": 0.1466592854,
    "operatingIncome": 2113000000,
    "operatingIncomeRatio": 0.0899799855,
    "totalOtherIncomeExpensesNet": -885000000,
    "incomeBeforeTax": 1228000000,
    "incomeBeforeTaxRatio": 0.0522931482,
    "incomeTaxExpense": -498000000,
    "netIncome": 1395000000,
    "netIncomeRatio": 0.0594046757,
    "eps": 3.15,
    "epsdiluted": 3.11,
    "weightedAverageShsOut": 442857143,
    "weightedAverageShsOutDil": 448100000,
    "link": "https://www.sec.gov/Archives/edgar/data/51434/000005143414000003/0000051434-14-000003-index.htm",
    "finalLink": "https://www.sec.gov/Archives/edgar/data/51434/000005143414000003/ip10-k123113.htm"
  },
  {
    "date": "2012-12-31",
    "symbol": "IP",
    "reportedCurrency": "USD",
    "cik": "0000051434",
    "fillingDate": "2013-02-26",
    "acceptedDate": "2013-02-26 13:14:27",
    "calendarYear": "2012",
    "period": "FY",
    "revenue": 21852000000,
    "costOfRevenue": 15287000000,
    "grossProfit": 6565000000,
    "grossProfitRatio": 0.3004301666,
    "researchAndDevelopmentExpenses": 13000000,
    "generalAndAdministrativeExpenses": 1674000000,
    "sellingAndMarketingExpenses": 1470000000,
    "sellingGeneralAndAdministrativeExpenses": 3144000000,
    "otherExpenses": 1632000000,
    "operatingExpenses": 4776000000,
    "costAndExpenses": 20063000000,
    "interestIncome": 71000000,
    "interestExpense": 742000000,
    "depreciationAndAmortization": 1486000000,
    "ebitda": 3195000000,
    "ebitdaratio": 0.1462108731,
    "operatingIncome": 1789000000,
    "operatingIncomeRatio": 0.0818689365,
    "totalOtherIncomeExpensesNet": -822000000,
    "incomeBeforeTax": 967000000,
    "incomeBeforeTaxRatio": 0.0442522424,
    "incomeTaxExpense": 306000000,
    "netIncome": 794000000,
    "netIncomeRatio": 0.0363353469,
    "eps": 1.82,
    "epsdiluted": 1.8,
    "weightedAverageShsOut": 436263736,
    "weightedAverageShsOutDil": 440200000,
    "link": "https://www.sec.gov/Archives/edgar/data/51434/000005143413000004/0000051434-13-000004-index.htm",
    "finalLink": "https://www.sec.gov/Archives/edgar/data/51434/000005143413000004/ip10-k123112.htm"
  },
  {
    "date": "2011-12-31",
    "symbol": "IP",
    "reportedCurrency": "USD",
    "cik": "0000051434",
    "fillingDate": "2012-02-27",
    "acceptedDate": "2012-02-27 14:25:06",
    "calendarYear": "2011",
    "period": "FY",
    "revenue": 26034000000,
    "costOfRevenue": 18960000000,
    "grossProfit": 7074000000,
    "grossProfitRatio": 0.2717215948,
    "researchAndDevelopmentExpenses": 0,
    "generalAndAdministrativeExpenses": 1887000000,
    "sellingAndMarketingExpenses": 1390000000,
    "sellingGeneralAndAdministrativeExpenses": 3277000000,
    "otherExpenses": 1478000000,
    "operatingExpenses": 4755000000,
    "costAndExpenses": 23715000000,
    "interestIncome": 55000000,
    "interestExpense": 596000000,
    "depreciationAndAmortization": 1332000000,
    "ebitda": 3386000000,
    "ebitdaratio": 0.1300606899,
    "operatingIncome": 2319000000,
    "operatingIncomeRatio": 0.0890758239,
    "totalOtherIncomeExpensesNet": -861000000,
    "incomeBeforeTax": 1458000000,
    "incomeBeforeTaxRatio": 0.0560036875,
    "incomeTaxExpense": 311000000,
    "netIncome": 1322000000,
    "netIncomeRatio": 0.0507797496,
    "eps": 3.06,
    "epsdiluted": 3.03,
    "weightedAverageShsOut": 432200000,
    "weightedAverageShsOutDil": 437000000,
    "link": "https://www.sec.gov/Archives/edgar/data/51434/000119312512081097/0001193125-12-081097-index.htm",
    "finalLink": "https://www.sec.gov/Archives/edgar/data/51434/000119312512081097/d263096d10k.htm"
  },
  {
    "date": "2010-12-31",
    "symbol": "IP",
    "reportedCurrency": "USD",
    "cik": "0000051434",
    "fillingDate": "2011-02-25",
    "acceptedDate": "2011-02-25 13:01:02",
    "calendarYear": "2010",
    "period": "FY",
    "revenue": 25179000000,
    "costOfRevenue": 18482000000,
    "grossProfit": 6697000000,
    "grossProfitRatio": 0.2659756146,
    "researchAndDevelopmentExpenses": 0,
    "generalAndAdministrativeExpenses": 1930000000,
    "sellingAndMarketingExpenses": 1318000000,
    "sellingGeneralAndAdministrativeExpenses": 3248000000,
    "otherExpenses": 1648000000,
    "operatingExpenses": 4896000000,
    "costAndExpenses": 23378000000,
    "interestIncome": 35000000,
    "interestExpense": 643000000,
    "depreciationAndAmortization": 1456000000,
    "ebitda": 2921000000,
    "ebitdaratio": 0.1160093729,
    "operatingIncome": 1801000000,
    "operatingIncomeRatio": 0.0715278605,
    "totalOtherIncomeExpensesNet": -979000000,
    "incomeBeforeTax": 822000000,
    "incomeBeforeTaxRatio": 0.0326462528,
    "incomeTaxExpense": 221000000,
    "netIncome": 691000000,
    "netIncomeRatio": 0.0274435045,
    "eps": 1.61,
    "epsdiluted": 1.48,
    "weightedAverageShsOut": 429800000,
    "weightedAverageShsOutDil": 434200000,
    "link": "https://www.sec.gov/Archives/edgar/data/51434/000119312511046928/0001193125-11-046928-index.htm",
    "finalLink": "https://www.sec.gov/Archives/edgar/data/51434/000119312511046928/d10k.htm"
  },
  {
    "date": "2009-12-31",
    "symbol": "IP",
    "reportedCurrency": "USD",
    "cik": "0000051434",
    "fillingDate": "2010-02-25",
    "acceptedDate": "2010-02-25 17:17:49",
    "calendarYear": "2009",
    "period": "FY",
    "revenue": 23366000000,
    "costOfRevenue": 15220000000,
    "grossProfit": 8146000000,
    "grossProfitRatio": 0.348626209,
    "researchAndDevelopmentExpenses": 0,
    "generalAndAdministrativeExpenses": 0,
    "sellingAndMarketingExpenses": 0,
    "sellingGeneralAndAdministrativeExpenses": 3206000000,
    "otherExpenses": 1660000000,
    "operatingExpenses": 4866000000,
    "costAndExpenses": 20086000000,
    "interestIncome": 33000000,
    "interestExpense": 669000000,
    "depreciationAndAmortization": 1472000000,
    "ebitda": 3340000000,
    "ebitdaratio": 0.1429427373,
    "operatingIncome": 3280000000,
    "operatingIncomeRatio": 0.1403749037,
    "totalOtherIncomeExpensesNet": -2081000000,
    "incomeBeforeTax": 1199000000,
    "incomeBeforeTaxRatio": 0.0513138749,
    "incomeTaxExpense": 469000000,
    "netIncome": 663000000,
    "netIncomeRatio": 0.0283745613,
    "eps": 1.56,
    "epsdiluted": 1.55,
    "weightedAverageShsOut": 425000000,
    "weightedAverageShsOutDil": 428000000,
    "link": "https://www.sec.gov/Archives/edgar/data/51434/000119312510040916/0001193125-10-040916-index.htm",
    "finalLink": "https://www.sec.gov/Archives/edgar/data/51434/000119312510040916/d10k.htm"
  },
  {
    "date": "2008-12-31",
    "symbol": "IP",
    "reportedCurrency": "USD",
    "cik": "0000051434",
    "fillingDate": "2009-02-26",
    "acceptedDate": "2009-02-26 13:01:33",
    "calendarYear": "2008",
    "period": "FY",
    "revenue": 24829000000,
    "costOfRevenue": 18742000000,
    "grossProfit": 6087000000,
    "grossProfitRatio": 0.245156873,
    "researchAndDevelopmentExpenses": 0,
    "generalAndAdministrativeExpenses": 0,
    "sellingAndMarketingExpenses": 0,
    "sellingGeneralAndAdministrativeExpenses": 3233000000,
    "otherExpenses": 1529000000,
    "operatingExpenses": 4762000000,
    "costAndExpenses": 23504000000,
    "interestIncome": 80000000,
    "interestExpense": 572000000,
    "depreciationAndAmortization": 1347000000,
    "ebitda": 766000000,
    "ebitdaratio": 0.030851021,
    "operatingIncome": 1325000000,
    "operatingIncomeRatio": 0.0533650167,
    "totalOtherIncomeExpensesNet": -2478000000,
    "incomeBeforeTax": -1153000000,
    "incomeBeforeTaxRatio": -0.0464376334,
    "incomeTaxExpense": 162000000,
    "netIncome": -1282000000,
    "netIncomeRatio": -0.0516331709,
    "eps": -3.05,
    "epsdiluted": -3.05,
    "weightedAverageShsOut": 421000000,
    "weightedAverageShsOutDil": 421000000,
    "link": "https://www.sec.gov/Archives/edgar/data/51434/000119312509038657/0001193125-09-038657-index.htm",
    "finalLink": "https://www.sec.gov/Archives/edgar/data/51434/000119312509038657/d10k.htm"
  },
  {
    "date": "2007-12-31",
    "symbol": "IP",
    "reportedCurrency": "USD",
    "cik": "0000051434",
    "fillingDate": "2008-02-29",
    "acceptedDate": "2008-02-29 09:41:47",
    "calendarYear": "2007",
    "period": "FY",
    "revenue": 21890000000,
    "costOfRevenue": 16060000000,
    "grossProfit": 5830000000,
    "grossProfitRatio": 0.2663316583,
    "researchAndDevelopmentExpenses": 0,
    "generalAndAdministrativeExpenses": 1831000000,
    "sellingAndMarketingExpenses": 1034000000,
    "sellingGeneralAndAdministrativeExpenses": 2865000000,
    "otherExpenses": 1255000000,
    "operatingExpenses": 4120000000,
    "costAndExpenses": 20180000000,
    "interestIncome": 154000000,
    "interestExpense": 451000000,
    "depreciationAndAmortization": 1086000000,
    "ebitda": 3191000000,
    "ebitdaratio": 0.1457743262,
    "operatingIncome": 1710000000,
    "operatingIncomeRatio": 0.078117862,
    "totalOtherIncomeExpensesNet": -56000000,
    "incomeBeforeTax": 1654000000,
    "incomeBeforeTaxRatio": 0.0755596163,
    "incomeTaxExpense": 415000000,
    "netIncome": 1168000000,
    "netIncomeRatio": 0.0533576976,
    "eps": 2.72,
    "epsdiluted": 2.7,
    "weightedAverageShsOut": 428900000,
    "weightedAverageShsOutDil": 433000000,
    "link": "https://www.sec.gov/Archives/edgar/data/51434/000119312508042850/0001193125-08-042850-index.htm",
    "finalLink": "https://www.sec.gov/Archives/edgar/data/51434/000119312508042850/d10k.htm"
  },
  {
    "date": "2006-12-31",
    "symbol": "IP",
    "reportedCurrency": "USD",
    "cik": "0000051434",
    "fillingDate": "2007-02-28",
    "acceptedDate": "2007-02-28 16:55:58",
    "calendarYear": "2006",
    "period": "FY",
    "revenue": 21995000000,
    "costOfRevenue": 16248000000,
    "grossProfit": 5747000000,
    "grossProfitRatio": 0.2612866561,
    "researchAndDevelopmentExpenses": 0,
    "generalAndAdministrativeExpenses": 1848000000,
    "sellingAndMarketingExpenses": 1075000000,
    "sellingGeneralAndAdministrativeExpenses": 2923000000,
    "otherExpenses": 1373000000,
    "operatingExpenses": 4296000000,
    "costAndExpenses": 20544000000,
    "interestIncome": 130000000,
    "interestExpense": 651000000,
    "depreciationAndAmortization": 1158000000,
    "ebitda": 4997000000,
    "ebitdaratio": 0.2271879973,
    "operatingIncome": 1451000000,
    "operatingIncomeRatio": 0.0659695385,
    "totalOtherIncomeExpensesNet": 1737000000,
    "incomeBeforeTax": 3188000000,
    "incomeBeforeTaxRatio": 0.1449420323,
    "incomeTaxExpense": 1889000000,
    "netIncome": 1050000000,
    "netIncomeRatio": 0.0477381223,
    "eps": 2.21,
    "epsdiluted": 2.15,
    "weightedAverageShsOut": 476100000,
    "weightedAverageShsOutDil": 488700000,
    "link": "https://www.sec.gov/Archives/edgar/data/51434/000119312507042746/0001193125-07-042746-index.htm",
    "finalLink": "https://www.sec.gov/Archives/edgar/data/51434/000119312507042746/d10k.htm"
  },
  {
    "date": "2005-12-31",
    "symbol": "IP",
    "reportedCurrency": "USD",
    "cik": "0000051434",
    "fillingDate": "2006-03-06",
    "acceptedDate": "2006-03-06 17:08:36",
    "calendarYear": "2005",
    "period": "FY",
    "revenue": 21700000000,
    "costOfRevenue": 16334000000,
    "grossProfit": 5366000000,
    "grossProfitRatio": 0.247281106,
    "researchAndDevelopmentExpenses": 0,
    "generalAndAdministrativeExpenses": 1784000000,
    "sellingAndMarketingExpenses": 1025000000,
    "sellingGeneralAndAdministrativeExpenses": 2809000000,
    "otherExpenses": 1487000000,
    "operatingExpenses": 4296000000,
    "costAndExpenses": 20630000000,
    "interestIncome": 86000000,
    "interestExpense": 595000000,
    "depreciationAndAmortization": 1274000000,
    "ebitda": 2155000000,
    "ebitdaratio": 0.0993087558,
    "operatingIncome": 1070000000,
    "operatingIncomeRatio": 0.0493087558,
    "totalOtherIncomeExpensesNet": -784000000,
    "incomeBeforeTax": 286000000,
    "incomeBeforeTaxRatio": 0.0131797235,
    "incomeTaxExpense": -407000000,
    "netIncome": 1100000000,
    "netIncomeRatio": 0.0506912442,
    "eps": 2.26,
    "epsdiluted": 2.16,
    "weightedAverageShsOut": 486000000,
    "weightedAverageShsOutDil": 509700000,
    "link": "https://www.sec.gov/Archives/edgar/data/51434/000119312506046215/0001193125-06-046215-index.htm",
    "finalLink": "https://www.sec.gov/Archives/edgar/data/51434/000119312506046215/d10k.htm"
  },
  {
    "date": "2004-12-31",
    "symbol": "IP",
    "reportedCurrency": "USD",
    "cik": "0000051434",
    "fillingDate": "2005-03-10",
    "acceptedDate": "2005-03-10 17:28:05",
    "calendarYear": "2004",
    "period": "FY",
    "revenue": 20721000000,
    "costOfRevenue": 15204000000,
    "grossProfit": 5517000000,
    "grossProfitRatio": 0.2662516288,
    "researchAndDevelopmentExpenses": 0,
    "generalAndAdministrativeExpenses": 1817000000,
    "sellingAndMarketingExpenses": 985000000,
    "sellingGeneralAndAdministrativeExpenses": 2802000000,
    "otherExpenses": 1482000000,
    "operatingExpenses": 4284000000,
    "costAndExpenses": 19488000000,
    "interestIncome": 70000000,
    "interestExpense": 712000000,
    "depreciationAndAmortization": 1262000000,
    "ebitda": 2350000000,
    "ebitdaratio": 0.1134115149,
    "operatingIncome": 1233000000,
    "operatingIncomeRatio": 0.0595048502,
    "totalOtherIncomeExpensesNet": -857000000,
    "incomeBeforeTax": 376000000,
    "incomeBeforeTaxRatio": 0.0181458424,
    "incomeTaxExpense": 114000000,
    "netIncome": -35000000,
    "netIncomeRatio": -0.0016891077,
    "eps": -0.07,
    "epsdiluted": -0.0717,
    "weightedAverageShsOut": 485800000,
    "weightedAverageShsOutDil": 488400000,
    "link": "https://www.sec.gov/Archives/edgar/data/51434/000095011705000925/0000950117-05-000925-index.htm",
    "finalLink": "https://www.sec.gov/Archives/edgar/data/51434/000095011705000925/a39372.htm"
  },
  {
    "date": "2003-12-31",
    "symbol": "IP",
    "reportedCurrency": "USD",
    "cik": "0000051434",
    "fillingDate": "2004-03-12",
    "acceptedDate": "2004-03-12 12:57:19",
    "calendarYear": "2003",
    "period": "FY",
    "revenue": 22138000000,
    "costOfRevenue": 16443000000,
    "grossProfit": 5695000000,
    "grossProfitRatio": 0.2572499774,
    "researchAndDevelopmentExpenses": 0,
    "generalAndAdministrativeExpenses": 1888000000,
    "sellingAndMarketingExpenses": 954000000,
    "sellingGeneralAndAdministrativeExpenses": 2842000000,
    "otherExpenses": 1582000000,
    "operatingExpenses": 4424000000,
    "costAndExpenses": 20867000000,
    "interestIncome": 0,
    "interestExpense": 705000000,
    "depreciationAndAmortization": 1347000000,
    "ebitda": 2337000000,
    "ebitdaratio": 0.1055650917,
    "operatingIncome": 1271000000,
    "operatingIncomeRatio": 0.0574125937,
    "totalOtherIncomeExpensesNet": -986000000,
    "incomeBeforeTax": 285000000,
    "incomeBeforeTaxRatio": 0.0128737917,
    "incomeTaxExpense": -56000000,
    "netIncome": 315000000,
    "netIncomeRatio": 0.0142289276,
    "eps": 0.63,
    "epsdiluted": 0.65,
    "weightedAverageShsOut": 479600000,
    "weightedAverageShsOutDil": 481100000,
    "link": "https://www.sec.gov/Archives/edgar/data/51434/000095011704000964/0000950117-04-000964-index.htm",
    "finalLink": "https://www.sec.gov/Archives/edgar/data/51434/000095011704000964/a37221.txt"
  },
  {
    "date": "2002-12-31",
    "symbol": "IP",
    "reportedCurrency": "USD",
    "cik": "0000051434",
    "fillingDate": "2003-02-28",
    "acceptedDate": "2003-02-28 16:34:28",
    "calendarYear": "2002",
    "period": "FY",
    "revenue": 23899000000,
    "costOfRevenue": 17468000000,
    "grossProfit": 6431000000,
    "grossProfitRatio": 0.2690907569,
    "researchAndDevelopmentExpenses": 0,
    "generalAndAdministrativeExpenses": 2022000000,
    "sellingAndMarketingExpenses": 993000000,
    "sellingGeneralAndAdministrativeExpenses": 3015000000,
    "otherExpenses": 1739000000,
    "operatingExpenses": 4754000000,
    "costAndExpenses": 22222000000,
    "interestIncome": 0,
    "interestExpense": 785000000,
    "depreciationAndAmortization": 1497000000,
    "ebitda": 2588000000,
    "ebitdaratio": 0.1082890498,
    "operatingIncome": 1677000000,
    "operatingIncomeRatio": 0.0701703,
    "totalOtherIncomeExpensesNet": -1371000000,
    "incomeBeforeTax": 306000000,
    "incomeBeforeTaxRatio": 0.012803883,
    "incomeTaxExpense": -72000000,
    "netIncome": 295000000,
    "netIncomeRatio": 0.0123436127,
    "eps": -1.83,
    "epsdiluted": 0.61,
    "weightedAverageShsOut": 481400000,
    "weightedAverageShsOutDil": 483000000,
    "link": "https://www.sec.gov/Archives/edgar/data/51434/000095011703000884/0000950117-03-000884-index.htm",
    "finalLink": "https://www.sec.gov/Archives/edgar/data/51434/000095011703000884/a34643.txt"
  },
  {
    "date": "2001-12-31",
    "symbol": "IP",
    "reportedCurrency": "USD",
    "cik": "0000051434",
    "fillingDate": "2002-03-18",
    "acceptedDate": "2002-03-18 00:00:00",
    "calendarYear": "2001",
    "period": "FY",
    "revenue": 26363000000,
    "costOfRevenue": 19409000000,
    "grossProfit": 6954000000,
    "grossProfitRatio": 0.2637787809,
    "researchAndDevelopmentExpenses": 0,
    "generalAndAdministrativeExpenses": 2279000000,
    "sellingAndMarketingExpenses": 1105000000,
    "sellingGeneralAndAdministrativeExpenses": 3384000000,
    "otherExpenses": 2135000000,
    "operatingExpenses": 5519000000,
    "costAndExpenses": 24928000000,
    "interestIncome": 0,
    "interestExpense": 929000000,
    "depreciationAndAmortization": 1870000000,
    "ebitda": 1534000000,
    "ebitdaratio": 0.0581876114,
    "operatingIncome": 1435000000,
    "operatingIncomeRatio": 0.0544323484,
    "totalOtherIncomeExpensesNet": -2700000000,
    "incomeBeforeTax": -1265000000,
    "incomeBeforeTaxRatio": -0.0479839169,
    "incomeTaxExpense": -270000000,
    "netIncome": -1188000000,
    "netIncomeRatio": -0.0450631567,
    "eps": -2.5,
    "epsdiluted": -2.37,
    "weightedAverageShsOut": 482600000,
    "weightedAverageShsOutDil": 482600000,
    "link": "https://www.sec.gov/Archives/edgar/data/51434/000095013002001668/0000950130-02-001668-index.htm",
    "finalLink": "https://www.sec.gov/Archives/edgar/data/51434/000095013002001668/d10k405.txt"
  },
  {
    "date": "2000-12-31",
    "symbol": "IP",
    "reportedCurrency": "USD",
    "cik": "0000051434",
    "fillingDate": "2002-01-16",
    "acceptedDate": "2002-01-16 00:00:00",
    "calendarYear": "2000",
    "period": "FY",
    "revenue": 28180000000,
    "costOfRevenue": 20082000000,
    "grossProfit": 8098000000,
    "grossProfitRatio": 0.2873669269,
    "researchAndDevelopmentExpenses": 0,
    "generalAndAdministrativeExpenses": 2283000000,
    "sellingAndMarketingExpenses": 1104000000,
    "sellingGeneralAndAdministrativeExpenses": 3387000000,
    "otherExpenses": 2203000000,
    "operatingExpenses": 5590000000,
    "costAndExpenses": 25672000000,
    "interestIncome": 0,
    "interestExpense": 816000000,
    "depreciationAndAmortization": 1916000000,
    "ebitda": 3455000000,
    "ebitdaratio": 0.1226046842,
    "operatingIncome": 2508000000,
    "operatingIncomeRatio": 0.0889992903,
    "totalOtherIncomeExpensesNet": -1785000000,
    "incomeBeforeTax": 723000000,
    "incomeBeforeTaxRatio": 0.025656494,
    "incomeTaxExpense": 117000000,
    "netIncome": 142000000,
    "netIncomeRatio": 0.0050390348,
    "eps": 0.32,
    "epsdiluted": 0.32,
    "weightedAverageShsOut": 449600000,
    "weightedAverageShsOutDil": 450000000,
    "link": "https://www.sec.gov/Archives/edgar/data/51434/000095010302000036/0000950103-02-000036-index.htm",
    "finalLink": "https://www.sec.gov/Archives/edgar/data/51434/000095010302000036/jan1602_10ka2.txt"
  },
  {
    "date": "1999-12-31",
    "symbol": "IP",
    "reportedCurrency": "USD",
    "cik": "0000051434",
    "fillingDate": "2000-03-27",
    "acceptedDate": "2000-03-27 00:00:00",
    "calendarYear": "1999",
    "period": "FY",
    "revenue": 24573000000,
    "costOfRevenue": 17960000000,
    "grossProfit": 6613000000,
    "grossProfitRatio": 0.26911651,
    "researchAndDevelopmentExpenses": 0,
    "generalAndAdministrativeExpenses": 2083000000,
    "sellingAndMarketingExpenses": 1098000000,
    "sellingGeneralAndAdministrativeExpenses": 3181000000,
    "otherExpenses": 1891000000,
    "operatingExpenses": 5072000000,
    "costAndExpenses": 23032000000,
    "interestIncome": 0,
    "interestExpense": 541000000,
    "depreciationAndAmortization": 1665000000,
    "ebitda": 2654000000,
    "ebitdaratio": 0.1080047206,
    "operatingIncome": 1541000000,
    "operatingIncomeRatio": 0.0627111057,
    "totalOtherIncomeExpensesNet": -1093000000,
    "incomeBeforeTax": 448000000,
    "incomeBeforeTaxRatio": 0.0182313922,
    "incomeTaxExpense": 86000000,
    "netIncome": 183000000,
    "netIncomeRatio": 0.0074471981,
    "eps": 0.44,
    "epsdiluted": 0.44,
    "weightedAverageShsOut": 413000000,
    "weightedAverageShsOutDil": 416100000,
    "link": "https://www.sec.gov/Archives/edgar/data/51434/000091205700013809/0000912057-00-013809-index.html",
    "finalLink": "https://www.sec.gov/Archives/edgar/data/51434/000091205700013809/"
  },
  {
    "date": "1998-12-31",
    "symbol": "IP",
    "reportedCurrency": "USD",
    "cik": "0000051434",
    "fillingDate": "1999-03-31",
    "acceptedDate": "1999-03-31 00:00:00",
    "calendarYear": "1998",
    "period": "FY",
    "revenue": 23979000000,
    "costOfRevenue": 17758000000,
    "grossProfit": 6221000000,
    "grossProfitRatio": 0.2594353393,
    "researchAndDevelopmentExpenses": 0,
    "generalAndAdministrativeExpenses": 2032000000,
    "sellingAndMarketingExpenses": 1087000000,
    "sellingGeneralAndAdministrativeExpenses": 3119000000,
    "otherExpenses": 1891000000,
    "operatingExpenses": 5010000000,
    "costAndExpenses": 22768000000,
    "interestIncome": 0,
    "interestExpense": 614000000,
    "depreciationAndAmortization": 1660000000,
    "ebitda": 2703000000,
    "ebitdaratio": 0.1127236332,
    "operatingIncome": 1211000000,
    "operatingIncomeRatio": 0.050502523,
    "totalOtherIncomeExpensesNet": -782000000,
    "incomeBeforeTax": 429000000,
    "incomeBeforeTaxRatio": 0.0178906543,
    "incomeTaxExpense": 95000000,
    "netIncome": 247000000,
    "netIncomeRatio": 0.0103006798,
    "eps": 0.6,
    "epsdiluted": 0.57,
    "weightedAverageShsOut": 411000000,
    "weightedAverageShsOutDil": 414200000,
    "link": "https://www.sec.gov/Archives/edgar/data/51434/0001047469-99-012865-index.html",
    "finalLink": "https://www.sec.gov/Archives/edgar/data/51434/0001047469-99-012865.txt"
  },
  {
    "date": "1997-12-31",
    "symbol": "IP",
    "reportedCurrency": "USD",
    "cik": "0000051434",
    "fillingDate": "1998-03-30",
    "acceptedDate": "1998-03-30 00:00:00",
    "calendarYear": "1997",
    "period": "FY",
    "revenue": 24556000000,
    "costOfRevenue": 18087000000,
    "grossProfit": 6469000000,
    "grossProfitRatio": 0.2634386708,
    "researchAndDevelopmentExpenses": 0,
    "generalAndAdministrativeExpenses": 2090000000,
    "sellingAndMarketingExpenses": 1165000000,
    "sellingGeneralAndAdministrativeExpenses": 3255000000,
    "otherExpenses": 1975000000,
    "operatingExpenses": 5230000000,
    "costAndExpenses": 23317000000,
    "interestIncome": 0,
    "interestExpense": 607000000,
    "depreciationAndAmortization": 1570000000,
    "ebitda": 2320000000,
    "ebitdaratio": 0.094477928,
    "operatingIncome": 1239000000,
    "operatingIncomeRatio": 0.0504561003,
    "totalOtherIncomeExpensesNet": -1096000000,
    "incomeBeforeTax": 143000000,
    "incomeBeforeTaxRatio": 0.005823424,
    "incomeTaxExpense": 83000000,
    "netIncome": -80000000,
    "netIncomeRatio": -0.0032578596,
    "eps": -0.2,
    "epsdiluted": -0.5,
    "weightedAverageShsOut": 406700000,
    "weightedAverageShsOutDil": 303450000,
    "link": "https://www.sec.gov/Archives/edgar/data/51434/000104746998012606/0001047469-98-012606-index.html",
    "finalLink": "https://www.sec.gov/Archives/edgar/data/51434/"
  },
  {
    "date": "1996-12-31",
    "symbol": "IP",
    "reportedCurrency": "USD",
    "cik": "0000051434",
    "fillingDate": "1997-03-28",
    "acceptedDate": "1997-03-28 00:00:00",
    "calendarYear": "1996",
    "period": "FY",
    "revenue": 20143000000,
    "costOfRevenue": 14883000000,
    "grossProfit": 5260000000,
    "grossProfitRatio": 0.2611328998,
    "researchAndDevelopmentExpenses": 0,
    "generalAndAdministrativeExpenses": 1509000000,
    "sellingAndMarketingExpenses": 925000000,
    "sellingGeneralAndAdministrativeExpenses": 2434000000,
    "otherExpenses": 1388000000,
    "operatingExpenses": 3822000000,
    "costAndExpenses": 18705000000,
    "interestIncome": 0,
    "interestExpense": 530000000,
    "depreciationAndAmortization": 1194000000,
    "ebitda": 2526000000,
    "ebitdaratio": 0.1254033659,
    "operatingIncome": 1438000000,
    "operatingIncomeRatio": 0.0713895646,
    "totalOtherIncomeExpensesNet": -636000000,
    "incomeBeforeTax": 802000000,
    "incomeBeforeTaxRatio": 0.0398153205,
    "incomeTaxExpense": 330000000,
    "netIncome": 303000000,
    "netIncomeRatio": 0.0150424465,
    "eps": 1.04,
    "epsdiluted": 1.04,
    "weightedAverageShsOut": 292100000,
    "weightedAverageShsOutDil": 292600000,
    "link": "https://www.sec.gov/Archives/edgar/data/51434/000091205797010800/0000912057-97-010800-index.html",
    "finalLink": "https://www.sec.gov/Archives/edgar/data/51434/"
  },
  {
    "date": "1995-12-31",
    "symbol": "IP",
    "reportedCurrency": "USD",
    "cik": "0000051434",
    "fillingDate": "1996-04-01",
    "acceptedDate": "1996-04-01 00:00:00",
    "calendarYear": "1995",
    "period": "FY",
    "revenue": 19797000000,
    "costOfRevenue": 13896000000,
    "grossProfit": 5901000000,
    "grossProfitRatio": 0.298075466,
    "researchAndDevelopmentExpenses": 0,
    "generalAndAdministrativeExpenses": 1381000000,
    "sellingAndMarketingExpenses": 794000000,
    "sellingGeneralAndAdministrativeExpenses": 2175000000,
    "otherExpenses": 1205000000,
    "operatingExpenses": 3380000000,
    "costAndExpenses": 17276000000,
    "interestIncome": 0,
    "interestExpense": 493000000,
    "depreciationAndAmortization": 1031000000,
    "ebitda": 3552000000,
    "ebitdaratio": 0.1794211244,
    "operatingIncome": 2521000000,
    "operatingIncomeRatio": 0.1273425266,
    "totalOtherIncomeExpensesNet": -493000000,
    "incomeBeforeTax": 2028000000,
    "incomeBeforeTaxRatio": 0.1024397636,
    "incomeTaxExpense": 719000000,
    "netIncome": 1153000000,
    "netIncomeRatio": 0.0582411476,
    "eps": 4.5,
    "epsdiluted": 4.37,
    "weightedAverageShsOut": 256500000,
    "weightedAverageShsOutDil": 263900000,
    "link": "https://www.sec.gov/Archives/edgar/data/51434/000088981296000318/0000889812-96-000318-index.html",
    "finalLink": "https://www.sec.gov/Archives/edgar/data/51434/"
  },
  {
    "date": "1994-12-31",
    "symbol": "IP",
    "reportedCurrency": "USD",
    "cik": "0000051434",
    "fillingDate": "1995-03-31",
    "acceptedDate": "1995-03-31 00:00:00",
    "calendarYear": "1994",
    "period": "FY",
    "revenue": 14966000000,
    "costOfRevenue": 11092000000,
    "grossProfit": 3874000000,
    "grossProfitRatio": 0.258853401,
    "researchAndDevelopmentExpenses": 0,
    "generalAndAdministrativeExpenses": 1082000000,
    "sellingAndMarketingExpenses": 692000000,
    "sellingGeneralAndAdministrativeExpenses": 1774000000,
    "otherExpenses": 1036000000,
    "operatingExpenses": 2810000000,
    "costAndExpenses": 13902000000,
    "interestIncome": 0,
    "interestExpense": 349000000,
    "depreciationAndAmortization": 885000000,
    "ebitda": 1949000000,
    "ebitdaratio": 0.130228518,
    "operatingIncome": 1064000000,
    "operatingIncomeRatio": 0.0710944808,
    "totalOtherIncomeExpensesNet": -349000000,
    "incomeBeforeTax": 715000000,
    "incomeBeforeTaxRatio": 0.0477749566,
    "incomeTaxExpense": 236000000,
    "netIncome": 432000000,
    "netIncomeRatio": 0.0288654283,
    "eps": 1.43,
    "epsdiluted": 1.73,
    "weightedAverageShsOut": 249700000,
    "weightedAverageShsOutDil": 249700000,
    "link": "https://www.sec.gov/Archives/edgar/data/51434/000088981295000091/0000889812-95-000091-index.html",
    "finalLink": "https://www.sec.gov/Archives/edgar/data/51434/"
  },
  {
    "date": "1993-12-31",
    "symbol": "IP",
    "reportedCurrency": "USD",
    "cik": "0000051434",
    "fillingDate": "1994-03-31",
    "acceptedDate": "1994-03-31 00:00:00",
    "calendarYear": "1993",
    "period": "FY",
    "revenue": 13685000000,
    "costOfRevenue": 10153000000,
    "grossProfit": 3532000000,
    "grossProfitRatio": 0.2580928023,
    "researchAndDevelopmentExpenses": 0,
    "generalAndAdministrativeExpenses": 999000000,
    "sellingAndMarketingExpenses": 634000000,
    "sellingGeneralAndAdministrativeExpenses": 1633000000,
    "otherExpenses": 1051000000,
    "operatingExpenses": 2684000000,
    "costAndExpenses": 12837000000,
    "interestIncome": 0,
    "interestExpense": 310000000,
    "depreciationAndAmortization": 898000000,
    "ebitda": 1746000000,
    "ebitdaratio": 0.127584947,
    "operatingIncome": 848000000,
    "operatingIncomeRatio": 0.0619656558,
    "totalOtherIncomeExpensesNet": -310000000,
    "incomeBeforeTax": 538000000,
    "incomeBeforeTaxRatio": 0.0393131166,
    "incomeTaxExpense": 213000000,
    "netIncome": 289000000,
    "netIncomeRatio": 0.0211180124,
    "eps": 1.17,
    "epsdiluted": 1.17,
    "weightedAverageShsOut": 246500000,
    "weightedAverageShsOutDil": 246500000,
    "link": "https://www.sec.gov/Archives/edgar/data/51434/000095011594000073/0000950115-94-000073-index.html",
    "finalLink": "https://www.sec.gov/Archives/edgar/data/51434/"
  },
  {
    "date": "1992-12-31",
    "symbol": "IP",
    "reportedCurrency": "USD",
    "cik": "0000051434",
    "fillingDate": "1992-12-31",
    "acceptedDate": "1992-12-31 00:00:00",
    "calendarYear": "1992",
    "period": "FY",
    "revenue": 13598000000,
    "costOfRevenue": 10137000000,
    "grossProfit": 3461000000,
    "grossProfitRatio": 0.2545227239,
    "researchAndDevelopmentExpenses": 0,
    "generalAndAdministrativeExpenses": 981000000,
    "sellingAndMarketingExpenses": 629000000,
    "sellingGeneralAndAdministrativeExpenses": 1610000000,
    "otherExpenses": 1000000000,
    "operatingExpenses": 2610000000,
    "costAndExpenses": 12747000000,
    "interestIncome": 0,
    "interestExpense": 247000000,
    "depreciationAndAmortization": 850000000,
    "ebitda": 1303000000,
    "ebitdaratio": 0.0958229151,
    "operatingIncome": 851000000,
    "operatingIncomeRatio": 0.0625827328,
    "totalOtherIncomeExpensesNet": -645000000,
    "incomeBeforeTax": 206000000,
    "incomeBeforeTaxRatio": 0.0151492867,
    "incomeTaxExpense": 64000000,
    "netIncome": 136000000,
    "netIncomeRatio": 0.0100014708,
    "eps": 0.36,
    "epsdiluted": 0.35,
    "weightedAverageShsOut": 242800000,
    "weightedAverageShsOutDil": 242800000,
    "link": null,
    "finalLink": null
  },
  {
    "date": "1991-12-31",
    "symbol": "IP",
    "reportedCurrency": "USD",
    "cik": "0000051434",
    "fillingDate": "1991-12-31",
    "acceptedDate": "1991-12-31 00:00:00",
    "calendarYear": "1991",
    "period": "FY",
    "revenue": 12703000000,
    "costOfRevenue": 9341000000,
    "grossProfit": 3362000000,
    "grossProfitRatio": 0.2646618909,
    "researchAndDevelopmentExpenses": 0,
    "generalAndAdministrativeExpenses": 0,
    "sellingAndMarketingExpenses": 0,
    "sellingGeneralAndAdministrativeExpenses": 1574000000,
    "otherExpenses": 835000000,
    "operatingExpenses": 2409000000,
    "costAndExpenses": 11750000000,
    "interestIncome": 0,
    "interestExpense": 0,
    "depreciationAndAmortization": 700000000,
    "ebitda": 1653000000,
    "ebitdaratio": 0.1301267417,
    "operatingIncome": 953000000,
    "operatingIncomeRatio": 0.0750216484,
    "totalOtherIncomeExpensesNet": -315000000,
    "incomeBeforeTax": 638000000,
    "incomeBeforeTaxRatio": 0.0502243565,
    "incomeTaxExpense": 239000000,
    "netIncome": 399000000,
    "netIncomeRatio": 0.0314099032,
    "eps": 1.81,
    "epsdiluted": 1.81,
    "weightedAverageShsOut": 220441989,
    "weightedAverageShsOutDil": 220441989,
    "link": null,
    "finalLink": null
  },
  {
    "date": "1990-12-31",
    "symbol": "IP",
    "reportedCurrency": "USD",
    "cik": "0000051434",
    "fillingDate": "1990-12-31",
    "acceptedDate": "1990-12-31 00:00:00",
    "calendarYear": "1990",
    "period": "FY",
    "revenue": 12960000000,
    "costOfRevenue": 9263000000,
    "grossProfit": 3697000000,
    "grossProfitRatio": 0.2852623457,
    "researchAndDevelopmentExpenses": 0,
    "generalAndAdministrativeExpenses": 0,
    "sellingAndMarketingExpenses": 0,
    "sellingGeneralAndAdministrativeExpenses": 1674000000,
    "otherExpenses": 800000000,
    "operatingExpenses": 2474000000,
    "costAndExpenses": 11737000000,
    "interestIncome": 0,
    "interestExpense": 0,
    "depreciationAndAmortization": 667000000,
    "ebitda": 1890000000,
    "ebitdaratio": 0.1458333333,
    "operatingIncome": 1223000000,
    "operatingIncomeRatio": 0.094367284,
    "totalOtherIncomeExpensesNet": -277000000,
    "incomeBeforeTax": 946000000,
    "incomeBeforeTaxRatio": 0.0729938272,
    "incomeTaxExpense": 377000000,
    "netIncome": 569000000,
    "netIncomeRatio": 0.043904321,
    "eps": 2.61,
    "epsdiluted": 2.61,
    "weightedAverageShsOut": 218007663,
    "weightedAverageShsOutDil": 218007663,
    "link": null,
    "finalLink": null
  },
  {
    "date": "1989-12-31",
    "symbol": "IP",
    "reportedCurrency": "USD",
    "cik": "0000051434",
    "fillingDate": "1989-12-31",
    "acceptedDate": "1989-12-31 00:00:00",
    "calendarYear": "1989",
    "period": "FY",
    "revenue": 11378000000,
    "costOfRevenue": 7918000000,
    "grossProfit": 3460000000,
    "grossProfitRatio": 0.3040956231,
    "researchAndDevelopmentExpenses": 0,
    "generalAndAdministrativeExpenses": 0,
    "sellingAndMarketingExpenses": 0,
    "sellingGeneralAndAdministrativeExpenses": 1200000000,
    "otherExpenses": 650000000,
    "operatingExpenses": 1850000000,
    "costAndExpenses": 9768000000,
    "interestIncome": 0,
    "interestExpense": 0,
    "depreciationAndAmortization": 559000000,
    "ebitda": 2169000000,
    "ebitdaratio": 0.1906310424,
    "operatingIncome": 1610000000,
    "operatingIncomeRatio": 0.1415011426,
    "totalOtherIncomeExpensesNet": -205000000,
    "incomeBeforeTax": 1405000000,
    "incomeBeforeTaxRatio": 0.1234839163,
    "incomeTaxExpense": 541000000,
    "netIncome": 864000000,
    "netIncomeRatio": 0.0759360169,
    "eps": 3.86,
    "epsdiluted": 3.95,
    "weightedAverageShsOut": 218911917,
    "weightedAverageShsOutDil": 218911917,
    "link": null,
    "finalLink": null
  },
  {
    "date": "1988-12-31",
    "symbol": "IP",
    "reportedCurrency": "USD",
    "cik": "0000051434",
    "fillingDate": "1988-12-31",
    "acceptedDate": "1988-12-30 19:00:00",
    "calendarYear": "1988",
    "period": "FY",
    "revenue": 9533000000,
    "costOfRevenue": 6715000000,
    "grossProfit": 2818000000,
    "grossProfitRatio": 0.2956047414,
    "researchAndDevelopmentExpenses": 0,
    "generalAndAdministrativeExpenses": 0,
    "sellingAndMarketingExpenses": 0,
    "sellingGeneralAndAdministrativeExpenses": 944000000,
    "otherExpenses": 535000000,
    "operatingExpenses": 1479000000,
    "costAndExpenses": 8194000000,
    "interestIncome": 0,
    "interestExpense": 0,
    "depreciationAndAmortization": 446000000,
    "ebitda": 1785000000,
    "ebitdaratio": 0.1872443092,
    "operatingIncome": 1339000000,
    "operatingIncomeRatio": 0.1404594566,
    "totalOtherIncomeExpensesNet": -141000000,
    "incomeBeforeTax": 1198000000,
    "incomeBeforeTaxRatio": 0.1256687297,
    "incomeTaxExpense": 444000000,
    "netIncome": 754000000,
    "netIncomeRatio": 0.0790936746,
    "eps": 3.29,
    "epsdiluted": 3.38,
    "weightedAverageShsOut": 222796353,
    "weightedAverageShsOutDil": 222796353,
    "link": "",
    "finalLink": ""
  },
  {
    "date": "1987-12-31",
    "symbol": "IP",
    "reportedCurrency": "USD",
    "cik": "0000051434",
    "fillingDate": "1987-12-31",
    "acceptedDate": "1987-12-30 19:00:00",
    "calendarYear": "1987",
    "period": "FY",
    "revenue": 7763000000,
    "costOfRevenue": 5660000000,
    "grossProfit": 2103000000,
    "grossProfitRatio": 0.2709004251,
    "researchAndDevelopmentExpenses": 0,
    "generalAndAdministrativeExpenses": 0,
    "sellingAndMarketingExpenses": 0,
    "sellingGeneralAndAdministrativeExpenses": 836000000,
    "otherExpenses": 477000000,
    "operatingExpenses": 1313000000,
    "costAndExpenses": 6973000000,
    "interestIncome": 0,
    "interestExpense": 0,
    "depreciationAndAmortization": 398000000,
    "ebitda": 1188000000,
    "ebitdaratio": 0.153033621,
    "operatingIncome": 790000000,
    "operatingIncomeRatio": 0.1017647817,
    "totalOtherIncomeExpensesNet": -109000000,
    "incomeBeforeTax": 681000000,
    "incomeBeforeTaxRatio": 0.0877238181,
    "incomeTaxExpense": 274000000,
    "netIncome": 407000000,
    "netIncomeRatio": 0.052428185,
    "eps": 1.84,
    "epsdiluted": 1.94,
    "weightedAverageShsOut": 210326087,
    "weightedAverageShsOutDil": 210326087,
    "link": "",
    "finalLink": ""
  },
  {
    "date": "1986-12-31",
    "symbol": "IP",
    "reportedCurrency": "USD",
    "cik": "0000051434",
    "fillingDate": "1986-12-31",
    "acceptedDate": "1986-12-30 19:00:00",
    "calendarYear": "1986",
    "period": "FY",
    "revenue": 5500000000,
    "costOfRevenue": 4293000000,
    "grossProfit": 1207000000,
    "grossProfitRatio": 0.2194545455,
    "researchAndDevelopmentExpenses": 0,
    "generalAndAdministrativeExpenses": 0,
    "sellingAndMarketingExpenses": 0,
    "sellingGeneralAndAdministrativeExpenses": 355000000,
    "otherExpenses": 395000000,
    "operatingExpenses": 750000000,
    "costAndExpenses": 5043000000,
    "interestIncome": 0,
    "interestExpense": 0,
    "depreciationAndAmortization": 326000000,
    "ebitda": 783000000,
    "ebitdaratio": 0.1423636364,
    "operatingIncome": 457000000,
    "operatingIncomeRatio": 0.0830909091,
    "totalOtherIncomeExpensesNet": -3000000,
    "incomeBeforeTax": 454000000,
    "incomeBeforeTaxRatio": 0.0825454545,
    "incomeTaxExpense": 149000000,
    "netIncome": 305000000,
    "netIncomeRatio": 0.0554545455,
    "eps": 1.45,
    "epsdiluted": 1.56,
    "weightedAverageShsOut": 195862069,
    "weightedAverageShsOutDil": 195862069,
    "link": "",
    "finalLink": ""
  },
  {
    "date": "1985-12-31",
    "symbol": "IP",
    "reportedCurrency": "USD",
    "cik": "0000051434",
    "fillingDate": "1985-12-31",
    "acceptedDate": "1985-12-30 19:00:00",
    "calendarYear": "1985",
    "period": "FY",
    "revenue": 4501900000,
    "costOfRevenue": 3477000000,
    "grossProfit": 1024900000,
    "grossProfitRatio": 0.2276594327,
    "researchAndDevelopmentExpenses": 0,
    "generalAndAdministrativeExpenses": 0,
    "sellingAndMarketingExpenses": 0,
    "sellingGeneralAndAdministrativeExpenses": 551000000,
    "otherExpenses": 338000000,
    "operatingExpenses": 889000000,
    "costAndExpenses": 4366000000,
    "interestIncome": 0,
    "interestExpense": 0,
    "depreciationAndAmortization": 267000000,
    "ebitda": 402900000,
    "ebitdaratio": 0.0894955463,
    "operatingIncome": 135900000,
    "operatingIncomeRatio": 0.0301872543,
    "totalOtherIncomeExpensesNet": 23100000,
    "incomeBeforeTax": 159000000,
    "incomeBeforeTaxRatio": 0.0353184211,
    "incomeTaxExpense": 28000000,
    "netIncome": 131000000,
    "netIncomeRatio": 0.0290988249,
    "eps": 0.54,
    "epsdiluted": 0.67,
    "weightedAverageShsOut": 194444444,
    "weightedAverageShsOutDil": 194444444,
    "link": "",
    "finalLink": ""
  }
]