[
  {
    "date": "2025-06-30",
    "symbol": "IPG",
    "reportedCurrency": "USD",
    "cik": "0000051644",
    "fillingDate": "2025-07-23",
    "acceptedDate": "2025-07-23 16:53:44",
    "calendarYear": "2025",
    "period": "Q2",
    "revenue": 2536800000,
    "costOfRevenue": 2067500000,
    "grossProfit": 469300000,
    "grossProfitRatio": 0.1849968464,
    "researchAndDevelopmentExpenses": 0,
    "generalAndAdministrativeExpenses": 0,
    "sellingAndMarketingExpenses": 0,
    "sellingGeneralAndAdministrativeExpenses": 46400000,
    "otherExpenses": 179200000,
    "operatingExpenses": 225600000,
    "costAndExpenses": 2293100000,
    "interestIncome": 26200000,
    "interestExpense": 50500000,
    "depreciationAndAmortization": 61200000,
    "ebitda": 329700000,
    "ebitdaratio": 0.1299668874,
    "operatingIncome": 243700000,
    "operatingIncomeRatio": 0.0960659098,
    "totalOtherIncomeExpensesNet": -25700000,
    "incomeBeforeTax": 218000000,
    "incomeBeforeTaxRatio": 0.0859350363,
    "incomeTaxExpense": 54600000,
    "netIncome": 162500000,
    "netIncomeRatio": 0.0640570798,
    "eps": 0.44,
    "epsdiluted": 0.44,
    "weightedAverageShsOut": 367900000,
    "weightedAverageShsOutDil": 370100000,
    "link": "https://www.sec.gov/Archives/edgar/data/51644/000005164425000051/0000051644-25-000051-index.htm",
    "finalLink": "https://www.sec.gov/Archives/edgar/data/51644/000005164425000051/ipg-20250630.htm"
  },
  {
    "date": "2025-03-31",
    "symbol": "IPG",
    "reportedCurrency": "USD",
    "cik": "0000051644",
    "fillingDate": "2025-04-24",
    "acceptedDate": "2025-04-24 09:14:00",
    "calendarYear": "2025",
    "period": "Q1",
    "revenue": 2322600000,
    "costOfRevenue": 2059900000,
    "grossProfit": 262700000,
    "grossProfitRatio": 0.1131060019,
    "researchAndDevelopmentExpenses": 0,
    "generalAndAdministrativeExpenses": 0,
    "sellingAndMarketingExpenses": 0,
    "sellingGeneralAndAdministrativeExpenses": 40400000,
    "otherExpenses": 264300000,
    "operatingExpenses": 304700000,
    "costAndExpenses": 2364600000,
    "interestIncome": 34600000,
    "interestExpense": 50100000,
    "depreciationAndAmortization": 61000000,
    "ebitda": 16700000,
    "ebitdaratio": 0.0071902179,
    "operatingIncome": -42000000,
    "operatingIncomeRatio": -0.0180831826,
    "totalOtherIncomeExpensesNet": -52400000,
    "incomeBeforeTax": -94500000,
    "incomeBeforeTaxRatio": -0.0406871609,
    "incomeTaxExpense": -9200000,
    "netIncome": -85400000,
    "netIncomeRatio": -0.036769138,
    "eps": -0.23,
    "epsdiluted": -0.23,
    "weightedAverageShsOut": 372500000,
    "weightedAverageShsOutDil": 375000000,
    "link": "https://www.sec.gov/Archives/edgar/data/51644/000005164425000039/0000051644-25-000039-index.htm",
    "finalLink": "https://www.sec.gov/Archives/edgar/data/51644/000005164425000039/ipg-20250331.htm"
  },
  {
    "date": "2024-12-31",
    "symbol": "IPG",
    "reportedCurrency": "USD",
    "cik": "0000051644",
    "fillingDate": "2025-02-20",
    "acceptedDate": "2025-02-20 16:36:58",
    "calendarYear": "2024",
    "period": "Q4",
    "revenue": 2857000000,
    "costOfRevenue": 2188000000,
    "grossProfit": 669000000,
    "grossProfitRatio": 0.2341617081,
    "researchAndDevelopmentExpenses": 0,
    "generalAndAdministrativeExpenses": 0,
    "sellingAndMarketingExpenses": 0,
    "sellingGeneralAndAdministrativeExpenses": 44100000,
    "otherExpenses": 57000000,
    "operatingExpenses": 101100000,
    "costAndExpenses": 2289100000,
    "interestIncome": 32200000,
    "interestExpense": 54300000,
    "depreciationAndAmortization": 63400000,
    "ebitda": 601000000,
    "ebitdaratio": 0.210360518,
    "operatingIncome": 567900000,
    "operatingIncomeRatio": 0.1987749387,
    "totalOtherIncomeExpensesNet": -83900000,
    "incomeBeforeTax": 484000000,
    "incomeBeforeTaxRatio": 0.1694084704,
    "incomeTaxExpense": 125700000,
    "netIncome": 344500000,
    "netIncomeRatio": 0.1205810291,
    "eps": 0.92,
    "epsdiluted": 0.91,
    "weightedAverageShsOut": 375200000,
    "weightedAverageShsOutDil": 377700000,
    "link": "https://www.sec.gov/Archives/edgar/data/51644/000005164425000024/0000051644-25-000024-index.htm",
    "finalLink": "https://www.sec.gov/Archives/edgar/data/51644/000005164425000024/ipg-20241231.htm"
  },
  {
    "date": "2024-09-30",
    "symbol": "IPG",
    "reportedCurrency": "USD",
    "cik": "0000051644",
    "fillingDate": "2024-10-23",
    "acceptedDate": "2024-10-23 16:35:53",
    "calendarYear": "2024",
    "period": "Q3",
    "revenue": 2628800000,
    "costOfRevenue": 2177200000,
    "grossProfit": 451600000,
    "grossProfitRatio": 0.1717894096,
    "researchAndDevelopmentExpenses": 0,
    "generalAndAdministrativeExpenses": 0,
    "sellingAndMarketingExpenses": 0,
    "sellingGeneralAndAdministrativeExpenses": 20800000,
    "otherExpenses": 297900000,
    "operatingExpenses": 318700000,
    "costAndExpenses": 2495900000,
    "interestIncome": 34200000,
    "interestExpense": 54900000,
    "depreciationAndAmortization": 65300000,
    "ebitda": 229700000,
    "ebitdaratio": 0.0873782715,
    "operatingIncome": 132900000,
    "operatingIncomeRatio": 0.0505553865,
    "totalOtherIncomeExpensesNet": -23400000,
    "incomeBeforeTax": 109500000,
    "incomeBeforeTaxRatio": 0.0416539866,
    "incomeTaxExpense": 85300000,
    "netIncome": 20100000,
    "netIncomeRatio": 0.0076460743,
    "eps": 0.0538,
    "epsdiluted": 0.0533,
    "weightedAverageShsOut": 373900000,
    "weightedAverageShsOutDil": 376800000,
    "link": "https://www.sec.gov/Archives/edgar/data/51644/000005164424000049/0000051644-24-000049-index.htm",
    "finalLink": "https://www.sec.gov/Archives/edgar/data/51644/000005164424000049/ipg-20240930.htm"
  },
  {
    "date": "2024-06-30",
    "symbol": "IPG",
    "reportedCurrency": "USD",
    "cik": "0000051644",
    "fillingDate": "2024-07-24",
    "acceptedDate": "2024-07-24 16:18:15",
    "calendarYear": "2024",
    "period": "Q2",
    "revenue": 2710000000,
    "costOfRevenue": 2298900000,
    "grossProfit": 411100000,
    "grossProfitRatio": 0.151697417,
    "researchAndDevelopmentExpenses": 0,
    "generalAndAdministrativeExpenses": 0,
    "sellingAndMarketingExpenses": 0,
    "sellingGeneralAndAdministrativeExpenses": 27600000,
    "otherExpenses": 65300000,
    "operatingExpenses": 92900000,
    "costAndExpenses": 2391800000,
    "interestIncome": 36600000,
    "interestExpense": 57900000,
    "depreciationAndAmortization": 65000000,
    "ebitda": 418600000,
    "ebitdaratio": 0.1544649446,
    "operatingIncome": 318200000,
    "operatingIncomeRatio": 0.1174169742,
    "totalOtherIncomeExpensesNet": -23000000,
    "incomeBeforeTax": 295200000,
    "incomeBeforeTaxRatio": 0.1089298893,
    "incomeTaxExpense": 75600000,
    "netIncome": 214500000,
    "netIncomeRatio": 0.0791512915,
    "eps": 0.57,
    "epsdiluted": 0.57,
    "weightedAverageShsOut": 376300000,
    "weightedAverageShsOutDil": 378700000,
    "link": "https://www.sec.gov/Archives/edgar/data/51644/000005164424000036/0000051644-24-000036-index.htm",
    "finalLink": "https://www.sec.gov/Archives/edgar/data/51644/000005164424000036/ipg-20240630.htm"
  },
  {
    "date": "2024-03-31",
    "symbol": "IPG",
    "reportedCurrency": "USD",
    "cik": "0000051644",
    "fillingDate": "2024-04-24",
    "acceptedDate": "2024-04-24 09:17:41",
    "calendarYear": "2024",
    "period": "Q1",
    "revenue": 2495900000,
    "costOfRevenue": 2207900000,
    "grossProfit": 288000000,
    "grossProfitRatio": 0.1153892384,
    "researchAndDevelopmentExpenses": 0,
    "generalAndAdministrativeExpenses": 0,
    "sellingAndMarketingExpenses": 0,
    "sellingGeneralAndAdministrativeExpenses": 38000000,
    "otherExpenses": 65800000,
    "operatingExpenses": 103800000,
    "costAndExpenses": 2311700000,
    "interestIncome": 48700000,
    "interestExpense": 62800000,
    "depreciationAndAmortization": 65200000,
    "ebitda": 288600000,
    "ebitdaratio": 0.1156296326,
    "operatingIncome": 184200000,
    "operatingIncomeRatio": 0.0738010337,
    "totalOtherIncomeExpensesNet": -23300000,
    "incomeBeforeTax": 160900000,
    "incomeBeforeTaxRatio": 0.0644657238,
    "incomeTaxExpense": 47300000,
    "netIncome": 110400000,
    "netIncomeRatio": 0.0442325414,
    "eps": 0.29,
    "epsdiluted": 0.29,
    "weightedAverageShsOut": 378400000,
    "weightedAverageShsOutDil": 380600000,
    "link": "https://www.sec.gov/Archives/edgar/data/51644/000005164424000021/0000051644-24-000021-index.htm",
    "finalLink": "https://www.sec.gov/Archives/edgar/data/51644/000005164424000021/ipg-20240331.htm"
  },
  {
    "date": "2023-12-31",
    "symbol": "IPG",
    "reportedCurrency": "USD",
    "cik": "0000051644",
    "fillingDate": "2024-02-20",
    "acceptedDate": "2024-02-20 14:36:32",
    "calendarYear": "2023",
    "period": "Q4",
    "revenue": 3023300000,
    "costOfRevenue": 2326900000,
    "grossProfit": 696400000,
    "grossProfitRatio": 0.2303443257,
    "researchAndDevelopmentExpenses": 0,
    "generalAndAdministrativeExpenses": 0,
    "sellingAndMarketingExpenses": 0,
    "sellingGeneralAndAdministrativeExpenses": 23500000,
    "otherExpenses": 66100000,
    "operatingExpenses": 89600000,
    "costAndExpenses": 2416500000,
    "interestIncome": 43500000,
    "interestExpense": 61400000,
    "depreciationAndAmortization": 65300000,
    "ebitda": 750600000,
    "ebitdaratio": 0.248271756,
    "operatingIncome": 606800000,
    "operatingIncomeRatio": 0.2007078358,
    "totalOtherIncomeExpensesNet": 20100000,
    "incomeBeforeTax": 626900000,
    "incomeBeforeTaxRatio": 0.2073562002,
    "incomeTaxExpense": 155300000,
    "netIncome": 463200000,
    "netIncomeRatio": 0.1532100685,
    "eps": 1.21,
    "epsdiluted": 1.21,
    "weightedAverageShsOut": 381400000,
    "weightedAverageShsOutDil": 383400000,
    "link": "https://www.sec.gov/Archives/edgar/data/51644/000005164424000013/0000051644-24-000013-index.htm",
    "finalLink": "https://www.sec.gov/Archives/edgar/data/51644/000005164424000013/ipg-20231231.htm"
  },
  {
    "date": "2023-09-30",
    "symbol": "IPG",
    "reportedCurrency": "USD",
    "cik": "0000051644",
    "fillingDate": "2023-10-25",
    "acceptedDate": "2023-10-25 16:42:34",
    "calendarYear": "2023",
    "period": "Q3",
    "revenue": 2678500000,
    "costOfRevenue": 2219400000,
    "grossProfit": 459100000,
    "grossProfitRatio": 0.1714019041,
    "researchAndDevelopmentExpenses": 0,
    "generalAndAdministrativeExpenses": 0,
    "sellingAndMarketingExpenses": 0,
    "sellingGeneralAndAdministrativeExpenses": 16900000,
    "otherExpenses": 65400000,
    "operatingExpenses": 82300000,
    "costAndExpenses": 2301700000,
    "interestIncome": 35100000,
    "interestExpense": 58700000,
    "depreciationAndAmortization": 66000000,
    "ebitda": 464200000,
    "ebitdaratio": 0.1733059548,
    "operatingIncome": 376800000,
    "operatingIncomeRatio": 0.1406757514,
    "totalOtherIncomeExpensesNet": -39600000,
    "incomeBeforeTax": 337200000,
    "incomeBeforeTaxRatio": 0.1258913571,
    "incomeTaxExpense": 91500000,
    "netIncome": 243700000,
    "netIncomeRatio": 0.0909837596,
    "eps": 0.64,
    "epsdiluted": 0.63,
    "weightedAverageShsOut": 383600000,
    "weightedAverageShsOutDil": 385500000,
    "link": "https://www.sec.gov/Archives/edgar/data/51644/000005164423000051/0000051644-23-000051-index.htm",
    "finalLink": "https://www.sec.gov/Archives/edgar/data/51644/000005164423000051/ipg-20230930.htm"
  },
  {
    "date": "2023-06-30",
    "symbol": "IPG",
    "reportedCurrency": "USD",
    "cik": "0000051644",
    "fillingDate": "2023-07-26",
    "acceptedDate": "2023-07-26 16:23:35",
    "calendarYear": "2023",
    "period": "Q2",
    "revenue": 2666500000,
    "costOfRevenue": 2277100000,
    "grossProfit": 389400000,
    "grossProfitRatio": 0.1460341271,
    "researchAndDevelopmentExpenses": 0,
    "generalAndAdministrativeExpenses": 0,
    "sellingAndMarketingExpenses": 0,
    "sellingGeneralAndAdministrativeExpenses": 13900000,
    "otherExpenses": 64800000,
    "operatingExpenses": 78700000,
    "costAndExpenses": 2355800000,
    "interestIncome": 28100000,
    "interestExpense": 55800000,
    "depreciationAndAmortization": 66500000,
    "ebitda": 400900000,
    "ebitdaratio": 0.1503468967,
    "operatingIncome": 310700000,
    "operatingIncomeRatio": 0.1165197825,
    "totalOtherIncomeExpensesNet": -31400000,
    "incomeBeforeTax": 279300000,
    "incomeBeforeTaxRatio": 0.1047440465,
    "incomeTaxExpense": 10600000,
    "netIncome": 265500000,
    "netIncomeRatio": 0.099568723,
    "eps": 0.69,
    "epsdiluted": 0.68,
    "weightedAverageShsOut": 385700000,
    "weightedAverageShsOutDil": 387700000,
    "link": "https://www.sec.gov/Archives/edgar/data/51644/000005164423000033/0000051644-23-000033-index.htm",
    "finalLink": "https://www.sec.gov/Archives/edgar/data/51644/000005164423000033/ipg-20230630.htm"
  },
  {
    "date": "2023-03-31",
    "symbol": "IPG",
    "reportedCurrency": "USD",
    "cik": "0000051644",
    "fillingDate": "2023-04-27",
    "acceptedDate": "2023-04-27 12:25:01",
    "calendarYear": "2023",
    "period": "Q1",
    "revenue": 2521000000,
    "costOfRevenue": 2251700000,
    "grossProfit": 269300000,
    "grossProfitRatio": 0.1068226894,
    "researchAndDevelopmentExpenses": 0,
    "generalAndAdministrativeExpenses": 0,
    "sellingAndMarketingExpenses": 0,
    "sellingGeneralAndAdministrativeExpenses": 12900000,
    "otherExpenses": 68100000,
    "operatingExpenses": 81000000,
    "costAndExpenses": 2332700000,
    "interestIncome": 34100000,
    "interestExpense": 49700000,
    "depreciationAndAmortization": 66500000,
    "ebitda": 282200000,
    "ebitdaratio": 0.1119397065,
    "operatingIncome": 188300000,
    "operatingIncomeRatio": 0.0746925823,
    "totalOtherIncomeExpensesNet": -22300000,
    "incomeBeforeTax": 166000000,
    "incomeBeforeTaxRatio": 0.0658468862,
    "incomeTaxExpense": 33800000,
    "netIncome": 126000000,
    "netIncomeRatio": 0.0499801666,
    "eps": 0.33,
    "epsdiluted": 0.33,
    "weightedAverageShsOut": 385800000,
    "weightedAverageShsOutDil": 387400000,
    "link": "https://www.sec.gov/Archives/edgar/data/51644/000005164423000017/0000051644-23-000017-index.htm",
    "finalLink": "https://www.sec.gov/Archives/edgar/data/51644/000005164423000017/ipg-20230331.htm"
  },
  {
    "date": "2022-12-31",
    "symbol": "IPG",
    "reportedCurrency": "USD",
    "cik": "0000051644",
    "fillingDate": "2023-02-21",
    "acceptedDate": "2023-02-21 08:59:55",
    "calendarYear": "2022",
    "period": "Q4",
    "revenue": 2985900000,
    "costOfRevenue": 2337600000,
    "grossProfit": 648300000,
    "grossProfitRatio": 0.2171204662,
    "researchAndDevelopmentExpenses": 0,
    "generalAndAdministrativeExpenses": 0,
    "sellingAndMarketingExpenses": 0,
    "sellingGeneralAndAdministrativeExpenses": 29900000,
    "otherExpenses": 173800000,
    "operatingExpenses": 203700000,
    "costAndExpenses": 2541300000,
    "interestIncome": 25400000,
    "interestExpense": 49400000,
    "depreciationAndAmortization": 72100000,
    "ebitda": 534300000,
    "ebitdaratio": 0.1789410228,
    "operatingIncome": 444600000,
    "operatingIncomeRatio": 0.1488998292,
    "totalOtherIncomeExpensesNet": -29500000,
    "incomeBeforeTax": 415100000,
    "incomeBeforeTaxRatio": 0.139020061,
    "incomeTaxExpense": 109200000,
    "netIncome": 297200000,
    "netIncomeRatio": 0.0995344787,
    "eps": 0.77,
    "epsdiluted": 0.76,
    "weightedAverageShsOut": 387900000,
    "weightedAverageShsOutDil": 392100000,
    "link": "https://www.sec.gov/Archives/edgar/data/51644/000005164423000010/0000051644-23-000010-index.htm",
    "finalLink": "https://www.sec.gov/Archives/edgar/data/51644/000005164423000010/ipg-20221231.htm"
  },
  {
    "date": "2022-09-30",
    "symbol": "IPG",
    "reportedCurrency": "USD",
    "cik": "0000051644",
    "fillingDate": "2022-10-26",
    "acceptedDate": "2022-10-26 17:30:45",
    "calendarYear": "2022",
    "period": "Q3",
    "revenue": 2637700000,
    "costOfRevenue": 2216200000,
    "grossProfit": 421500000,
    "grossProfitRatio": 0.1597983091,
    "researchAndDevelopmentExpenses": 0,
    "generalAndAdministrativeExpenses": 0,
    "sellingAndMarketingExpenses": 0,
    "sellingGeneralAndAdministrativeExpenses": 18500000,
    "otherExpenses": 61200000,
    "operatingExpenses": 79700000,
    "costAndExpenses": 2295900000,
    "interestIncome": 14700000,
    "interestExpense": 42600000,
    "depreciationAndAmortization": 67000000,
    "ebitda": 441000000,
    "ebitdaratio": 0.1671911135,
    "operatingIncome": 341800000,
    "operatingIncomeRatio": 0.1295825909,
    "totalOtherIncomeExpensesNet": -7900000,
    "incomeBeforeTax": 333900000,
    "incomeBeforeTaxRatio": 0.1265875573,
    "incomeTaxExpense": 76400000,
    "netIncome": 251800000,
    "netIncomeRatio": 0.0954619555,
    "eps": 0.64,
    "epsdiluted": 0.64,
    "weightedAverageShsOut": 390600000,
    "weightedAverageShsOutDil": 394100000,
    "link": "https://www.sec.gov/Archives/edgar/data/51644/000005164422000050/0000051644-22-000050-index.htm",
    "finalLink": "https://www.sec.gov/Archives/edgar/data/51644/000005164422000050/ipg-20220930.htm"
  },
  {
    "date": "2022-06-30",
    "symbol": "IPG",
    "reportedCurrency": "USD",
    "cik": "0000051644",
    "fillingDate": "2022-07-27",
    "acceptedDate": "2022-07-27 16:17:53",
    "calendarYear": "2022",
    "period": "Q2",
    "revenue": 2735700000,
    "costOfRevenue": 2300200000,
    "grossProfit": 435500000,
    "grossProfitRatio": 0.1591914318,
    "researchAndDevelopmentExpenses": 0,
    "generalAndAdministrativeExpenses": 0,
    "sellingAndMarketingExpenses": 0,
    "sellingGeneralAndAdministrativeExpenses": 19400000,
    "otherExpenses": 67000000,
    "operatingExpenses": 86400000,
    "costAndExpenses": 2386600000,
    "interestIncome": 11200000,
    "interestExpense": 41000000,
    "depreciationAndAmortization": 67100000,
    "ebitda": 422900000,
    "ebitdaratio": 0.1545856636,
    "operatingIncome": 349100000,
    "operatingIncomeRatio": 0.1276090215,
    "totalOtherIncomeExpensesNet": -33500000,
    "incomeBeforeTax": 315500000,
    "incomeBeforeTaxRatio": 0.115326973,
    "incomeTaxExpense": 83700000,
    "netIncome": 229600000,
    "netIncomeRatio": 0.0839273312,
    "eps": 0.58,
    "epsdiluted": 0.58,
    "weightedAverageShsOut": 393100000,
    "weightedAverageShsOutDil": 396800000,
    "link": "https://www.sec.gov/Archives/edgar/data/51644/000005164422000031/0000051644-22-000031-index.htm",
    "finalLink": "https://www.sec.gov/Archives/edgar/data/51644/000005164422000031/ipg-20220630.htm"
  },
  {
    "date": "2022-03-31",
    "symbol": "IPG",
    "reportedCurrency": "USD",
    "cik": "0000051644",
    "fillingDate": "2022-04-28",
    "acceptedDate": "2022-04-28 09:00:25",
    "calendarYear": "2022",
    "period": "Q1",
    "revenue": 2568500000,
    "costOfRevenue": 2229100000,
    "grossProfit": 339400000,
    "grossProfitRatio": 0.132139381,
    "researchAndDevelopmentExpenses": 0,
    "generalAndAdministrativeExpenses": 0,
    "sellingAndMarketingExpenses": 0,
    "sellingGeneralAndAdministrativeExpenses": 19300000,
    "otherExpenses": 74400000,
    "operatingExpenses": 93700000,
    "costAndExpenses": 2322800000,
    "interestIncome": 9800000,
    "interestExpense": 39400000,
    "depreciationAndAmortization": 67800000,
    "ebitda": 317100000,
    "ebitdaratio": 0.1234572708,
    "operatingIncome": 245700000,
    "operatingIncomeRatio": 0.0956589449,
    "totalOtherIncomeExpensesNet": -35800000,
    "incomeBeforeTax": 209900000,
    "incomeBeforeTaxRatio": 0.0817208487,
    "incomeTaxExpense": 49100000,
    "netIncome": 159400000,
    "netIncomeRatio": 0.0620595678,
    "eps": 0.4,
    "epsdiluted": 0.4,
    "weightedAverageShsOut": 394500000,
    "weightedAverageShsOutDil": 398400000,
    "link": "https://www.sec.gov/Archives/edgar/data/51644/000005164422000018/0000051644-22-000018-index.htm",
    "finalLink": "https://www.sec.gov/Archives/edgar/data/51644/000005164422000018/ipg-20220331.htm"
  },
  {
    "date": "2021-12-31",
    "symbol": "IPG",
    "reportedCurrency": "USD",
    "cik": "0000051644",
    "fillingDate": "2022-02-22",
    "acceptedDate": "2022-02-22 08:48:58",
    "calendarYear": "2021",
    "period": "Q4",
    "revenue": 2932100000,
    "costOfRevenue": 2354200000,
    "grossProfit": 577900000,
    "grossProfitRatio": 0.1970942328,
    "researchAndDevelopmentExpenses": 0,
    "generalAndAdministrativeExpenses": 0,
    "sellingAndMarketingExpenses": 0,
    "sellingGeneralAndAdministrativeExpenses": 32500000,
    "otherExpenses": 88100000,
    "operatingExpenses": 120600000,
    "costAndExpenses": 2474800000,
    "interestIncome": 7800000,
    "interestExpense": 38000000,
    "depreciationAndAmortization": 75100000,
    "ebitda": 546400000,
    "ebitdaratio": 0.1863510794,
    "operatingIncome": 457300000,
    "operatingIncomeRatio": 0.1559633028,
    "totalOtherIncomeExpensesNet": -21900000,
    "incomeBeforeTax": 435400000,
    "incomeBeforeTaxRatio": 0.1484942533,
    "incomeTaxExpense": 67400000,
    "netIncome": 357900000,
    "netIncomeRatio": 0.1220626854,
    "eps": 0.91,
    "epsdiluted": 0.9,
    "weightedAverageShsOut": 393700000,
    "weightedAverageShsOutDil": 399900000,
    "link": "https://www.sec.gov/Archives/edgar/data/51644/000005164422000010/0000051644-22-000010-index.htm",
    "finalLink": "https://www.sec.gov/Archives/edgar/data/51644/000005164422000010/ipg-20211231.htm"
  },
  {
    "date": "2021-09-30",
    "symbol": "IPG",
    "reportedCurrency": "USD",
    "cik": "0000051644",
    "fillingDate": "2021-10-26",
    "acceptedDate": "2021-10-26 08:45:56",
    "calendarYear": "2021",
    "period": "Q3",
    "revenue": 2542000000,
    "costOfRevenue": 2092400000,
    "grossProfit": 449600000,
    "grossProfitRatio": 0.1768686074,
    "researchAndDevelopmentExpenses": 0,
    "generalAndAdministrativeExpenses": 0,
    "sellingAndMarketingExpenses": 0,
    "sellingGeneralAndAdministrativeExpenses": 32200000,
    "otherExpenses": 65900000,
    "operatingExpenses": 98100000,
    "costAndExpenses": 2190500000,
    "interestIncome": 7400000,
    "interestExpense": 42900000,
    "depreciationAndAmortization": 69400000,
    "ebitda": 430600000,
    "ebitdaratio": 0.1693941778,
    "operatingIncome": 351500000,
    "operatingIncomeRatio": 0.1382769473,
    "totalOtherIncomeExpensesNet": -33200000,
    "incomeBeforeTax": 318300000,
    "incomeBeforeTaxRatio": 0.1252163651,
    "incomeTaxExpense": 73900000,
    "netIncome": 239900000,
    "netIncomeRatio": 0.0943745083,
    "eps": 0.61,
    "epsdiluted": 0.6,
    "weightedAverageShsOut": 393500000,
    "weightedAverageShsOutDil": 399800000,
    "link": "https://www.sec.gov/Archives/edgar/data/51644/000005164421000043/0000051644-21-000043-index.htm",
    "finalLink": "https://www.sec.gov/Archives/edgar/data/51644/000005164421000043/ipg-20210930.htm"
  },
  {
    "date": "2021-06-30",
    "symbol": "IPG",
    "reportedCurrency": "USD",
    "cik": "0000051644",
    "fillingDate": "2021-07-26",
    "acceptedDate": "2021-07-26 08:47:24",
    "calendarYear": "2021",
    "period": "Q2",
    "revenue": 2509600000,
    "costOfRevenue": 2025900000,
    "grossProfit": 483700000,
    "grossProfitRatio": 0.1927398789,
    "researchAndDevelopmentExpenses": 0,
    "generalAndAdministrativeExpenses": 0,
    "sellingAndMarketingExpenses": 0,
    "sellingGeneralAndAdministrativeExpenses": 29400000,
    "otherExpenses": 69900000,
    "operatingExpenses": 99300000,
    "costAndExpenses": 2125200000,
    "interestIncome": 7600000,
    "interestExpense": 42600000,
    "depreciationAndAmortization": 70100000,
    "ebitda": 466800000,
    "ebitdaratio": 0.186005738,
    "operatingIncome": 384400000,
    "operatingIncomeRatio": 0.1531718202,
    "totalOtherIncomeExpensesNet": -30300000,
    "incomeBeforeTax": 354100000,
    "incomeBeforeTaxRatio": 0.141098183,
    "incomeTaxExpense": 86700000,
    "netIncome": 263300000,
    "netIncomeRatio": 0.1049171183,
    "eps": 0.67,
    "epsdiluted": 0.66,
    "weightedAverageShsOut": 393300000,
    "weightedAverageShsOutDil": 399000000,
    "link": "https://www.sec.gov/Archives/edgar/data/51644/000005164421000037/0000051644-21-000037-index.htm",
    "finalLink": "https://www.sec.gov/Archives/edgar/data/51644/000005164421000037/ipg-20210630.htm"
  },
  {
    "date": "2021-03-31",
    "symbol": "IPG",
    "reportedCurrency": "USD",
    "cik": "0000051644",
    "fillingDate": "2021-04-28",
    "acceptedDate": "2021-04-28 09:01:58",
    "calendarYear": "2021",
    "period": "Q1",
    "revenue": 2257000000,
    "costOfRevenue": 1915300000,
    "grossProfit": 341700000,
    "grossProfitRatio": 0.151395658,
    "researchAndDevelopmentExpenses": 0,
    "generalAndAdministrativeExpenses": 0,
    "sellingAndMarketingExpenses": 0,
    "sellingGeneralAndAdministrativeExpenses": 28200000,
    "otherExpenses": 70500000,
    "operatingExpenses": 98700000,
    "costAndExpenses": 2014000000,
    "interestIncome": 6900000,
    "interestExpense": 49600000,
    "depreciationAndAmortization": 69200000,
    "ebitda": 235200000,
    "ebitdaratio": 0.1042091272,
    "operatingIncome": 243000000,
    "operatingIncomeRatio": 0.1076650421,
    "totalOtherIncomeExpensesNet": -126600000,
    "incomeBeforeTax": 116200000,
    "incomeBeforeTaxRatio": 0.0514842712,
    "incomeTaxExpense": 23800000,
    "netIncome": 91700000,
    "netIncomeRatio": 0.0406291537,
    "eps": 0.23,
    "epsdiluted": 0.23,
    "weightedAverageShsOut": 391500000,
    "weightedAverageShsOutDil": 396000000,
    "link": "https://www.sec.gov/Archives/edgar/data/51644/000005164421000019/0000051644-21-000019-index.htm",
    "finalLink": "https://www.sec.gov/Archives/edgar/data/51644/000005164421000019/ipg-20210331.htm"
  },
  {
    "date": "2020-12-31",
    "symbol": "IPG",
    "reportedCurrency": "USD",
    "cik": "0000051644",
    "fillingDate": "2021-02-22",
    "acceptedDate": "2021-02-22 08:51:48",
    "calendarYear": "2020",
    "period": "Q4",
    "revenue": 2550000000,
    "costOfRevenue": 1976600000,
    "grossProfit": 573400000,
    "grossProfitRatio": 0.2248627451,
    "researchAndDevelopmentExpenses": 0,
    "generalAndAdministrativeExpenses": 0,
    "sellingAndMarketingExpenses": 0,
    "sellingGeneralAndAdministrativeExpenses": 22400000,
    "otherExpenses": 327600000,
    "operatingExpenses": 350000000,
    "costAndExpenses": 2326600000,
    "interestIncome": 6800000,
    "interestExpense": 46800000,
    "depreciationAndAmortization": 73700000,
    "ebitda": 294100000,
    "ebitdaratio": 0.1153333333,
    "operatingIncome": 223400000,
    "operatingIncomeRatio": 0.0876078431,
    "totalOtherIncomeExpensesNet": -48300000,
    "incomeBeforeTax": 175100000,
    "incomeBeforeTaxRatio": 0.0686666667,
    "incomeTaxExpense": 58100000,
    "netIncome": 112300000,
    "netIncomeRatio": 0.0440392157,
    "eps": 0.29,
    "epsdiluted": 0.28,
    "weightedAverageShsOut": 390500000,
    "weightedAverageShsOutDil": 396100000,
    "link": "https://www.sec.gov/Archives/edgar/data/51644/000005164421000012/0000051644-21-000012-index.htm",
    "finalLink": "https://www.sec.gov/Archives/edgar/data/51644/000005164421000012/ipg-20201231.htm"
  },
  {
    "date": "2020-09-30",
    "symbol": "IPG",
    "reportedCurrency": "USD",
    "cik": "0000051644",
    "fillingDate": "2020-10-23",
    "acceptedDate": "2020-10-23 08:55:35",
    "calendarYear": "2020",
    "period": "Q3",
    "revenue": 2125500000,
    "costOfRevenue": 1748700000,
    "grossProfit": 376800000,
    "grossProfitRatio": 0.1772759351,
    "researchAndDevelopmentExpenses": 0,
    "generalAndAdministrativeExpenses": 0,
    "sellingAndMarketingExpenses": 0,
    "sellingGeneralAndAdministrativeExpenses": 9900000,
    "otherExpenses": 118300000,
    "operatingExpenses": 128200000,
    "costAndExpenses": 1876900000,
    "interestIncome": 6100000,
    "interestExpense": 50800000,
    "depreciationAndAmortization": 71000000,
    "ebitda": 314400000,
    "ebitdaratio": 0.1479181369,
    "operatingIncome": 248600000,
    "operatingIncomeRatio": 0.1169607151,
    "totalOtherIncomeExpensesNet": -56000000,
    "incomeBeforeTax": 192600000,
    "incomeBeforeTaxRatio": 0.0906139732,
    "incomeTaxExpense": -86300000,
    "netIncome": 279700000,
    "netIncomeRatio": 0.1315925665,
    "eps": 0.72,
    "epsdiluted": 0.71,
    "weightedAverageShsOut": 389600000,
    "weightedAverageShsOutDil": 393900000,
    "link": "https://www.sec.gov/Archives/edgar/data/51644/000005164420000056/0000051644-20-000056-index.htm",
    "finalLink": "https://www.sec.gov/Archives/edgar/data/51644/000005164420000056/ipg-20200930.htm"
  },
  {
    "date": "2020-06-30",
    "symbol": "IPG",
    "reportedCurrency": "USD",
    "cik": "0000051644",
    "fillingDate": "2020-07-31",
    "acceptedDate": "2020-07-31 08:44:55",
    "calendarYear": "2020",
    "period": "Q2",
    "revenue": 2025700000,
    "costOfRevenue": 1795400000,
    "grossProfit": 230300000,
    "grossProfitRatio": 0.1136890951,
    "researchAndDevelopmentExpenses": 0,
    "generalAndAdministrativeExpenses": 0,
    "sellingAndMarketingExpenses": 0,
    "sellingGeneralAndAdministrativeExpenses": 4100000,
    "otherExpenses": 185700000,
    "operatingExpenses": 189800000,
    "costAndExpenses": 1985200000,
    "interestIncome": 5900000,
    "interestExpense": 49800000,
    "depreciationAndAmortization": 73100000,
    "ebitda": 98000000,
    "ebitdaratio": 0.0483783384,
    "operatingIncome": 40500000,
    "operatingIncomeRatio": 0.0199930888,
    "totalOtherIncomeExpensesNet": -65400000,
    "incomeBeforeTax": -24900000,
    "incomeBeforeTaxRatio": -0.0122920472,
    "incomeTaxExpense": 19000000,
    "netIncome": -45600000,
    "netIncomeRatio": -0.022510737,
    "eps": -0.12,
    "epsdiluted": -0.12,
    "weightedAverageShsOut": 380000000,
    "weightedAverageShsOutDil": 389400000,
    "link": "https://www.sec.gov/Archives/edgar/data/51644/000005164420000045/0000051644-20-000045-index.htm",
    "finalLink": "https://www.sec.gov/Archives/edgar/data/51644/000005164420000045/ipgq2202010q.htm"
  },
  {
    "date": "2020-03-31",
    "symbol": "IPG",
    "reportedCurrency": "USD",
    "cik": "0000051644",
    "fillingDate": "2020-04-23",
    "acceptedDate": "2020-04-23 08:59:00",
    "calendarYear": "2020",
    "period": "Q1",
    "revenue": 2359800000,
    "costOfRevenue": 2188700000,
    "grossProfit": 171100000,
    "grossProfitRatio": 0.0725061446,
    "researchAndDevelopmentExpenses": 0,
    "generalAndAdministrativeExpenses": 0,
    "sellingAndMarketingExpenses": 0,
    "sellingGeneralAndAdministrativeExpenses": 22400000,
    "otherExpenses": 72800000,
    "operatingExpenses": 95200000,
    "costAndExpenses": 2283900000,
    "interestIncome": 10700000,
    "interestExpense": 44800000,
    "depreciationAndAmortization": 72800000,
    "ebitda": 137600000,
    "ebitdaratio": 0.0583100263,
    "operatingIncome": 75900000,
    "operatingIncomeRatio": 0.0321637427,
    "totalOtherIncomeExpensesNet": -56100000,
    "incomeBeforeTax": 19800000,
    "incomeBeforeTaxRatio": 0.0083905416,
    "incomeTaxExpense": 17200000,
    "netIncome": 4700000,
    "netIncomeRatio": 0.0019916942,
    "eps": 0.01,
    "epsdiluted": 0.01,
    "weightedAverageShsOut": 387700000,
    "weightedAverageShsOutDil": 391700000,
    "link": "https://www.sec.gov/Archives/edgar/data/51644/000005164420000020/0000051644-20-000020-index.htm",
    "finalLink": "https://www.sec.gov/Archives/edgar/data/51644/000005164420000020/ipgq1202010q.htm"
  },
  {
    "date": "2019-12-31",
    "symbol": "IPG",
    "reportedCurrency": "USD",
    "cik": "0000051644",
    "fillingDate": "2020-02-21",
    "acceptedDate": "2020-02-21 08:52:40",
    "calendarYear": "2019",
    "period": "Q4",
    "revenue": 2901800000,
    "costOfRevenue": 2320600000,
    "grossProfit": 581200000,
    "grossProfitRatio": 0.2002894755,
    "researchAndDevelopmentExpenses": 0,
    "generalAndAdministrativeExpenses": 0,
    "sellingAndMarketingExpenses": 0,
    "sellingGeneralAndAdministrativeExpenses": 24500000,
    "otherExpenses": 65400000,
    "operatingExpenses": 89900000,
    "costAndExpenses": 2410500000,
    "interestIncome": 9500000,
    "interestExpense": 48200000,
    "depreciationAndAmortization": 65400000,
    "ebitda": 541400000,
    "ebitdaratio": 0.1865738507,
    "operatingIncome": 491300000,
    "operatingIncomeRatio": 0.1693087049,
    "totalOtherIncomeExpensesNet": -63000000,
    "incomeBeforeTax": 428300000,
    "incomeBeforeTaxRatio": 0.1475980426,
    "incomeTaxExpense": 86100000,
    "netIncome": 328900000,
    "netIncomeRatio": 0.113343442,
    "eps": 0.85,
    "epsdiluted": 0.84,
    "weightedAverageShsOut": 386900000,
    "weightedAverageShsOutDil": 393300000,
    "link": "https://www.sec.gov/Archives/edgar/data/51644/000005164420000013/0000051644-20-000013-index.htm",
    "finalLink": "https://www.sec.gov/Archives/edgar/data/51644/000005164420000013/ipg12311910k.htm"
  },
  {
    "date": "2019-09-30",
    "symbol": "IPG",
    "reportedCurrency": "USD",
    "cik": "0000051644",
    "fillingDate": "2019-10-25",
    "acceptedDate": "2019-10-25 08:58:54",
    "calendarYear": "2019",
    "period": "Q3",
    "revenue": 2438100000,
    "costOfRevenue": 2079000000,
    "grossProfit": 359100000,
    "grossProfitRatio": 0.1472868217,
    "researchAndDevelopmentExpenses": 0,
    "generalAndAdministrativeExpenses": 0,
    "sellingAndMarketingExpenses": 0,
    "sellingGeneralAndAdministrativeExpenses": 9800000,
    "otherExpenses": 69000000,
    "operatingExpenses": 78800000,
    "costAndExpenses": 2157800000,
    "interestIncome": 9500000,
    "interestExpense": 49700000,
    "depreciationAndAmortization": 69000000,
    "ebitda": 351400000,
    "ebitdaratio": 0.1441286247,
    "operatingIncome": 280300000,
    "operatingIncomeRatio": 0.1149665723,
    "totalOtherIncomeExpensesNet": -47600000,
    "incomeBeforeTax": 232700000,
    "incomeBeforeTaxRatio": 0.095443173,
    "incomeTaxExpense": 64600000,
    "netIncome": 165600000,
    "netIncomeRatio": 0.0679217423,
    "eps": 0.43,
    "epsdiluted": 0.42,
    "weightedAverageShsOut": 386700000,
    "weightedAverageShsOutDil": 391800000,
    "link": "https://www.sec.gov/Archives/edgar/data/51644/000005164419000066/0000051644-19-000066-index.htm",
    "finalLink": "https://www.sec.gov/Archives/edgar/data/51644/000005164419000066/ipgq3201910q.htm"
  },
  {
    "date": "2019-06-30",
    "symbol": "IPG",
    "reportedCurrency": "USD",
    "cik": "0000051644",
    "fillingDate": "2019-07-25",
    "acceptedDate": "2019-07-25 09:05:38",
    "calendarYear": "2019",
    "period": "Q2",
    "revenue": 2520200000,
    "costOfRevenue": 2162800000,
    "grossProfit": 357400000,
    "grossProfitRatio": 0.1418141417,
    "researchAndDevelopmentExpenses": 0,
    "generalAndAdministrativeExpenses": 0,
    "sellingAndMarketingExpenses": 0,
    "sellingGeneralAndAdministrativeExpenses": 18100000,
    "otherExpenses": 75100000,
    "operatingExpenses": 93200000,
    "costAndExpenses": 2256000000,
    "interestIncome": 7700000,
    "interestExpense": 51600000,
    "depreciationAndAmortization": 73000000,
    "ebitda": 341100000,
    "ebitdaratio": 0.1353464011,
    "operatingIncome": 264200000,
    "operatingIncomeRatio": 0.1048329498,
    "totalOtherIncomeExpensesNet": -47700000,
    "incomeBeforeTax": 216500000,
    "incomeBeforeTaxRatio": 0.0859058805,
    "incomeTaxExpense": 43600000,
    "netIncome": 169500000,
    "netIncomeRatio": 0.0672565669,
    "eps": 0.44,
    "epsdiluted": 0.43,
    "weightedAverageShsOut": 386200000,
    "weightedAverageShsOutDil": 391200000,
    "link": "https://www.sec.gov/Archives/edgar/data/51644/000005164419000046/0000051644-19-000046-index.htm",
    "finalLink": "https://www.sec.gov/Archives/edgar/data/51644/000005164419000046/ipgq2201910q.htm"
  },
  {
    "date": "2019-03-31",
    "symbol": "IPG",
    "reportedCurrency": "USD",
    "cik": "0000051644",
    "fillingDate": "2019-04-26",
    "acceptedDate": "2019-04-26 09:02:38",
    "calendarYear": "2019",
    "period": "Q1",
    "revenue": 2361200000,
    "costOfRevenue": 2166700000,
    "grossProfit": 194500000,
    "grossProfitRatio": 0.0823733695,
    "researchAndDevelopmentExpenses": 0,
    "generalAndAdministrativeExpenses": 0,
    "sellingAndMarketingExpenses": 0,
    "sellingGeneralAndAdministrativeExpenses": 41400000,
    "otherExpenses": 102900000,
    "operatingExpenses": 144300000,
    "costAndExpenses": 2311000000,
    "interestIncome": 7800000,
    "interestExpense": 49800000,
    "depreciationAndAmortization": 71100000,
    "ebitda": 122200000,
    "ebitdaratio": 0.0517533458,
    "operatingIncome": 50200000,
    "operatingIncomeRatio": 0.0212603761,
    "totalOtherIncomeExpensesNet": -48900000,
    "incomeBeforeTax": 1300000,
    "incomeBeforeTaxRatio": 0.0005505675,
    "incomeTaxExpense": 10500000,
    "netIncome": -8000000,
    "netIncomeRatio": -0.0033881077,
    "eps": -0.0208,
    "epsdiluted": -0.0208,
    "weightedAverageShsOut": 384500000,
    "weightedAverageShsOutDil": 384500000,
    "link": "https://www.sec.gov/Archives/edgar/data/51644/000005164419000020/0000051644-19-000020-index.htm",
    "finalLink": "https://www.sec.gov/Archives/edgar/data/51644/000005164419000020/ipgq1201910q.htm"
  },
  {
    "date": "2018-12-31",
    "symbol": "IPG",
    "reportedCurrency": "USD",
    "cik": "0000051644",
    "fillingDate": "2019-02-25",
    "acceptedDate": "2019-02-25 09:07:38",
    "calendarYear": "2018",
    "period": "Q4",
    "revenue": 2856000000,
    "costOfRevenue": 2247000000,
    "grossProfit": 609000000,
    "grossProfitRatio": 0.2132352941,
    "researchAndDevelopmentExpenses": 0,
    "generalAndAdministrativeExpenses": 0,
    "sellingAndMarketingExpenses": 0,
    "sellingGeneralAndAdministrativeExpenses": 81000000,
    "otherExpenses": 68900000,
    "operatingExpenses": 149900000,
    "costAndExpenses": 2396900000,
    "interestIncome": 7800000,
    "interestExpense": 49400000,
    "depreciationAndAmortization": 68900000,
    "ebitda": 522200000,
    "ebitdaratio": 0.1828431373,
    "operatingIncome": 459100000,
    "operatingIncomeRatio": 0.1607492997,
    "totalOtherIncomeExpensesNet": -55200000,
    "incomeBeforeTax": 403900000,
    "incomeBeforeTaxRatio": 0.1414215686,
    "incomeTaxExpense": 62200000,
    "netIncome": 326200000,
    "netIncomeRatio": 0.1142156863,
    "eps": 0.85,
    "epsdiluted": 0.84,
    "weightedAverageShsOut": 383400000,
    "weightedAverageShsOutDil": 390300000,
    "link": "https://www.sec.gov/Archives/edgar/data/51644/000005164419000009/0000051644-19-000009-index.htm",
    "finalLink": "https://www.sec.gov/Archives/edgar/data/51644/000005164419000009/ipg12311810k.htm"
  },
  {
    "date": "2018-09-30",
    "symbol": "IPG",
    "reportedCurrency": "USD",
    "cik": "0000051644",
    "fillingDate": "2018-10-25",
    "acceptedDate": "2018-10-25 09:00:41",
    "calendarYear": "2018",
    "period": "Q3",
    "revenue": 2297500000,
    "costOfRevenue": 1970200000,
    "grossProfit": 327300000,
    "grossProfitRatio": 0.1424591948,
    "researchAndDevelopmentExpenses": 0,
    "generalAndAdministrativeExpenses": 0,
    "sellingAndMarketingExpenses": 0,
    "sellingGeneralAndAdministrativeExpenses": 21600000,
    "otherExpenses": 44000000,
    "operatingExpenses": 65600000,
    "costAndExpenses": 2035800000,
    "interestIncome": 5300000,
    "interestExpense": 27600000,
    "depreciationAndAmortization": 44000000,
    "ebitda": 295700000,
    "ebitdaratio": 0.1287051143,
    "operatingIncome": 261700000,
    "operatingIncomeRatio": 0.11390642,
    "totalOtherIncomeExpensesNet": -37600000,
    "incomeBeforeTax": 224100000,
    "incomeBeforeTaxRatio": 0.0975408052,
    "incomeTaxExpense": 60700000,
    "netIncome": 161000000,
    "netIncomeRatio": 0.0700761697,
    "eps": 0.42,
    "epsdiluted": 0.41,
    "weightedAverageShsOut": 382600000,
    "weightedAverageShsOutDil": 388400000,
    "link": "https://www.sec.gov/Archives/edgar/data/51644/000005164418000066/0000051644-18-000066-index.htm",
    "finalLink": "https://www.sec.gov/Archives/edgar/data/51644/000005164418000066/ipgq3201810q.htm"
  },
  {
    "date": "2018-06-30",
    "symbol": "IPG",
    "reportedCurrency": "USD",
    "cik": "0000051644",
    "fillingDate": "2018-07-25",
    "acceptedDate": "2018-07-25 08:55:37",
    "calendarYear": "2018",
    "period": "Q2",
    "revenue": 2391800000,
    "costOfRevenue": 2069800000,
    "grossProfit": 322000000,
    "grossProfitRatio": 0.134626641,
    "researchAndDevelopmentExpenses": 0,
    "generalAndAdministrativeExpenses": 0,
    "sellingAndMarketingExpenses": 0,
    "sellingGeneralAndAdministrativeExpenses": 28800000,
    "otherExpenses": 44000000,
    "operatingExpenses": 72800000,
    "costAndExpenses": 2142600000,
    "interestIncome": 4700000,
    "interestExpense": 26100000,
    "depreciationAndAmortization": 44000000,
    "ebitda": 281600000,
    "ebitdaratio": 0.1177355966,
    "operatingIncome": 249200000,
    "operatingIncomeRatio": 0.1041893135,
    "totalOtherIncomeExpensesNet": -37700000,
    "incomeBeforeTax": 211500000,
    "incomeBeforeTaxRatio": 0.088427126,
    "incomeTaxExpense": 63600000,
    "netIncome": 145800000,
    "netIncomeRatio": 0.0609582741,
    "eps": 0.38,
    "epsdiluted": 0.37,
    "weightedAverageShsOut": 383600000,
    "weightedAverageShsOutDil": 389500000,
    "link": "https://www.sec.gov/Archives/edgar/data/51644/000005164418000041/0000051644-18-000041-index.htm",
    "finalLink": "https://www.sec.gov/Archives/edgar/data/51644/000005164418000041/ipgq2201810q.htm"
  },
  {
    "date": "2018-03-31",
    "symbol": "IPG",
    "reportedCurrency": "USD",
    "cik": "0000051644",
    "fillingDate": "2018-04-27",
    "acceptedDate": "2018-04-27 08:59:59",
    "calendarYear": "2018",
    "period": "Q1",
    "revenue": 2169100000,
    "costOfRevenue": 2049200000,
    "grossProfit": 119900000,
    "grossProfitRatio": 0.0552763819,
    "researchAndDevelopmentExpenses": 0,
    "generalAndAdministrativeExpenses": 0,
    "sellingAndMarketingExpenses": 0,
    "sellingGeneralAndAdministrativeExpenses": 35100000,
    "otherExpenses": 46000000,
    "operatingExpenses": 81100000,
    "costAndExpenses": 2130300000,
    "interestIncome": 4000000,
    "interestExpense": 19900000,
    "depreciationAndAmortization": 46000000,
    "ebitda": 64400000,
    "ebitdaratio": 0.0296897331,
    "operatingIncome": 38800000,
    "operatingIncomeRatio": 0.0178876032,
    "totalOtherIncomeExpensesNet": -40300000,
    "incomeBeforeTax": -1500000,
    "incomeBeforeTaxRatio": -0.000691531,
    "incomeTaxExpense": 12700000,
    "netIncome": -14100000,
    "netIncomeRatio": -0.0065003919,
    "eps": -0.0368,
    "epsdiluted": -0.0368,
    "weightedAverageShsOut": 383400000,
    "weightedAverageShsOutDil": 383400000,
    "link": "https://www.sec.gov/Archives/edgar/data/51644/000005164418000027/0000051644-18-000027-index.htm",
    "finalLink": "https://www.sec.gov/Archives/edgar/data/51644/000005164418000027/ipgq1201810q.htm"
  },
  {
    "date": "2017-12-31",
    "symbol": "IPG",
    "reportedCurrency": "USD",
    "cik": "0000051644",
    "fillingDate": "2018-02-26",
    "acceptedDate": "2018-02-26 08:47:30",
    "calendarYear": "2017",
    "period": "Q4",
    "revenue": 2341000000,
    "costOfRevenue": 1325800000,
    "grossProfit": 1015200000,
    "grossProfitRatio": 0.4336608287,
    "researchAndDevelopmentExpenses": 0,
    "generalAndAdministrativeExpenses": 496900000,
    "sellingAndMarketingExpenses": 0,
    "sellingGeneralAndAdministrativeExpenses": 496900000,
    "otherExpenses": 0,
    "operatingExpenses": 496900000,
    "costAndExpenses": 1822700000,
    "interestIncome": 5400000,
    "interestExpense": 23200000,
    "depreciationAndAmortization": 32600000,
    "ebitda": 554600000,
    "ebitdaratio": 0.2369073046,
    "operatingIncome": 518300000,
    "operatingIncomeRatio": 0.2214011106,
    "totalOtherIncomeExpensesNet": -19500000,
    "incomeBeforeTax": 498800000,
    "incomeBeforeTaxRatio": 0.213071337,
    "incomeTaxExpense": 166100000,
    "netIncome": 316600000,
    "netIncomeRatio": 0.1352413499,
    "eps": 0.82,
    "epsdiluted": 0.81,
    "weightedAverageShsOut": 385100000,
    "weightedAverageShsOutDil": 393200000,
    "link": "https://www.sec.gov/Archives/edgar/data/51644/000005164418000019/0000051644-18-000019-index.htm",
    "finalLink": "https://www.sec.gov/Archives/edgar/data/51644/000005164418000019/ipg12311710k.htm"
  },
  {
    "date": "2017-09-30",
    "symbol": "IPG",
    "reportedCurrency": "USD",
    "cik": "0000051644",
    "fillingDate": "2017-10-26",
    "acceptedDate": "2017-10-26 08:49:10",
    "calendarYear": "2017",
    "period": "Q3",
    "revenue": 1902600000,
    "costOfRevenue": 1897400000,
    "grossProfit": 310800000,
    "grossProfitRatio": 0.1633554084,
    "researchAndDevelopmentExpenses": 0,
    "generalAndAdministrativeExpenses": 455900000,
    "sellingAndMarketingExpenses": 0,
    "sellingGeneralAndAdministrativeExpenses": 455900000,
    "otherExpenses": 42200000,
    "operatingExpenses": 55800000,
    "costAndExpenses": 1953200000,
    "interestIncome": 4100000,
    "interestExpense": 21000000,
    "depreciationAndAmortization": 42200000,
    "ebitda": 291400000,
    "ebitdaratio": 0.1531588353,
    "operatingIncome": 255000000,
    "operatingIncomeRatio": 0.1340271208,
    "totalOtherIncomeExpensesNet": -26800000,
    "incomeBeforeTax": 228200000,
    "incomeBeforeTaxRatio": 0.1199411332,
    "incomeTaxExpense": 42500000,
    "netIncome": 146200000,
    "netIncomeRatio": 0.0768422159,
    "eps": 0.44,
    "epsdiluted": 0.43,
    "weightedAverageShsOut": 389500000,
    "weightedAverageShsOutDil": 397200000,
    "link": "https://www.sec.gov/Archives/edgar/data/51644/000005164417000042/0000051644-17-000042-index.htm",
    "finalLink": "https://www.sec.gov/Archives/edgar/data/51644/000005164417000042/ipg9301710q.htm"
  },
  {
    "date": "2017-06-30",
    "symbol": "IPG",
    "reportedCurrency": "USD",
    "cik": "0000051644",
    "fillingDate": "2017-07-27",
    "acceptedDate": "2017-07-27 08:53:04",
    "calendarYear": "2017",
    "period": "Q2",
    "revenue": 1884900000,
    "costOfRevenue": 1898500000,
    "grossProfit": 287300000,
    "grossProfitRatio": 0.1524218791,
    "researchAndDevelopmentExpenses": 0,
    "generalAndAdministrativeExpenses": 439100000,
    "sellingAndMarketingExpenses": 0,
    "sellingGeneralAndAdministrativeExpenses": 439100000,
    "otherExpenses": 41300000,
    "operatingExpenses": 61600000,
    "costAndExpenses": 1960100000,
    "interestIncome": 4700000,
    "interestExpense": 25700000,
    "depreciationAndAmortization": 41300000,
    "ebitda": 256300000,
    "ebitdaratio": 0.1359753833,
    "operatingIncome": 225700000,
    "operatingIncomeRatio": 0.1197411003,
    "totalOtherIncomeExpensesNet": -36400000,
    "incomeBeforeTax": 189300000,
    "incomeBeforeTaxRatio": 0.100429731,
    "incomeTaxExpense": 75400000,
    "netIncome": 94700000,
    "netIncomeRatio": 0.0502413921,
    "eps": 0.27,
    "epsdiluted": 0.27,
    "weightedAverageShsOut": 392300000,
    "weightedAverageShsOutDil": 400300000,
    "link": "https://www.sec.gov/Archives/edgar/data/51644/000005164417000029/0000051644-17-000029-index.htm",
    "finalLink": "https://www.sec.gov/Archives/edgar/data/51644/000005164417000029/ipg6301710q.htm"
  },
  {
    "date": "2017-03-31",
    "symbol": "IPG",
    "reportedCurrency": "USD",
    "cik": "0000051644",
    "fillingDate": "2017-04-21",
    "acceptedDate": "2017-04-21 09:01:24",
    "calendarYear": "2017",
    "period": "Q1",
    "revenue": 1753900000,
    "costOfRevenue": 1952900000,
    "grossProfit": 110900000,
    "grossProfitRatio": 0.0632305149,
    "researchAndDevelopmentExpenses": 0,
    "generalAndAdministrativeExpenses": 448800000,
    "sellingAndMarketingExpenses": 0,
    "sellingGeneralAndAdministrativeExpenses": 448800000,
    "otherExpenses": 41000000,
    "operatingExpenses": 76200000,
    "costAndExpenses": 2029100000,
    "interestIncome": 5200000,
    "interestExpense": 20900000,
    "depreciationAndAmortization": 41000000,
    "ebitda": 81700000,
    "ebitdaratio": 0.0465819032,
    "operatingIncome": 34700000,
    "operatingIncomeRatio": 0.0197844803,
    "totalOtherIncomeExpensesNet": -14900000,
    "incomeBeforeTax": 19800000,
    "incomeBeforeTaxRatio": 0.0112891271,
    "incomeTaxExpense": -2100000,
    "netIncome": 21500000,
    "netIncomeRatio": 0.0122583956,
    "eps": 0.06,
    "epsdiluted": 0.06,
    "weightedAverageShsOut": 391700000,
    "weightedAverageShsOutDil": 399300000,
    "link": "https://www.sec.gov/Archives/edgar/data/51644/000005164417000013/0000051644-17-000013-index.htm",
    "finalLink": "https://www.sec.gov/Archives/edgar/data/51644/000005164417000013/ipg3311710q.htm"
  },
  {
    "date": "2016-12-31",
    "symbol": "IPG",
    "reportedCurrency": "USD",
    "cik": "0000051644",
    "fillingDate": "2017-02-21",
    "acceptedDate": "2017-02-21 08:47:50",
    "calendarYear": "2016",
    "period": "Q4",
    "revenue": 2264500000,
    "costOfRevenue": 1309400000,
    "grossProfit": 955100000,
    "grossProfitRatio": 0.4217708103,
    "researchAndDevelopmentExpenses": 0,
    "generalAndAdministrativeExpenses": 470000000,
    "sellingAndMarketingExpenses": 0,
    "sellingGeneralAndAdministrativeExpenses": 470000000,
    "otherExpenses": 0,
    "operatingExpenses": 470000000,
    "costAndExpenses": 1779400000,
    "interestIncome": 4000000,
    "interestExpense": 21800000,
    "depreciationAndAmortization": 42700000,
    "ebitda": 505600000,
    "ebitdaratio": 0.2232722455,
    "operatingIncome": 485100000,
    "operatingIncomeRatio": 0.2142194745,
    "totalOtherIncomeExpensesNet": -44000000,
    "incomeBeforeTax": 441100000,
    "incomeBeforeTaxRatio": 0.1947891367,
    "incomeTaxExpense": 106100000,
    "netIncome": 317600000,
    "netIncomeRatio": 0.1402517112,
    "eps": 0.81,
    "epsdiluted": 0.78,
    "weightedAverageShsOut": 393500000,
    "weightedAverageShsOutDil": 405200000,
    "link": "https://www.sec.gov/Archives/edgar/data/51644/000005164417000007/0000051644-17-000007-index.htm",
    "finalLink": "https://www.sec.gov/Archives/edgar/data/51644/000005164417000007/ipg12311610k.htm"
  },
  {
    "date": "2016-09-30",
    "symbol": "IPG",
    "reportedCurrency": "USD",
    "cik": "0000051644",
    "fillingDate": "2016-10-27",
    "acceptedDate": "2016-10-27 08:54:16",
    "calendarYear": "2016",
    "period": "Q3",
    "revenue": 1922200000,
    "costOfRevenue": 1228000000,
    "grossProfit": 694200000,
    "grossProfitRatio": 0.3611486838,
    "researchAndDevelopmentExpenses": 0,
    "generalAndAdministrativeExpenses": 486200000,
    "sellingAndMarketingExpenses": 0,
    "sellingGeneralAndAdministrativeExpenses": 486200000,
    "otherExpenses": 0,
    "operatingExpenses": 486200000,
    "costAndExpenses": 1714200000,
    "interestIncome": 4700000,
    "interestExpense": 21700000,
    "depreciationAndAmortization": 39700000,
    "ebitda": 257700000,
    "ebitdaratio": 0.1340651337,
    "operatingIncome": 208000000,
    "operatingIncomeRatio": 0.1082093435,
    "totalOtherIncomeExpensesNet": -11700000,
    "incomeBeforeTax": 196300000,
    "incomeBeforeTaxRatio": 0.1021225679,
    "incomeTaxExpense": 63800000,
    "netIncome": 128600000,
    "netIncomeRatio": 0.0669025075,
    "eps": 0.32,
    "epsdiluted": 0.32,
    "weightedAverageShsOut": 397700000,
    "weightedAverageShsOutDil": 407900000,
    "link": "https://www.sec.gov/Archives/edgar/data/51644/000005164416000091/0000051644-16-000091-index.htm",
    "finalLink": "https://www.sec.gov/Archives/edgar/data/51644/000005164416000091/ipg9301610q.htm"
  },
  {
    "date": "2016-06-30",
    "symbol": "IPG",
    "reportedCurrency": "USD",
    "cik": "0000051644",
    "fillingDate": "2016-07-28",
    "acceptedDate": "2016-07-28 08:39:36",
    "calendarYear": "2016",
    "period": "Q2",
    "revenue": 1917900000,
    "costOfRevenue": 1229500000,
    "grossProfit": 688400000,
    "grossProfitRatio": 0.358934251,
    "researchAndDevelopmentExpenses": 0,
    "generalAndAdministrativeExpenses": 464100000,
    "sellingAndMarketingExpenses": 0,
    "sellingGeneralAndAdministrativeExpenses": 464100000,
    "otherExpenses": 0,
    "operatingExpenses": 464100000,
    "costAndExpenses": 1693600000,
    "interestIncome": 5600000,
    "interestExpense": 24500000,
    "depreciationAndAmortization": 39800000,
    "ebitda": 270100000,
    "ebitdaratio": 0.1408311174,
    "operatingIncome": 224300000,
    "operatingIncomeRatio": 0.1169508316,
    "totalOtherIncomeExpensesNet": -18500000,
    "incomeBeforeTax": 205800000,
    "incomeBeforeTaxRatio": 0.1073048647,
    "incomeTaxExpense": 43700000,
    "netIncome": 156900000,
    "netIncomeRatio": 0.0818082277,
    "eps": 0.39,
    "epsdiluted": 0.38,
    "weightedAverageShsOut": 400100000,
    "weightedAverageShsOutDil": 409800000,
    "link": "https://www.sec.gov/Archives/edgar/data/51644/000005164416000081/0000051644-16-000081-index.htm",
    "finalLink": "https://www.sec.gov/Archives/edgar/data/51644/000005164416000081/ipg6301610q.htm"
  },
  {
    "date": "2016-03-31",
    "symbol": "IPG",
    "reportedCurrency": "USD",
    "cik": "0000051644",
    "fillingDate": "2016-04-22",
    "acceptedDate": "2016-04-22 08:53:42",
    "calendarYear": "2016",
    "period": "Q1",
    "revenue": 1742000000,
    "costOfRevenue": 1268800000,
    "grossProfit": 473200000,
    "grossProfitRatio": 0.271641791,
    "researchAndDevelopmentExpenses": 0,
    "generalAndAdministrativeExpenses": 450200000,
    "sellingAndMarketingExpenses": 0,
    "sellingGeneralAndAdministrativeExpenses": 450200000,
    "otherExpenses": 0,
    "operatingExpenses": 450200000,
    "costAndExpenses": 1719000000,
    "interestIncome": 5800000,
    "interestExpense": 22600000,
    "depreciationAndAmortization": 38000000,
    "ebitda": 47600000,
    "ebitdaratio": 0.0273249139,
    "operatingIncome": 23000000,
    "operatingIncomeRatio": 0.0132032147,
    "totalOtherIncomeExpensesNet": -36000000,
    "incomeBeforeTax": -13000000,
    "incomeBeforeTaxRatio": -0.0074626866,
    "incomeTaxExpense": -15600000,
    "netIncome": 5400000,
    "netIncomeRatio": 0.0030998852,
    "eps": 0.0135,
    "epsdiluted": 0.01,
    "weightedAverageShsOut": 400600000,
    "weightedAverageShsOutDil": 409300000,
    "link": "https://www.sec.gov/Archives/edgar/data/51644/000005164416000063/0000051644-16-000063-index.htm",
    "finalLink": "https://www.sec.gov/Archives/edgar/data/51644/000005164416000063/ipg3311610q.htm"
  },
  {
    "date": "2015-12-31",
    "symbol": "IPG",
    "reportedCurrency": "USD",
    "cik": "0000051644",
    "fillingDate": "2016-02-22",
    "acceptedDate": "2016-02-22 08:35:20",
    "calendarYear": "2015",
    "period": "Q4",
    "revenue": 2196200000,
    "costOfRevenue": 1235100000,
    "grossProfit": 961100000,
    "grossProfitRatio": 0.4376195246,
    "researchAndDevelopmentExpenses": 0,
    "generalAndAdministrativeExpenses": 504700000,
    "sellingAndMarketingExpenses": 0,
    "sellingGeneralAndAdministrativeExpenses": 504700000,
    "otherExpenses": -800000,
    "operatingExpenses": 504700000,
    "costAndExpenses": 1739800000,
    "interestIncome": 5000000,
    "interestExpense": 23300000,
    "depreciationAndAmortization": 40700000,
    "ebitda": 491800000,
    "ebitdaratio": 0.2239322466,
    "operatingIncome": 456400000,
    "operatingIncomeRatio": 0.207813496,
    "totalOtherIncomeExpensesNet": -28600000,
    "incomeBeforeTax": 427800000,
    "incomeBeforeTaxRatio": 0.1947910026,
    "incomeTaxExpense": 145400000,
    "netIncome": 260300000,
    "netIncomeRatio": 0.1185229032,
    "eps": 0.65,
    "epsdiluted": 0.63,
    "weightedAverageShsOut": 403400000,
    "weightedAverageShsOutDil": 412300000,
    "link": "https://www.sec.gov/Archives/edgar/data/51644/000005164416000056/0000051644-16-000056-index.htm",
    "finalLink": "https://www.sec.gov/Archives/edgar/data/51644/000005164416000056/ipg12311510k.htm"
  },
  {
    "date": "2015-09-30",
    "symbol": "IPG",
    "reportedCurrency": "USD",
    "cik": "0000051644",
    "fillingDate": "2015-10-22",
    "acceptedDate": "2015-10-22 09:10:50",
    "calendarYear": "2015",
    "period": "Q3",
    "revenue": 1865500000,
    "costOfRevenue": 1202200000,
    "grossProfit": 663300000,
    "grossProfitRatio": 0.3555615117,
    "researchAndDevelopmentExpenses": 0,
    "generalAndAdministrativeExpenses": 471400000,
    "sellingAndMarketingExpenses": 0,
    "sellingGeneralAndAdministrativeExpenses": 471400000,
    "otherExpenses": 0,
    "operatingExpenses": 471400000,
    "costAndExpenses": 1673600000,
    "interestIncome": 5600000,
    "interestExpense": 21300000,
    "depreciationAndAmortization": 38100000,
    "ebitda": 198400000,
    "ebitdaratio": 0.1063521844,
    "operatingIncome": 191900000,
    "operatingIncomeRatio": 0.1028678638,
    "totalOtherIncomeExpensesNet": -52900000,
    "incomeBeforeTax": 139000000,
    "incomeBeforeTaxRatio": 0.074510855,
    "incomeTaxExpense": 61100000,
    "netIncome": 74900000,
    "netIncomeRatio": 0.0401500938,
    "eps": 0.18,
    "epsdiluted": 0.18,
    "weightedAverageShsOut": 407600000,
    "weightedAverageShsOutDil": 415500000,
    "link": "https://www.sec.gov/Archives/edgar/data/51644/000005164415000041/0000051644-15-000041-index.htm",
    "finalLink": "https://www.sec.gov/Archives/edgar/data/51644/000005164415000041/ipg9301510q.htm"
  },
  {
    "date": "2015-06-30",
    "symbol": "IPG",
    "reportedCurrency": "USD",
    "cik": "0000051644",
    "fillingDate": "2015-07-23",
    "acceptedDate": "2015-07-23 08:53:22",
    "calendarYear": "2015",
    "period": "Q2",
    "revenue": 1876100000,
    "costOfRevenue": 1205200000,
    "grossProfit": 670900000,
    "grossProfitRatio": 0.3576035393,
    "researchAndDevelopmentExpenses": 0,
    "generalAndAdministrativeExpenses": 455100000,
    "sellingAndMarketingExpenses": 0,
    "sellingGeneralAndAdministrativeExpenses": 455100000,
    "otherExpenses": 0,
    "operatingExpenses": 455100000,
    "costAndExpenses": 1660300000,
    "interestIncome": 5000000,
    "interestExpense": 20300000,
    "depreciationAndAmortization": 39500000,
    "ebitda": 260800000,
    "ebitdaratio": 0.1390117798,
    "operatingIncome": 215800000,
    "operatingIncomeRatio": 0.1150258515,
    "totalOtherIncomeExpensesNet": -14800000,
    "incomeBeforeTax": 201000000,
    "incomeBeforeTaxRatio": 0.1071371462,
    "incomeTaxExpense": 77700000,
    "netIncome": 121200000,
    "netIncomeRatio": 0.0646021001,
    "eps": 0.3,
    "epsdiluted": 0.29,
    "weightedAverageShsOut": 410500000,
    "weightedAverageShsOutDil": 417600000,
    "link": "https://www.sec.gov/Archives/edgar/data/51644/000005164415000027/0000051644-15-000027-index.htm",
    "finalLink": "https://www.sec.gov/Archives/edgar/data/51644/000005164415000027/ipg6301510q.htm"
  },
  {
    "date": "2015-03-31",
    "symbol": "IPG",
    "reportedCurrency": "USD",
    "cik": "0000051644",
    "fillingDate": "2015-04-24",
    "acceptedDate": "2015-04-24 09:04:46",
    "calendarYear": "2015",
    "period": "Q1",
    "revenue": 1676000000,
    "costOfRevenue": 1215200000,
    "grossProfit": 460800000,
    "grossProfitRatio": 0.2749403341,
    "researchAndDevelopmentExpenses": 0,
    "generalAndAdministrativeExpenses": 453000000,
    "sellingAndMarketingExpenses": 0,
    "sellingGeneralAndAdministrativeExpenses": 453000000,
    "otherExpenses": 0,
    "operatingExpenses": 453000000,
    "costAndExpenses": 1668200000,
    "interestIncome": 7200000,
    "interestExpense": 20900000,
    "depreciationAndAmortization": 38700000,
    "ebitda": 54000000,
    "ebitdaratio": 0.0322195704,
    "operatingIncome": 7800000,
    "operatingIncomeRatio": 0.0046539379,
    "totalOtherIncomeExpensesNet": -13400000,
    "incomeBeforeTax": -5600000,
    "incomeBeforeTaxRatio": -0.0033412888,
    "incomeTaxExpense": -1400000,
    "netIncome": -1800000,
    "netIncomeRatio": -0.0010739857,
    "eps": -0.0044,
    "epsdiluted": -0.0044,
    "weightedAverageShsOut": 411100000,
    "weightedAverageShsOutDil": 411100000,
    "link": "https://www.sec.gov/Archives/edgar/data/51644/000005164415000014/0000051644-15-000014-index.htm",
    "finalLink": "https://www.sec.gov/Archives/edgar/data/51644/000005164415000014/ipg3311510q.htm"
  },
  {
    "date": "2014-12-31",
    "symbol": "IPG",
    "reportedCurrency": "USD",
    "cik": "0000051644",
    "fillingDate": "2015-02-23",
    "acceptedDate": "2015-02-23 08:41:45",
    "calendarYear": "2014",
    "period": "Q4",
    "revenue": 2207100000,
    "costOfRevenue": 1266400000,
    "grossProfit": 940700000,
    "grossProfitRatio": 0.4262153958,
    "researchAndDevelopmentExpenses": 0,
    "generalAndAdministrativeExpenses": 507600000,
    "sellingAndMarketingExpenses": 0,
    "sellingGeneralAndAdministrativeExpenses": 507600000,
    "otherExpenses": 200000,
    "operatingExpenses": 507700000,
    "costAndExpenses": 1774100000,
    "interestIncome": 7100000,
    "interestExpense": 21400000,
    "depreciationAndAmortization": 41300000,
    "ebitda": 481300000,
    "ebitdaratio": 0.2180689593,
    "operatingIncome": 433000000,
    "operatingIncomeRatio": 0.1961850392,
    "totalOtherIncomeExpensesNet": -14400000,
    "incomeBeforeTax": 418600000,
    "incomeBeforeTaxRatio": 0.1896606407,
    "incomeTaxExpense": 87900000,
    "netIncome": 308900000,
    "netIncomeRatio": 0.1399574102,
    "eps": 0.75,
    "epsdiluted": 0.73,
    "weightedAverageShsOut": 413700000,
    "weightedAverageShsOutDil": 421200000,
    "link": "https://www.sec.gov/Archives/edgar/data/51644/000005164415000011/0000051644-15-000011-index.htm",
    "finalLink": "https://www.sec.gov/Archives/edgar/data/51644/000005164415000011/ipg12311410k.htm"
  },
  {
    "date": "2014-09-30",
    "symbol": "IPG",
    "reportedCurrency": "USD",
    "cik": "0000051644",
    "fillingDate": "2014-10-23",
    "acceptedDate": "2014-10-23 09:03:56",
    "calendarYear": "2014",
    "period": "Q3",
    "revenue": 1841100000,
    "costOfRevenue": 1195200000,
    "grossProfit": 645900000,
    "grossProfitRatio": 0.3508228776,
    "researchAndDevelopmentExpenses": 0,
    "generalAndAdministrativeExpenses": 474600000,
    "sellingAndMarketingExpenses": 0,
    "sellingGeneralAndAdministrativeExpenses": 474600000,
    "otherExpenses": 0,
    "operatingExpenses": 474600000,
    "costAndExpenses": 1669800000,
    "interestIncome": 7500000,
    "interestExpense": 20700000,
    "depreciationAndAmortization": 41000000,
    "ebitda": 219200000,
    "ebitdaratio": 0.1190592581,
    "operatingIncome": 171300000,
    "operatingIncomeRatio": 0.093042203,
    "totalOtherIncomeExpensesNet": -13800000,
    "incomeBeforeTax": 157500000,
    "incomeBeforeTaxRatio": 0.085546684,
    "incomeTaxExpense": 65000000,
    "netIncome": 89700000,
    "netIncomeRatio": 0.0487208734,
    "eps": 0.21,
    "epsdiluted": 0.21,
    "weightedAverageShsOut": 419200000,
    "weightedAverageShsOutDil": 426400000,
    "link": "https://www.sec.gov/Archives/edgar/data/51644/000005164414000053/0000051644-14-000053-index.htm",
    "finalLink": "https://www.sec.gov/Archives/edgar/data/51644/000005164414000053/ipg09301410q.htm"
  },
  {
    "date": "2014-06-30",
    "symbol": "IPG",
    "reportedCurrency": "USD",
    "cik": "0000051644",
    "fillingDate": "2014-07-24",
    "acceptedDate": "2014-07-24 07:59:29",
    "calendarYear": "2014",
    "period": "Q2",
    "revenue": 1851400000,
    "costOfRevenue": 1170200000,
    "grossProfit": 681200000,
    "grossProfitRatio": 0.3679377768,
    "researchAndDevelopmentExpenses": 0,
    "generalAndAdministrativeExpenses": 485400000,
    "sellingAndMarketingExpenses": 0,
    "sellingGeneralAndAdministrativeExpenses": 485400000,
    "otherExpenses": 0,
    "operatingExpenses": 485400000,
    "costAndExpenses": 1655600000,
    "interestIncome": 6600000,
    "interestExpense": 22600000,
    "depreciationAndAmortization": 40200000,
    "ebitda": 231400000,
    "ebitdaratio": 0.1249864967,
    "operatingIncome": 195800000,
    "operatingIncomeRatio": 0.1057578049,
    "totalOtherIncomeExpensesNet": -27200000,
    "incomeBeforeTax": 168600000,
    "incomeBeforeTaxRatio": 0.0910662202,
    "incomeTaxExpense": 65300000,
    "netIncome": 99400000,
    "netIncomeRatio": 0.0536891001,
    "eps": 0.24,
    "epsdiluted": 0.23,
    "weightedAverageShsOut": 421100000,
    "weightedAverageShsOutDil": 428100000,
    "link": "https://www.sec.gov/Archives/edgar/data/51644/000005164414000045/0000051644-14-000045-index.htm",
    "finalLink": "https://www.sec.gov/Archives/edgar/data/51644/000005164414000045/ipg06301410q.htm"
  },
  {
    "date": "2014-03-31",
    "symbol": "IPG",
    "reportedCurrency": "USD",
    "cik": "0000051644",
    "fillingDate": "2014-04-23",
    "acceptedDate": "2014-04-23 08:26:05",
    "calendarYear": "2014",
    "period": "Q1",
    "revenue": 1637500000,
    "costOfRevenue": 1188600000,
    "grossProfit": 448900000,
    "grossProfitRatio": 0.2741374046,
    "researchAndDevelopmentExpenses": 0,
    "generalAndAdministrativeExpenses": 460600000,
    "sellingAndMarketingExpenses": 0,
    "sellingGeneralAndAdministrativeExpenses": 460600000,
    "otherExpenses": 0,
    "operatingExpenses": 460600000,
    "costAndExpenses": 1649200000,
    "interestIncome": 6200000,
    "interestExpense": 20200000,
    "depreciationAndAmortization": 40500000,
    "ebitda": 36700000,
    "ebitdaratio": 0.0224122137,
    "operatingIncome": -11700000,
    "operatingIncomeRatio": -0.0071450382,
    "totalOtherIncomeExpensesNet": -12300000,
    "incomeBeforeTax": -24000000,
    "incomeBeforeTaxRatio": -0.0146564885,
    "incomeTaxExpense": -1700000,
    "netIncome": -20900000,
    "netIncomeRatio": -0.0127633588,
    "eps": -0.0494,
    "epsdiluted": -0.0494,
    "weightedAverageShsOut": 422800000,
    "weightedAverageShsOutDil": 422800000,
    "link": "https://www.sec.gov/Archives/edgar/data/51644/000005164414000019/0000051644-14-000019-index.htm",
    "finalLink": "https://www.sec.gov/Archives/edgar/data/51644/000005164414000019/ipg03311410q.htm"
  },
  {
    "date": "2013-12-31",
    "symbol": "IPG",
    "reportedCurrency": "USD",
    "cik": "0000051644",
    "fillingDate": "2014-02-24",
    "acceptedDate": "2014-02-24 08:36:42",
    "calendarYear": "2013",
    "period": "Q4",
    "revenue": 2122700000,
    "costOfRevenue": 1199600000,
    "grossProfit": 923100000,
    "grossProfitRatio": 0.4348706836,
    "researchAndDevelopmentExpenses": 0,
    "generalAndAdministrativeExpenses": 538100000,
    "sellingAndMarketingExpenses": 0,
    "sellingGeneralAndAdministrativeExpenses": 538100000,
    "otherExpenses": 60600000,
    "operatingExpenses": 598700000,
    "costAndExpenses": 1798300000,
    "interestIncome": 6700000,
    "interestExpense": 24700000,
    "depreciationAndAmortization": 39500000,
    "ebitda": 378300000,
    "ebitdaratio": 0.1782164225,
    "operatingIncome": 324400000,
    "operatingIncomeRatio": 0.1528242333,
    "totalOtherIncomeExpensesNet": -10300000,
    "incomeBeforeTax": 314100000,
    "incomeBeforeTaxRatio": 0.1479719226,
    "incomeTaxExpense": 103200000,
    "netIncome": 193100000,
    "netIncomeRatio": 0.0909690489,
    "eps": 0.45,
    "epsdiluted": 0.44,
    "weightedAverageShsOut": 425100000,
    "weightedAverageShsOutDil": 435200000,
    "link": "https://www.sec.gov/Archives/edgar/data/51644/000005164414000011/0000051644-14-000011-index.htm",
    "finalLink": "https://www.sec.gov/Archives/edgar/data/51644/000005164414000011/ipg12311310k.htm"
  },
  {
    "date": "2013-09-30",
    "symbol": "IPG",
    "reportedCurrency": "USD",
    "cik": "0000051644",
    "fillingDate": "2013-10-24",
    "acceptedDate": "2013-10-24 16:16:34",
    "calendarYear": "2013",
    "period": "Q3",
    "revenue": 1700400000,
    "costOfRevenue": 1093600000,
    "grossProfit": 606800000,
    "grossProfitRatio": 0.3568572101,
    "researchAndDevelopmentExpenses": 0,
    "generalAndAdministrativeExpenses": 465300000,
    "sellingAndMarketingExpenses": 0,
    "sellingGeneralAndAdministrativeExpenses": 465300000,
    "otherExpenses": 0,
    "operatingExpenses": 465300000,
    "costAndExpenses": 1558900000,
    "interestIncome": 5800000,
    "interestExpense": 23700000,
    "depreciationAndAmortization": 40500000,
    "ebitda": 141200000,
    "ebitdaratio": 0.0830392849,
    "operatingIncome": 141500000,
    "operatingIncomeRatio": 0.0832157139,
    "totalOtherIncomeExpensesNet": -64500000,
    "incomeBeforeTax": 77000000,
    "incomeBeforeTaxRatio": 0.0452834627,
    "incomeTaxExpense": 28400000,
    "netIncome": 48300000,
    "netIncomeRatio": 0.0284050812,
    "eps": 0.11,
    "epsdiluted": 0.11,
    "weightedAverageShsOut": 419700000,
    "weightedAverageShsOutDil": 426100000,
    "link": "https://www.sec.gov/Archives/edgar/data/51644/000005164413000039/0000051644-13-000039-index.htm",
    "finalLink": "https://www.sec.gov/Archives/edgar/data/51644/000005164413000039/ipg09301310q.htm"
  },
  {
    "date": "2013-06-30",
    "symbol": "IPG",
    "reportedCurrency": "USD",
    "cik": "0000051644",
    "fillingDate": "2013-07-25",
    "acceptedDate": "2013-07-25 08:30:42",
    "calendarYear": "2013",
    "period": "Q2",
    "revenue": 1756200000,
    "costOfRevenue": 1120200000,
    "grossProfit": 636000000,
    "grossProfitRatio": 0.3621455415,
    "researchAndDevelopmentExpenses": 0,
    "generalAndAdministrativeExpenses": 461200000,
    "sellingAndMarketingExpenses": 0,
    "sellingGeneralAndAdministrativeExpenses": 461200000,
    "otherExpenses": 0,
    "operatingExpenses": 461200000,
    "costAndExpenses": 1581400000,
    "interestIncome": 5800000,
    "interestExpense": 37500000,
    "depreciationAndAmortization": 39200000,
    "ebitda": 224600000,
    "ebitdaratio": 0.127889762,
    "operatingIncome": 174800000,
    "operatingIncomeRatio": 0.0995330828,
    "totalOtherIncomeExpensesNet": -26900000,
    "incomeBeforeTax": 147900000,
    "incomeBeforeTaxRatio": 0.0842159207,
    "incomeTaxExpense": 62000000,
    "netIncome": 82800000,
    "netIncomeRatio": 0.0471472497,
    "eps": 0.19,
    "epsdiluted": 0.18,
    "weightedAverageShsOut": 425100000,
    "weightedAverageShsOutDil": 448300000,
    "link": "https://www.sec.gov/Archives/edgar/data/51644/000005164413000025/0000051644-13-000025-index.htm",
    "finalLink": "https://www.sec.gov/Archives/edgar/data/51644/000005164413000025/ipg06301310q.htm"
  },
  {
    "date": "2013-03-31",
    "symbol": "IPG",
    "reportedCurrency": "USD",
    "cik": "0000051644",
    "fillingDate": "2013-04-25",
    "acceptedDate": "2013-04-25 09:16:32",
    "calendarYear": "2013",
    "period": "Q1",
    "revenue": 1543000000,
    "costOfRevenue": 1132100000,
    "grossProfit": 410900000,
    "grossProfitRatio": 0.2662994167,
    "researchAndDevelopmentExpenses": 0,
    "generalAndAdministrativeExpenses": 453300000,
    "sellingAndMarketingExpenses": 0,
    "sellingGeneralAndAdministrativeExpenses": 453300000,
    "otherExpenses": 0,
    "operatingExpenses": 453300000,
    "costAndExpenses": 1585400000,
    "interestIncome": 6400000,
    "interestExpense": 36800000,
    "depreciationAndAmortization": 38200000,
    "ebitda": 4000000,
    "ebitdaratio": 0.0025923526,
    "operatingIncome": -42400000,
    "operatingIncomeRatio": -0.0274789371,
    "totalOtherIncomeExpensesNet": -28600000,
    "incomeBeforeTax": -71000000,
    "incomeBeforeTaxRatio": -0.0460142579,
    "incomeTaxExpense": -12400000,
    "netIncome": -56300000,
    "netIncomeRatio": -0.0364873623,
    "eps": -0.14,
    "epsdiluted": -0.14,
    "weightedAverageShsOut": 414200000,
    "weightedAverageShsOutDil": 414200000,
    "link": "https://www.sec.gov/Archives/edgar/data/51644/000005164413000014/0000051644-13-000014-index.htm",
    "finalLink": "https://www.sec.gov/Archives/edgar/data/51644/000005164413000014/ipg03311310q.htm"
  },
  {
    "date": "2012-12-31",
    "symbol": "IPG",
    "reportedCurrency": "USD",
    "cik": "0000051644",
    "fillingDate": "2013-02-22",
    "acceptedDate": "2013-02-22 09:01:00",
    "calendarYear": "2012",
    "period": "Q4",
    "revenue": 2063300000,
    "costOfRevenue": 1133800000,
    "grossProfit": 929500000,
    "grossProfitRatio": 0.4504919304,
    "researchAndDevelopmentExpenses": 0,
    "generalAndAdministrativeExpenses": -2738500000,
    "sellingAndMarketingExpenses": 0,
    "sellingGeneralAndAdministrativeExpenses": -2738500000,
    "otherExpenses": 0,
    "operatingExpenses": 519600000,
    "costAndExpenses": 1653400000,
    "interestIncome": 8100000,
    "interestExpense": 36600000,
    "depreciationAndAmortization": 38900000,
    "ebitda": 552300000,
    "ebitdaratio": 0.2676779916,
    "operatingIncome": 409900000,
    "operatingIncomeRatio": 0.198662337,
    "totalOtherIncomeExpensesNet": 66900000,
    "incomeBeforeTax": 476800000,
    "incomeBeforeTaxRatio": 0.2310861242,
    "incomeTaxExpense": 140500000,
    "netIncome": 316200000,
    "netIncomeRatio": 0.1532496486,
    "eps": 0.76,
    "epsdiluted": 0.76,
    "weightedAverageShsOut": 414200000,
    "weightedAverageShsOutDil": 414200000,
    "link": "https://www.sec.gov/Archives/edgar/data/51644/000005164413000003/0000051644-13-000003-index.htm",
    "finalLink": "https://www.sec.gov/Archives/edgar/data/51644/000005164413000003/ipg12311210k.htm"
  },
  {
    "date": "2012-09-30",
    "symbol": "IPG",
    "reportedCurrency": "USD",
    "cik": "0000051644",
    "fillingDate": "2012-10-26",
    "acceptedDate": "2012-10-26 08:57:01",
    "calendarYear": "2012",
    "period": "Q3",
    "revenue": 1670400000,
    "costOfRevenue": 1064300000,
    "grossProfit": 606100000,
    "grossProfitRatio": 0.3628472222,
    "researchAndDevelopmentExpenses": 0,
    "generalAndAdministrativeExpenses": 1539000000,
    "sellingAndMarketingExpenses": 0,
    "sellingGeneralAndAdministrativeExpenses": 1539000000,
    "otherExpenses": 0,
    "operatingExpenses": 474700000,
    "costAndExpenses": 1539000000,
    "interestIncome": 6700000,
    "interestExpense": 31600000,
    "depreciationAndAmortization": 37400000,
    "ebitda": 177200000,
    "ebitdaratio": 0.1060823755,
    "operatingIncome": 131400000,
    "operatingIncomeRatio": 0.0786637931,
    "totalOtherIncomeExpensesNet": -23200000,
    "incomeBeforeTax": 108200000,
    "incomeBeforeTaxRatio": 0.0647749042,
    "incomeTaxExpense": 41900000,
    "netIncome": 71600000,
    "netIncomeRatio": 0.0428639847,
    "eps": 0.16,
    "epsdiluted": 0.15,
    "weightedAverageShsOut": 431300000,
    "weightedAverageShsOutDil": 456100000,
    "link": "https://www.sec.gov/Archives/edgar/data/51644/000005164412000014/0000051644-12-000014-index.htm",
    "finalLink": "https://www.sec.gov/Archives/edgar/data/51644/000005164412000014/ipg09301210q.htm"
  },
  {
    "date": "2012-06-30",
    "symbol": "IPG",
    "reportedCurrency": "USD",
    "cik": "0000051644",
    "fillingDate": "2012-07-26",
    "acceptedDate": "2012-07-26 09:02:32",
    "calendarYear": "2012",
    "period": "Q2",
    "revenue": 1715700000,
    "costOfRevenue": 1088900000,
    "grossProfit": 626800000,
    "grossProfitRatio": 0.3653319345,
    "researchAndDevelopmentExpenses": 0,
    "generalAndAdministrativeExpenses": 1539300000,
    "sellingAndMarketingExpenses": 0,
    "sellingGeneralAndAdministrativeExpenses": 1539300000,
    "otherExpenses": 0,
    "operatingExpenses": 450400000,
    "costAndExpenses": 1539300000,
    "interestIncome": 6700000,
    "interestExpense": 32700000,
    "depreciationAndAmortization": 36800000,
    "ebitda": 224600000,
    "ebitdaratio": 0.130908667,
    "operatingIncome": 176400000,
    "operatingIncomeRatio": 0.1028151775,
    "totalOtherIncomeExpensesNet": -21300000,
    "incomeBeforeTax": 155100000,
    "incomeBeforeTaxRatio": 0.0904004197,
    "incomeTaxExpense": 50100000,
    "netIncome": 101900000,
    "netIncomeRatio": 0.0593926677,
    "eps": 0.23,
    "epsdiluted": 0.22,
    "weightedAverageShsOut": 437400000,
    "weightedAverageShsOutDil": 477700000,
    "link": "https://www.sec.gov/Archives/edgar/data/51644/000144530512002280/0001445305-12-002280-index.htm",
    "finalLink": "https://www.sec.gov/Archives/edgar/data/51644/000144530512002280/ipg06301210q.htm"
  },
  {
    "date": "2012-03-31",
    "symbol": "IPG",
    "reportedCurrency": "USD",
    "cik": "0000051644",
    "fillingDate": "2012-04-26",
    "acceptedDate": "2012-04-26 09:00:46",
    "calendarYear": "2012",
    "period": "Q1",
    "revenue": 1506800000,
    "costOfRevenue": 1104900000,
    "grossProfit": 401900000,
    "grossProfitRatio": 0.2667241837,
    "researchAndDevelopmentExpenses": 0,
    "generalAndAdministrativeExpenses": 1546200000,
    "sellingAndMarketingExpenses": 0,
    "sellingGeneralAndAdministrativeExpenses": 1546200000,
    "otherExpenses": 0,
    "operatingExpenses": 441300000,
    "costAndExpenses": 1546200000,
    "interestIncome": 8000000,
    "interestExpense": 32600000,
    "depreciationAndAmortization": 34600000,
    "ebitda": 1900000,
    "ebitdaratio": 0.0012609504,
    "operatingIncome": -39400000,
    "operatingIncomeRatio": -0.0261481285,
    "totalOtherIncomeExpensesNet": -25900000,
    "incomeBeforeTax": -65300000,
    "incomeBeforeTaxRatio": -0.0433368728,
    "incomeTaxExpense": -19200000,
    "netIncome": -43000000,
    "netIncomeRatio": -0.0285372976,
    "eps": -0.0983,
    "epsdiluted": -0.0983,
    "weightedAverageShsOut": 437600000,
    "weightedAverageShsOutDil": 437600000,
    "link": "https://www.sec.gov/Archives/edgar/data/51644/000005164412000009/0000051644-12-000009-index.htm",
    "finalLink": "https://www.sec.gov/Archives/edgar/data/51644/000005164412000009/ipg03311210q.htm"
  },
  {
    "date": "2011-12-31",
    "symbol": "IPG",
    "reportedCurrency": "USD",
    "cik": "0000051644",
    "fillingDate": "2012-02-24",
    "acceptedDate": "2012-02-24 09:09:28",
    "calendarYear": "2011",
    "period": "Q4",
    "revenue": 2072600000,
    "costOfRevenue": 1138300000,
    "grossProfit": 934300000,
    "grossProfitRatio": 0.4507864518,
    "researchAndDevelopmentExpenses": 0,
    "generalAndAdministrativeExpenses": 1687100000,
    "sellingAndMarketingExpenses": 0,
    "sellingGeneralAndAdministrativeExpenses": 1687100000,
    "otherExpenses": 200000,
    "operatingExpenses": 549000000,
    "costAndExpenses": 1687300000,
    "interestIncome": 10100000,
    "interestExpense": 38900000,
    "depreciationAndAmortization": 41400000,
    "ebitda": 450700000,
    "ebitdaratio": 0.217456335,
    "operatingIncome": 385300000,
    "operatingIncomeRatio": 0.1859017659,
    "totalOtherIncomeExpensesNet": -14900000,
    "incomeBeforeTax": 370400000,
    "incomeBeforeTaxRatio": 0.178712728,
    "incomeTaxExpense": 93700000,
    "netIncome": 261900000,
    "netIncomeRatio": 0.1263630223,
    "eps": 0.6,
    "epsdiluted": 0.6,
    "weightedAverageShsOut": 437600000,
    "weightedAverageShsOutDil": 437600000,
    "link": "https://www.sec.gov/Archives/edgar/data/51644/000005164412000005/0000051644-12-000005-index.htm",
    "finalLink": "https://www.sec.gov/Archives/edgar/data/51644/000005164412000005/ipg12311110k.htm"
  },
  {
    "date": "2011-09-30",
    "symbol": "IPG",
    "reportedCurrency": "USD",
    "cik": "0000051644",
    "fillingDate": "2011-10-28",
    "acceptedDate": "2011-10-28 09:02:22",
    "calendarYear": "2011",
    "period": "Q3",
    "revenue": 1726500000,
    "costOfRevenue": 1088000000,
    "grossProfit": 638500000,
    "grossProfitRatio": 0.369823342,
    "researchAndDevelopmentExpenses": 0,
    "generalAndAdministrativeExpenses": 1553500000,
    "sellingAndMarketingExpenses": 0,
    "sellingGeneralAndAdministrativeExpenses": 1553500000,
    "otherExpenses": 0,
    "operatingExpenses": 465300000,
    "costAndExpenses": 1553300000,
    "interestIncome": 9700000,
    "interestExpense": 32900000,
    "depreciationAndAmortization": 36200000,
    "ebitda": 356200000,
    "ebitdaratio": 0.2063133507,
    "operatingIncome": 173200000,
    "operatingIncomeRatio": 0.1003185636,
    "totalOtherIncomeExpensesNet": 113900000,
    "incomeBeforeTax": 287100000,
    "incomeBeforeTaxRatio": 0.1662901825,
    "incomeTaxExpense": 70400000,
    "netIncome": 211000000,
    "netIncomeRatio": 0.1222125688,
    "eps": 0.45,
    "epsdiluted": 0.4,
    "weightedAverageShsOut": 464700000,
    "weightedAverageShsOutDil": 537600000,
    "link": "https://www.sec.gov/Archives/edgar/data/51644/000005164411000008/0000051644-11-000008-index.htm",
    "finalLink": "https://www.sec.gov/Archives/edgar/data/51644/000005164411000008/ipg09301110q.htm"
  },
  {
    "date": "2011-06-30",
    "symbol": "IPG",
    "reportedCurrency": "USD",
    "cik": "0000051644",
    "fillingDate": "2011-07-28",
    "acceptedDate": "2011-07-28 09:12:38",
    "calendarYear": "2011",
    "period": "Q2",
    "revenue": 1740700000,
    "costOfRevenue": 1095700000,
    "grossProfit": 645000000,
    "grossProfitRatio": 0.3705405871,
    "researchAndDevelopmentExpenses": 0,
    "generalAndAdministrativeExpenses": 1566500000,
    "sellingAndMarketingExpenses": 0,
    "sellingGeneralAndAdministrativeExpenses": 1566500000,
    "otherExpenses": 0,
    "operatingExpenses": 471000000,
    "costAndExpenses": 1566700000,
    "interestIncome": 9700000,
    "interestExpense": 33100000,
    "depreciationAndAmortization": 37700000,
    "ebitda": 226700000,
    "ebitdaratio": 0.1302349629,
    "operatingIncome": 174000000,
    "operatingIncomeRatio": 0.0999597863,
    "totalOtherIncomeExpensesNet": -18100000,
    "incomeBeforeTax": 155900000,
    "incomeBeforeTaxRatio": 0.0895616706,
    "incomeTaxExpense": 47600000,
    "netIncome": 104600000,
    "netIncomeRatio": 0.0600907681,
    "eps": 0.21,
    "epsdiluted": 0.19,
    "weightedAverageShsOut": 473100000,
    "weightedAverageShsOutDil": 546900000,
    "link": "https://www.sec.gov/Archives/edgar/data/51644/000005164411000004/0000051644-11-000004-index.htm",
    "finalLink": "https://www.sec.gov/Archives/edgar/data/51644/000005164411000004/ipg06301110q.htm"
  },
  {
    "date": "2011-03-31",
    "symbol": "IPG",
    "reportedCurrency": "USD",
    "cik": "0000051644",
    "fillingDate": "2011-04-28",
    "acceptedDate": "2011-04-28 09:00:29",
    "calendarYear": "2011",
    "period": "Q1",
    "revenue": 1474800000,
    "costOfRevenue": 1080100000,
    "grossProfit": 394700000,
    "grossProfitRatio": 0.2676295091,
    "researchAndDevelopmentExpenses": 0,
    "generalAndAdministrativeExpenses": 1519300000,
    "sellingAndMarketingExpenses": 0,
    "sellingGeneralAndAdministrativeExpenses": 1519300000,
    "otherExpenses": 800000,
    "operatingExpenses": 440000000,
    "costAndExpenses": 1520100000,
    "interestIncome": 8300000,
    "interestExpense": 31900000,
    "depreciationAndAmortization": 35600000,
    "ebitda": -7500000,
    "ebitdaratio": -0.0050854353,
    "operatingIncome": -45300000,
    "operatingIncomeRatio": -0.0307160293,
    "totalOtherIncomeExpensesNet": -29700000,
    "incomeBeforeTax": -75000000,
    "incomeBeforeTaxRatio": -0.0508543531,
    "incomeTaxExpense": -21500000,
    "netIncome": -45200000,
    "netIncomeRatio": -0.0306482235,
    "eps": -0.095,
    "epsdiluted": -0.095,
    "weightedAverageShsOut": 476000000,
    "weightedAverageShsOutDil": 476000000,
    "link": "https://www.sec.gov/Archives/edgar/data/51644/000119312511113642/0001193125-11-113642-index.htm",
    "finalLink": "https://www.sec.gov/Archives/edgar/data/51644/000119312511113642/d10q.htm"
  },
  {
    "date": "2010-12-31",
    "symbol": "IPG",
    "reportedCurrency": "USD",
    "cik": "0000051644",
    "fillingDate": "2011-02-25",
    "acceptedDate": "2011-02-25 09:02:37",
    "calendarYear": "2010",
    "period": "Q4",
    "revenue": 2012000000,
    "costOfRevenue": 1139600000,
    "grossProfit": 872400000,
    "grossProfitRatio": 0.4335984095,
    "researchAndDevelopmentExpenses": 0,
    "generalAndAdministrativeExpenses": 1679700000,
    "sellingAndMarketingExpenses": 0,
    "sellingGeneralAndAdministrativeExpenses": 1679700000,
    "otherExpenses": 1600000,
    "operatingExpenses": 541700000,
    "costAndExpenses": 1681300000,
    "interestIncome": 9300000,
    "interestExpense": 37400000,
    "depreciationAndAmortization": 36900000,
    "ebitda": 394500000,
    "ebitdaratio": 0.1960735586,
    "operatingIncome": 330700000,
    "operatingIncomeRatio": 0.1643638171,
    "totalOtherIncomeExpensesNet": -10500000,
    "incomeBeforeTax": 320200000,
    "incomeBeforeTaxRatio": 0.1591451292,
    "incomeTaxExpense": -243700000,
    "netIncome": 197900000,
    "netIncomeRatio": 0.098359841,
    "eps": 0.42,
    "epsdiluted": 0.42,
    "weightedAverageShsOut": 475400000,
    "weightedAverageShsOutDil": 476000000,
    "link": "https://www.sec.gov/Archives/edgar/data/51644/000119312511046438/0001193125-11-046438-index.htm",
    "finalLink": "https://www.sec.gov/Archives/edgar/data/51644/000119312511046438/d10k.htm"
  },
  {
    "date": "2010-09-30",
    "symbol": "IPG",
    "reportedCurrency": "USD",
    "cik": "0000051644",
    "fillingDate": "2010-10-29",
    "acceptedDate": "2010-10-29 09:00:05",
    "calendarYear": "2010",
    "period": "Q3",
    "revenue": 1560800000,
    "costOfRevenue": 1007100000,
    "grossProfit": 546300000,
    "grossProfitRatio": 0.3500128139,
    "researchAndDevelopmentExpenses": 0,
    "generalAndAdministrativeExpenses": 1459200000,
    "sellingAndMarketingExpenses": 0,
    "sellingGeneralAndAdministrativeExpenses": 1459200000,
    "otherExpenses": 1400000,
    "operatingExpenses": 446100000,
    "costAndExpenses": 1453200000,
    "interestIncome": 6800000,
    "interestExpense": 34700000,
    "depreciationAndAmortization": 37300000,
    "ebitda": 141200000,
    "ebitdaratio": 0.0904664275,
    "operatingIncome": 100200000,
    "operatingIncomeRatio": 0.0641978473,
    "totalOtherIncomeExpensesNet": -31000000,
    "incomeBeforeTax": 69200000,
    "incomeBeforeTaxRatio": 0.0443362378,
    "incomeTaxExpense": 24400000,
    "netIncome": 45300000,
    "netIncomeRatio": 0.0290235777,
    "eps": 0.09,
    "epsdiluted": 0.08,
    "weightedAverageShsOut": 474700000,
    "weightedAverageShsOutDil": 533600000,
    "link": "https://www.sec.gov/Archives/edgar/data/51644/000119312510240635/0001193125-10-240635-index.htm",
    "finalLink": "https://www.sec.gov/Archives/edgar/data/51644/000119312510240635/d10q.htm"
  },
  {
    "date": "2010-06-30",
    "symbol": "IPG",
    "reportedCurrency": "USD",
    "cik": "0000051644",
    "fillingDate": "2010-07-29",
    "acceptedDate": "2010-07-29 09:00:02",
    "calendarYear": "2010",
    "period": "Q2",
    "revenue": 1617800000,
    "costOfRevenue": 991000000,
    "grossProfit": 620700000,
    "grossProfitRatio": 0.3836691804,
    "researchAndDevelopmentExpenses": 0,
    "generalAndAdministrativeExpenses": 1440000000,
    "sellingAndMarketingExpenses": 0,
    "sellingGeneralAndAdministrativeExpenses": 1440000000,
    "otherExpenses": 600000,
    "operatingExpenses": 443500000,
    "costAndExpenses": 1434500000,
    "interestIncome": 6100000,
    "interestExpense": 35000000,
    "depreciationAndAmortization": 36800000,
    "ebitda": 218000000,
    "ebitdaratio": 0.1347508963,
    "operatingIncome": 177200000,
    "operatingIncomeRatio": 0.1095314625,
    "totalOtherIncomeExpensesNet": -31000000,
    "incomeBeforeTax": 146200000,
    "incomeBeforeTaxRatio": 0.0903696378,
    "incomeTaxExpense": 63300000,
    "netIncome": 82500000,
    "netIncomeRatio": 0.0509951786,
    "eps": 0.22,
    "epsdiluted": 0.15,
    "weightedAverageShsOut": 473000000,
    "weightedAverageShsOutDil": 544900000,
    "link": "https://www.sec.gov/Archives/edgar/data/51644/000119312510169995/0001193125-10-169995-index.htm",
    "finalLink": "https://www.sec.gov/Archives/edgar/data/51644/000119312510169995/d10q.htm"
  },
  {
    "date": "2010-03-31",
    "symbol": "IPG",
    "reportedCurrency": "USD",
    "cik": "0000051644",
    "fillingDate": "2010-04-29",
    "acceptedDate": "2010-04-29 08:59:59",
    "calendarYear": "2010",
    "period": "Q1",
    "revenue": 1341300000,
    "costOfRevenue": 979300000,
    "grossProfit": 357700000,
    "grossProfitRatio": 0.2666815776,
    "researchAndDevelopmentExpenses": 0,
    "generalAndAdministrativeExpenses": 1400400000,
    "sellingAndMarketingExpenses": 0,
    "sellingGeneralAndAdministrativeExpenses": 1400400000,
    "otherExpenses": 300000,
    "operatingExpenses": 417100000,
    "costAndExpenses": 1396400000,
    "interestIncome": 6500000,
    "interestExpense": 32600000,
    "depreciationAndAmortization": 37400000,
    "ebitda": -15000000,
    "ebitdaratio": -0.0111831805,
    "operatingIncome": -59400000,
    "operatingIncomeRatio": -0.0442853948,
    "totalOtherIncomeExpensesNet": -25600000,
    "incomeBeforeTax": -85000000,
    "incomeBeforeTaxRatio": -0.0633713561,
    "incomeTaxExpense": -15300000,
    "netIncome": -64600000,
    "netIncomeRatio": -0.0481622307,
    "eps": -0.14,
    "epsdiluted": -0.14,
    "weightedAverageShsOut": 471300000,
    "weightedAverageShsOutDil": 471300000,
    "link": "https://www.sec.gov/Archives/edgar/data/51644/000119312510098055/0001193125-10-098055-index.htm",
    "finalLink": "https://www.sec.gov/Archives/edgar/data/51644/000119312510098055/d10q.htm"
  },
  {
    "date": "2009-12-31",
    "symbol": "IPG",
    "reportedCurrency": "USD",
    "cik": "0000051644",
    "fillingDate": "2010-02-26",
    "acceptedDate": "2010-02-26 09:00:51",
    "calendarYear": "2009",
    "period": "Q4",
    "revenue": 1801200000,
    "costOfRevenue": 0,
    "grossProfit": 1801200000,
    "grossProfitRatio": 1,
    "researchAndDevelopmentExpenses": 0,
    "generalAndAdministrativeExpenses": 1527900000,
    "sellingAndMarketingExpenses": 0,
    "sellingGeneralAndAdministrativeExpenses": 1527900000,
    "otherExpenses": 5300000,
    "operatingExpenses": 1533200000,
    "costAndExpenses": 1533200000,
    "interestIncome": 7000000,
    "interestExpense": 37900000,
    "depreciationAndAmortization": 43400000,
    "ebitda": 347500000,
    "ebitdaratio": 0.1929269376,
    "operatingIncome": 268000000,
    "operatingIncomeRatio": 0.1487896958,
    "totalOtherIncomeExpensesNet": -1800000,
    "incomeBeforeTax": 266200000,
    "incomeBeforeTaxRatio": 0.147790362,
    "incomeTaxExpense": 108100000,
    "netIncome": 136400000,
    "netIncomeRatio": 0.0757272929,
    "eps": 0.29,
    "epsdiluted": 0.29,
    "weightedAverageShsOut": 470900000,
    "weightedAverageShsOutDil": 471300000,
    "link": "https://www.sec.gov/Archives/edgar/data/51644/000119312510041804/0001193125-10-041804-index.htm",
    "finalLink": "https://www.sec.gov/Archives/edgar/data/51644/000119312510041804/d10k.htm"
  },
  {
    "date": "2009-09-30",
    "symbol": "IPG",
    "reportedCurrency": "USD",
    "cik": "0000051644",
    "fillingDate": "2009-10-28",
    "acceptedDate": "2009-10-28 09:00:59",
    "calendarYear": "2009",
    "period": "Q3",
    "revenue": 1426700000,
    "costOfRevenue": 943500000,
    "grossProfit": 483200000,
    "grossProfitRatio": 0.3386836756,
    "researchAndDevelopmentExpenses": 0,
    "generalAndAdministrativeExpenses": 1368900000,
    "sellingAndMarketingExpenses": 0,
    "sellingGeneralAndAdministrativeExpenses": 1368900000,
    "otherExpenses": -500000,
    "operatingExpenses": 424900000,
    "costAndExpenses": 1368400000,
    "interestIncome": 7600000,
    "interestExpense": 37800000,
    "depreciationAndAmortization": 42000000,
    "ebitda": 108900000,
    "ebitdaratio": 0.0763299923,
    "operatingIncome": 58300000,
    "operatingIncomeRatio": 0.0408635312,
    "totalOtherIncomeExpensesNet": -29200000,
    "incomeBeforeTax": 29100000,
    "incomeBeforeTaxRatio": 0.0203967197,
    "incomeTaxExpense": 3700000,
    "netIncome": 24100000,
    "netIncomeRatio": 0.0168921287,
    "eps": 0.04,
    "epsdiluted": 0.0469,
    "weightedAverageShsOut": 470500000,
    "weightedAverageShsOutDil": 513800000,
    "link": "https://www.sec.gov/Archives/edgar/data/51644/000119312509215630/0001193125-09-215630-index.htm",
    "finalLink": "https://www.sec.gov/Archives/edgar/data/51644/000119312509215630/d10q.htm"
  },
  {
    "date": "2009-06-30",
    "symbol": "IPG",
    "reportedCurrency": "USD",
    "cik": "0000051644",
    "fillingDate": "2009-07-28",
    "acceptedDate": "2009-07-28 08:59:50",
    "calendarYear": "2009",
    "period": "Q2",
    "revenue": 1474400000,
    "costOfRevenue": 968400000,
    "grossProfit": 506000000,
    "grossProfitRatio": 0.3431904504,
    "researchAndDevelopmentExpenses": 0,
    "generalAndAdministrativeExpenses": 1377500000,
    "sellingAndMarketingExpenses": 0,
    "sellingGeneralAndAdministrativeExpenses": 1377500000,
    "otherExpenses": 0,
    "operatingExpenses": 409100000,
    "costAndExpenses": 1377500000,
    "interestIncome": 8100000,
    "interestExpense": 45100000,
    "depreciationAndAmortization": 42700000,
    "ebitda": 124400000,
    "ebitdaratio": 0.0843733044,
    "operatingIncome": 96900000,
    "operatingIncomeRatio": 0.0657216495,
    "totalOtherIncomeExpensesNet": -60300000,
    "incomeBeforeTax": 36600000,
    "incomeBeforeTaxRatio": 0.0248236571,
    "incomeTaxExpense": 3700000,
    "netIncome": 27800000,
    "netIncomeRatio": 0.0188551275,
    "eps": 0.0595,
    "epsdiluted": 0.0548,
    "weightedAverageShsOut": 467100000,
    "weightedAverageShsOutDil": 507500000,
    "link": "https://www.sec.gov/Archives/edgar/data/51644/000119312509156479/0001193125-09-156479-index.htm",
    "finalLink": "https://www.sec.gov/Archives/edgar/data/51644/000119312509156479/d10q.htm"
  },
  {
    "date": "2009-03-31",
    "symbol": "IPG",
    "reportedCurrency": "USD",
    "cik": "0000051644",
    "fillingDate": "2009-04-28",
    "acceptedDate": "2009-04-28 09:14:59",
    "calendarYear": "2009",
    "period": "Q1",
    "revenue": 1325300000,
    "costOfRevenue": 996500000,
    "grossProfit": 328800000,
    "grossProfitRatio": 0.248094771,
    "researchAndDevelopmentExpenses": 0,
    "generalAndAdministrativeExpenses": 1407400000,
    "sellingAndMarketingExpenses": 0,
    "sellingGeneralAndAdministrativeExpenses": 1407400000,
    "otherExpenses": -200000,
    "operatingExpenses": 410700000,
    "costAndExpenses": 1407200000,
    "interestIncome": 12300000,
    "interestExpense": 34800000,
    "depreciationAndAmortization": 41800000,
    "ebitda": -22900000,
    "ebitdaratio": -0.0172791066,
    "operatingIncome": -81900000,
    "operatingIncomeRatio": -0.0617973289,
    "totalOtherIncomeExpensesNet": -17600000,
    "incomeBeforeTax": -99500000,
    "incomeBeforeTaxRatio": -0.075077341,
    "incomeTaxExpense": -25400000,
    "netIncome": -67000000,
    "netIncomeRatio": -0.0505545914,
    "eps": -0.14,
    "epsdiluted": -0.14,
    "weightedAverageShsOut": 464000000,
    "weightedAverageShsOutDil": 464000000,
    "link": "https://www.sec.gov/Archives/edgar/data/51644/000119312509089368/0001193125-09-089368-index.htm",
    "finalLink": "https://www.sec.gov/Archives/edgar/data/51644/000119312509089368/d10q.htm"
  },
  {
    "date": "2008-12-31",
    "symbol": "IPG",
    "reportedCurrency": "USD",
    "cik": "0000051644",
    "fillingDate": "2009-02-27",
    "acceptedDate": "2009-02-27 09:05:15",
    "calendarYear": "2008",
    "period": "Q4",
    "revenue": 1901800000,
    "costOfRevenue": 0,
    "grossProfit": 1901800000,
    "grossProfitRatio": 1,
    "researchAndDevelopmentExpenses": 0,
    "generalAndAdministrativeExpenses": 0,
    "sellingAndMarketingExpenses": 0,
    "sellingGeneralAndAdministrativeExpenses": 1565300000,
    "otherExpenses": 5900000,
    "operatingExpenses": 1571200000,
    "costAndExpenses": 1571200000,
    "interestIncome": 0,
    "interestExpense": 0,
    "depreciationAndAmortization": -42700000,
    "ebitda": 336500000,
    "ebitdaratio": 0.176937638,
    "operatingIncome": 330600000,
    "operatingIncomeRatio": 0.1738353139,
    "totalOtherIncomeExpensesNet": -33200000,
    "incomeBeforeTax": 297400000,
    "incomeBeforeTaxRatio": 0.1563781681,
    "incomeTaxExpense": 65700000,
    "netIncome": 217000000,
    "netIncomeRatio": 0.1141024293,
    "eps": 0.47,
    "epsdiluted": 0.47,
    "weightedAverageShsOut": 463600000,
    "weightedAverageShsOutDil": 464000000,
    "link": "https://www.sec.gov/Archives/edgar/data/51644/000119312509040141/0001193125-09-040141-index.htm",
    "finalLink": "https://www.sec.gov/Archives/edgar/data/51644/000119312509040141/d10k.htm"
  },
  {
    "date": "2008-09-30",
    "symbol": "IPG",
    "reportedCurrency": "USD",
    "cik": "0000051644",
    "fillingDate": "2008-10-28",
    "acceptedDate": "2008-10-28 09:00:38",
    "calendarYear": "2008",
    "period": "Q3",
    "revenue": 1740000000,
    "costOfRevenue": 0,
    "grossProfit": 1740000000,
    "grossProfitRatio": 1,
    "researchAndDevelopmentExpenses": 0,
    "generalAndAdministrativeExpenses": 0,
    "sellingAndMarketingExpenses": 0,
    "sellingGeneralAndAdministrativeExpenses": 1619800000,
    "otherExpenses": 3900000,
    "operatingExpenses": 1623700000,
    "costAndExpenses": 1623700000,
    "interestIncome": 23300000,
    "interestExpense": 53200000,
    "depreciationAndAmortization": 73000000,
    "ebitda": 182800000,
    "ebitdaratio": 0.1050574713,
    "operatingIncome": 116300000,
    "operatingIncomeRatio": 0.0668390805,
    "totalOtherIncomeExpensesNet": -30900000,
    "incomeBeforeTax": 85400000,
    "incomeBeforeTaxRatio": 0.0490804598,
    "incomeTaxExpense": 35500000,
    "netIncome": 45700000,
    "netIncomeRatio": 0.0262643678,
    "eps": 0.08,
    "epsdiluted": 0.08,
    "weightedAverageShsOut": 462800000,
    "weightedAverageShsOutDil": 519400000,
    "link": "https://www.sec.gov/Archives/edgar/data/51644/000119312508217509/0001193125-08-217509-index.htm",
    "finalLink": "https://www.sec.gov/Archives/edgar/data/51644/000119312508217509/d10q.htm"
  },
  {
    "date": "2008-06-30",
    "symbol": "IPG",
    "reportedCurrency": "USD",
    "cik": "0000051644",
    "fillingDate": "2008-07-30",
    "acceptedDate": "2008-07-30 09:11:24",
    "calendarYear": "2008",
    "period": "Q2",
    "revenue": 1835700000,
    "costOfRevenue": 0,
    "grossProfit": 1835700000,
    "grossProfitRatio": 1,
    "researchAndDevelopmentExpenses": 0,
    "generalAndAdministrativeExpenses": 0,
    "sellingAndMarketingExpenses": 0,
    "sellingGeneralAndAdministrativeExpenses": 1631000000,
    "otherExpenses": 4100000,
    "operatingExpenses": 1635100000,
    "costAndExpenses": 1635100000,
    "interestIncome": 23000000,
    "interestExpense": 53000000,
    "depreciationAndAmortization": 73100000,
    "ebitda": 273100000,
    "ebitdaratio": 0.1487715858,
    "operatingIncome": 200600000,
    "operatingIncomeRatio": 0.109277115,
    "totalOtherIncomeExpensesNet": -23700000,
    "incomeBeforeTax": 176900000,
    "incomeBeforeTaxRatio": 0.0963665087,
    "incomeTaxExpense": 79100000,
    "netIncome": 95100000,
    "netIncomeRatio": 0.0518058506,
    "eps": 0.19,
    "epsdiluted": 0.17,
    "weightedAverageShsOut": 460500000,
    "weightedAverageShsOutDil": 516000000,
    "link": "https://www.sec.gov/Archives/edgar/data/51644/000119312508160910/0001193125-08-160910-index.htm",
    "finalLink": "https://www.sec.gov/Archives/edgar/data/51644/000119312508160910/d10q.htm"
  },
  {
    "date": "2008-03-31",
    "symbol": "IPG",
    "reportedCurrency": "USD",
    "cik": "0000051644",
    "fillingDate": "2008-04-30",
    "acceptedDate": "2008-04-30 09:04:16",
    "calendarYear": "2008",
    "period": "Q1",
    "revenue": 1485200000,
    "costOfRevenue": 0,
    "grossProfit": 1485200000,
    "grossProfitRatio": 1,
    "researchAndDevelopmentExpenses": 0,
    "generalAndAdministrativeExpenses": 0,
    "sellingAndMarketingExpenses": 0,
    "sellingGeneralAndAdministrativeExpenses": 1539800000,
    "otherExpenses": 3200000,
    "operatingExpenses": 1543000000,
    "costAndExpenses": 1543000000,
    "interestIncome": 28700000,
    "interestExpense": 57700000,
    "depreciationAndAmortization": 69900000,
    "ebitda": 12600000,
    "ebitdaratio": 0.0084837059,
    "operatingIncome": -57800000,
    "operatingIncomeRatio": -0.0389173175,
    "totalOtherIncomeExpensesNet": -30400000,
    "incomeBeforeTax": -88200000,
    "incomeBeforeTaxRatio": -0.0593859413,
    "incomeTaxExpense": -23700000,
    "netIncome": -62800000,
    "netIncomeRatio": -0.0422838675,
    "eps": -0.14,
    "epsdiluted": -0.14,
    "weightedAverageShsOut": 459200000,
    "weightedAverageShsOutDil": 459200000,
    "link": "https://www.sec.gov/Archives/edgar/data/51644/000119312508096459/0001193125-08-096459-index.htm",
    "finalLink": "https://www.sec.gov/Archives/edgar/data/51644/000119312508096459/d10q.htm"
  },
  {
    "date": "2007-12-31",
    "symbol": "IPG",
    "reportedCurrency": "USD",
    "cik": "0000051644",
    "fillingDate": "2008-02-29",
    "acceptedDate": "2008-02-29 09:01:07",
    "calendarYear": "2007",
    "period": "Q4",
    "revenue": 1982500000,
    "costOfRevenue": 0,
    "grossProfit": 1982500000,
    "grossProfitRatio": 1,
    "researchAndDevelopmentExpenses": 0,
    "generalAndAdministrativeExpenses": 0,
    "sellingAndMarketingExpenses": 0,
    "sellingGeneralAndAdministrativeExpenses": 1684200000,
    "otherExpenses": 26500000,
    "operatingExpenses": 1710700000,
    "costAndExpenses": 1710700000,
    "interestIncome": 0,
    "interestExpense": 0,
    "depreciationAndAmortization": 81400000,
    "ebitda": 396400000,
    "ebitdaratio": 0.1999495586,
    "operatingIncome": 271800000,
    "operatingIncomeRatio": 0.1370996217,
    "totalOtherIncomeExpensesNet": -25100000,
    "incomeBeforeTax": 246700000,
    "incomeBeforeTaxRatio": 0.1244388398,
    "incomeTaxExpense": 60200000,
    "netIncome": 178400000,
    "netIncomeRatio": 0.0899873897,
    "eps": 0.39,
    "epsdiluted": 0.39,
    "weightedAverageShsOut": 458900000,
    "weightedAverageShsOutDil": 459200000,
    "link": "https://www.sec.gov/Archives/edgar/data/51644/000095012308002315/0000950123-08-002315-index.htm",
    "finalLink": "https://www.sec.gov/Archives/edgar/data/51644/000095012308002315/y50424e10vk.htm"
  },
  {
    "date": "2007-09-30",
    "symbol": "IPG",
    "reportedCurrency": "USD",
    "cik": "0000051644",
    "fillingDate": "2007-11-01",
    "acceptedDate": "2007-11-01 09:04:24",
    "calendarYear": "2007",
    "period": "Q3",
    "revenue": 1559900000,
    "costOfRevenue": 0,
    "grossProfit": 1559900000,
    "grossProfitRatio": 1,
    "researchAndDevelopmentExpenses": 0,
    "generalAndAdministrativeExpenses": 0,
    "sellingAndMarketingExpenses": 0,
    "sellingGeneralAndAdministrativeExpenses": 1503600000,
    "otherExpenses": 5200000,
    "operatingExpenses": 1508800000,
    "costAndExpenses": 1508800000,
    "interestIncome": 0,
    "interestExpense": 0,
    "depreciationAndAmortization": 74100000,
    "ebitda": 130400000,
    "ebitdaratio": 0.0835951023,
    "operatingIncome": 51100000,
    "operatingIncomeRatio": 0.0327585102,
    "totalOtherIncomeExpensesNet": -34700000,
    "incomeBeforeTax": 16400000,
    "incomeBeforeTaxRatio": 0.0105134945,
    "incomeTaxExpense": 35800000,
    "netIncome": -21900000,
    "netIncomeRatio": -0.0140393615,
    "eps": -0.0478,
    "epsdiluted": -0.0478,
    "weightedAverageShsOut": 458600000,
    "weightedAverageShsOutDil": 458600000,
    "link": "https://www.sec.gov/Archives/edgar/data/51644/000095012307014666/0000950123-07-014666-index.htm",
    "finalLink": "https://www.sec.gov/Archives/edgar/data/51644/000095012307014666/y41297e10vq.htm"
  },
  {
    "date": "2007-06-30",
    "symbol": "IPG",
    "reportedCurrency": "USD",
    "cik": "0000051644",
    "fillingDate": "2007-08-07",
    "acceptedDate": "2007-08-07 09:07:49",
    "calendarYear": "2007",
    "period": "Q2",
    "revenue": 1652700000,
    "costOfRevenue": 0,
    "grossProfit": 1652700000,
    "grossProfitRatio": 1,
    "researchAndDevelopmentExpenses": 0,
    "generalAndAdministrativeExpenses": 0,
    "sellingAndMarketingExpenses": 0,
    "sellingGeneralAndAdministrativeExpenses": 1512300000,
    "otherExpenses": -5200000,
    "operatingExpenses": 1507100000,
    "costAndExpenses": 1507100000,
    "interestIncome": 0,
    "interestExpense": 0,
    "depreciationAndAmortization": 61800000,
    "ebitda": 202200000,
    "ebitdaratio": 0.1223452532,
    "operatingIncome": 145600000,
    "operatingIncomeRatio": 0.0880982634,
    "totalOtherIncomeExpensesNet": -20800000,
    "incomeBeforeTax": 124800000,
    "incomeBeforeTaxRatio": 0.0755127972,
    "incomeTaxExpense": -11400000,
    "netIncome": 137000000,
    "netIncomeRatio": 0.0828946572,
    "eps": 0.27,
    "epsdiluted": 0.24,
    "weightedAverageShsOut": 457300000,
    "weightedAverageShsOutDil": 541300000,
    "link": "https://www.sec.gov/Archives/edgar/data/51644/000095012307010942/0000950123-07-010942-index.htm",
    "finalLink": "https://www.sec.gov/Archives/edgar/data/51644/000095012307010942/y37936e10vq.htm"
  },
  {
    "date": "2007-03-31",
    "symbol": "IPG",
    "reportedCurrency": "USD",
    "cik": "0000051644",
    "fillingDate": "2007-05-10",
    "acceptedDate": "2007-05-10 09:06:04",
    "calendarYear": "2007",
    "period": "Q1",
    "revenue": 1359100000,
    "costOfRevenue": 0,
    "grossProfit": 1359100000,
    "grossProfitRatio": 1,
    "researchAndDevelopmentExpenses": 0,
    "generalAndAdministrativeExpenses": 0,
    "sellingAndMarketingExpenses": 0,
    "sellingGeneralAndAdministrativeExpenses": 1483900000,
    "otherExpenses": -600000,
    "operatingExpenses": 1483300000,
    "costAndExpenses": 1483300000,
    "interestIncome": 0,
    "interestExpense": 0,
    "depreciationAndAmortization": 70400000,
    "ebitda": -54400000,
    "ebitdaratio": -0.0400264881,
    "operatingIncome": -124200000,
    "operatingIncomeRatio": -0.0913840041,
    "totalOtherIncomeExpensesNet": -28000000,
    "incomeBeforeTax": -152200000,
    "incomeBeforeTaxRatio": -0.111985873,
    "incomeTaxExpense": -25700000,
    "netIncome": -125900000,
    "netIncomeRatio": -0.0926348319,
    "eps": -0.28,
    "epsdiluted": -0.28,
    "weightedAverageShsOut": 456000000,
    "weightedAverageShsOutDil": 456000000,
    "link": "https://www.sec.gov/Archives/edgar/data/51644/000095012307007167/0000950123-07-007167-index.htm",
    "finalLink": "https://www.sec.gov/Archives/edgar/data/51644/000095012307007167/y34718e10vq.htm"
  },
  {
    "date": "2006-12-31",
    "symbol": "IPG",
    "reportedCurrency": "USD",
    "cik": "0000051644",
    "fillingDate": "2007-02-28",
    "acceptedDate": "2007-02-28 09:01:45",
    "calendarYear": "2006",
    "period": "Q4",
    "revenue": 1877100000,
    "costOfRevenue": 0,
    "grossProfit": 1877100000,
    "grossProfitRatio": 1,
    "researchAndDevelopmentExpenses": 0,
    "generalAndAdministrativeExpenses": 0,
    "sellingAndMarketingExpenses": 0,
    "sellingGeneralAndAdministrativeExpenses": 1660500000,
    "otherExpenses": 48800000,
    "operatingExpenses": 1709300000,
    "costAndExpenses": 1709300000,
    "interestIncome": 0,
    "interestExpense": 0,
    "depreciationAndAmortization": 74200000,
    "ebitda": 255500000,
    "ebitdaratio": 0.1361142187,
    "operatingIncome": 167800000,
    "operatingIncomeRatio": 0.0893932129,
    "totalOtherIncomeExpensesNet": -80800000,
    "incomeBeforeTax": 87000000,
    "incomeBeforeTaxRatio": 0.0463480901,
    "incomeTaxExpense": 17300000,
    "netIncome": 63800000,
    "netIncomeRatio": 0.0339885994,
    "eps": 0.14,
    "epsdiluted": 0.14,
    "weightedAverageShsOut": 456000000,
    "weightedAverageShsOutDil": 456000000,
    "link": "https://www.sec.gov/Archives/edgar/data/51644/000095012307002858/0000950123-07-002858-index.htm",
    "finalLink": "https://www.sec.gov/Archives/edgar/data/51644/000095012307002858/y31000e10vk.htm"
  },
  {
    "date": "2006-09-30",
    "symbol": "IPG",
    "reportedCurrency": "USD",
    "cik": "0000051644",
    "fillingDate": "2006-11-08",
    "acceptedDate": "2006-11-08 08:30:42",
    "calendarYear": "2006",
    "period": "Q3",
    "revenue": 1453800000,
    "costOfRevenue": 0,
    "grossProfit": 1453800000,
    "grossProfitRatio": 1,
    "researchAndDevelopmentExpenses": 0,
    "generalAndAdministrativeExpenses": 0,
    "sellingAndMarketingExpenses": 0,
    "sellingGeneralAndAdministrativeExpenses": 1426500000,
    "otherExpenses": 6200000,
    "operatingExpenses": 1432900000,
    "costAndExpenses": 1432900000,
    "interestIncome": 0,
    "interestExpense": 0,
    "depreciationAndAmortization": 68200000,
    "ebitda": 95300000,
    "ebitdaratio": 0.0655523456,
    "operatingIncome": 20900000,
    "operatingIncomeRatio": 0.0143761178,
    "totalOtherIncomeExpensesNet": -9300000,
    "incomeBeforeTax": 11600000,
    "incomeBeforeTaxRatio": 0.0079790893,
    "incomeTaxExpense": 8400000,
    "netIncome": 5800000,
    "netIncomeRatio": 0.0039895446,
    "eps": 0.0136,
    "epsdiluted": 0.0136,
    "weightedAverageShsOut": 427200000,
    "weightedAverageShsOutDil": 427200000,
    "link": "https://www.sec.gov/Archives/edgar/data/51644/000095012306013687/0000950123-06-013687-index.htm",
    "finalLink": "https://www.sec.gov/Archives/edgar/data/51644/000095012306013687/y26604e10vq.htm"
  },
  {
    "date": "2006-06-30",
    "symbol": "IPG",
    "reportedCurrency": "USD",
    "cik": "0000051644",
    "fillingDate": "2006-08-09",
    "acceptedDate": "2006-08-09 09:00:55",
    "calendarYear": "2006",
    "period": "Q2",
    "revenue": 1532900000,
    "costOfRevenue": 0,
    "grossProfit": 1532900000,
    "grossProfitRatio": 1,
    "researchAndDevelopmentExpenses": 0,
    "generalAndAdministrativeExpenses": 0,
    "sellingAndMarketingExpenses": 0,
    "sellingGeneralAndAdministrativeExpenses": 1456000000,
    "otherExpenses": 0,
    "operatingExpenses": 1456000000,
    "costAndExpenses": 1456000000,
    "interestIncome": 0,
    "interestExpense": 0,
    "depreciationAndAmortization": 62700000,
    "ebitda": 139600000,
    "ebitdaratio": 0.0910692152,
    "operatingIncome": 76900000,
    "operatingIncomeRatio": 0.0501663514,
    "totalOtherIncomeExpensesNet": -1300000,
    "incomeBeforeTax": 75600000,
    "incomeBeforeTaxRatio": 0.0493182856,
    "incomeTaxExpense": 1800000,
    "netIncome": 68900000,
    "netIncomeRatio": 0.0449474852,
    "eps": 0.16,
    "epsdiluted": 0.11,
    "weightedAverageShsOut": 426600000,
    "weightedAverageShsOutDil": 494300000,
    "link": "https://www.sec.gov/Archives/edgar/data/51644/000095012306010203/0000950123-06-010203-index.htm",
    "finalLink": "https://www.sec.gov/Archives/edgar/data/51644/000095012306010203/y23860e10vq.htm"
  },
  {
    "date": "2006-03-31",
    "symbol": "IPG",
    "reportedCurrency": "USD",
    "cik": "0000051644",
    "fillingDate": "2006-05-10",
    "acceptedDate": "2006-05-10 06:08:29",
    "calendarYear": "2006",
    "period": "Q1",
    "revenue": 1327000000,
    "costOfRevenue": 0,
    "grossProfit": 1327000000,
    "grossProfitRatio": 1,
    "researchAndDevelopmentExpenses": 0,
    "generalAndAdministrativeExpenses": 0,
    "sellingAndMarketingExpenses": 0,
    "sellingGeneralAndAdministrativeExpenses": 1486400000,
    "otherExpenses": 400000,
    "operatingExpenses": 1486800000,
    "costAndExpenses": 1486800000,
    "interestIncome": 0,
    "interestExpense": 0,
    "depreciationAndAmortization": 55400000,
    "ebitda": -104000000,
    "ebitdaratio": -0.0783722683,
    "operatingIncome": -159800000,
    "operatingIncomeRatio": -0.1204220045,
    "totalOtherIncomeExpensesNet": -19400000,
    "incomeBeforeTax": -179200000,
    "incomeBeforeTaxRatio": -0.1350414469,
    "incomeTaxExpense": -8800000,
    "netIncome": -170200000,
    "netIncomeRatio": -0.1282592313,
    "eps": -0.4,
    "epsdiluted": -0.4,
    "weightedAverageShsOut": 426000000,
    "weightedAverageShsOutDil": 426000000,
    "link": "https://www.sec.gov/Archives/edgar/data/51644/000095012306006016/0000950123-06-006016-index.htm",
    "finalLink": "https://www.sec.gov/Archives/edgar/data/51644/000095012306006016/y21016e10vq.htm"
  },
  {
    "date": "2005-12-31",
    "symbol": "IPG",
    "reportedCurrency": "USD",
    "cik": "0000051644",
    "fillingDate": "2006-03-22",
    "acceptedDate": "2006-03-22 06:39:49",
    "calendarYear": "2005",
    "period": "Q4",
    "revenue": 1885600000,
    "costOfRevenue": 0,
    "grossProfit": 1885600000,
    "grossProfitRatio": 1,
    "researchAndDevelopmentExpenses": 0,
    "generalAndAdministrativeExpenses": 0,
    "sellingAndMarketingExpenses": 0,
    "sellingGeneralAndAdministrativeExpenses": 1753100000,
    "otherExpenses": 100300000,
    "operatingExpenses": 1853400000,
    "costAndExpenses": 1853400000,
    "interestIncome": 0,
    "interestExpense": 0,
    "depreciationAndAmortization": 60600000,
    "ebitda": 95200000,
    "ebitdaratio": 0.0504879084,
    "operatingIncome": 32200000,
    "operatingIncomeRatio": 0.0170767925,
    "totalOtherIncomeExpensesNet": -12000000,
    "incomeBeforeTax": 20200000,
    "incomeBeforeTaxRatio": 0.0107127705,
    "incomeTaxExpense": 67100000,
    "netIncome": -37000000,
    "netIncomeRatio": -0.0196224014,
    "eps": -0.087,
    "epsdiluted": -0.0869,
    "weightedAverageShsOut": 425100000,
    "weightedAverageShsOutDil": 426000000,
    "link": "https://www.sec.gov/Archives/edgar/data/51644/000095012306003501/0000950123-06-003501-index.htm",
    "finalLink": "https://www.sec.gov/Archives/edgar/data/51644/000095012306003501/x18078e10vk.htm"
  },
  {
    "date": "2005-09-30",
    "symbol": "IPG",
    "reportedCurrency": "USD",
    "cik": "0000051644",
    "fillingDate": "2005-11-09",
    "acceptedDate": "2005-11-09 06:09:51",
    "calendarYear": "2005",
    "period": "Q3",
    "revenue": 1442200000,
    "costOfRevenue": 0,
    "grossProfit": 1439700000,
    "grossProfitRatio": 0.9982665372,
    "researchAndDevelopmentExpenses": 0,
    "generalAndAdministrativeExpenses": 0,
    "sellingAndMarketingExpenses": 0,
    "sellingGeneralAndAdministrativeExpenses": 1539200000,
    "otherExpenses": 6600000,
    "operatingExpenses": 1547900000,
    "costAndExpenses": 1547900000,
    "interestIncome": 0,
    "interestExpense": 0,
    "depreciationAndAmortization": 55600000,
    "ebitda": -52500000,
    "ebitdaratio": -0.0364027181,
    "operatingIncome": -108200000,
    "operatingIncomeRatio": -0.0750242685,
    "totalOtherIncomeExpensesNet": -27100000,
    "incomeBeforeTax": -135300000,
    "incomeBeforeTaxRatio": -0.0938150049,
    "incomeTaxExpense": -29900000,
    "netIncome": -96500000,
    "netIncomeRatio": -0.0669116627,
    "eps": -0.23,
    "epsdiluted": -0.23,
    "weightedAverageShsOut": 425300000,
    "weightedAverageShsOutDil": 425300000,
    "link": "https://www.sec.gov/Archives/edgar/data/51644/000095012305013303/0000950123-05-013303-index.htm",
    "finalLink": "https://www.sec.gov/Archives/edgar/data/51644/000095012305013303/y14538e10vq.htm"
  },
  {
    "date": "2005-06-30",
    "symbol": "IPG",
    "reportedCurrency": "USD",
    "cik": "0000051644",
    "fillingDate": "2005-09-30",
    "acceptedDate": "2005-09-30 06:24:30",
    "calendarYear": "2005",
    "period": "Q2",
    "revenue": 1616200000,
    "costOfRevenue": 0,
    "grossProfit": 1610700000,
    "grossProfitRatio": 0.9965969558,
    "researchAndDevelopmentExpenses": 0,
    "generalAndAdministrativeExpenses": 0,
    "sellingAndMarketingExpenses": 0,
    "sellingGeneralAndAdministrativeExpenses": 1493300000,
    "otherExpenses": -1900000,
    "operatingExpenses": 1495200000,
    "costAndExpenses": 1495200000,
    "interestIncome": 0,
    "interestExpense": 0,
    "depreciationAndAmortization": 49600000,
    "ebitda": 163100000,
    "ebitdaratio": 0.1009157283,
    "operatingIncome": 115500000,
    "operatingIncomeRatio": 0.0714639277,
    "totalOtherIncomeExpensesNet": -25000000,
    "incomeBeforeTax": 90500000,
    "incomeBeforeTaxRatio": 0.0559955451,
    "incomeTaxExpense": 83800000,
    "netIncome": 14400000,
    "netIncomeRatio": 0.0089097884,
    "eps": 0.0339,
    "epsdiluted": 0.0335,
    "weightedAverageShsOut": 424800000,
    "weightedAverageShsOutDil": 429600000,
    "link": "https://www.sec.gov/Archives/edgar/data/51644/000095012305011688/0000950123-05-011688-index.htm",
    "finalLink": "https://www.sec.gov/Archives/edgar/data/51644/000095012305011688/x13195e10vq.htm"
  },
  {
    "date": "2005-03-31",
    "symbol": "IPG",
    "reportedCurrency": "USD",
    "cik": "0000051644",
    "fillingDate": "2005-09-30",
    "acceptedDate": "2005-09-30 06:22:33",
    "calendarYear": "2005",
    "period": "Q1",
    "revenue": 1330300000,
    "costOfRevenue": 0,
    "grossProfit": 1328200000,
    "grossProfitRatio": 0.9984214087,
    "researchAndDevelopmentExpenses": 0,
    "generalAndAdministrativeExpenses": 0,
    "sellingAndMarketingExpenses": 0,
    "sellingGeneralAndAdministrativeExpenses": 1501600000,
    "otherExpenses": -6900000,
    "operatingExpenses": 1497300000,
    "costAndExpenses": 1497300000,
    "interestIncome": 0,
    "interestExpense": 0,
    "depreciationAndAmortization": 54400000,
    "ebitda": -121800000,
    "ebitdaratio": -0.0915582951,
    "operatingIncome": -169100000,
    "operatingIncomeRatio": -0.1271141848,
    "totalOtherIncomeExpensesNet": -17300000,
    "incomeBeforeTax": -186400000,
    "incomeBeforeTaxRatio": -0.1401187702,
    "incomeTaxExpense": -39100000,
    "netIncome": -143800000,
    "netIncomeRatio": -0.1080959182,
    "eps": -0.34,
    "epsdiluted": -0.34,
    "weightedAverageShsOut": 423800000,
    "weightedAverageShsOutDil": 423800000,
    "link": "https://www.sec.gov/Archives/edgar/data/51644/000095012305011687/0000950123-05-011687-index.htm",
    "finalLink": "https://www.sec.gov/Archives/edgar/data/51644/000095012305011687/y13195e10vq.htm"
  },
  {
    "date": "2004-12-31",
    "symbol": "IPG",
    "reportedCurrency": "USD",
    "cik": "0000051644",
    "fillingDate": "2005-10-17",
    "acceptedDate": "2005-10-17 07:19:39",
    "calendarYear": "2004",
    "period": "Q4",
    "revenue": 1939000000,
    "costOfRevenue": 0,
    "grossProfit": 1939000000,
    "grossProfitRatio": 1,
    "researchAndDevelopmentExpenses": 0,
    "generalAndAdministrativeExpenses": 0,
    "sellingAndMarketingExpenses": 0,
    "sellingGeneralAndAdministrativeExpenses": 1801100000,
    "otherExpenses": -139900000,
    "operatingExpenses": 1661200000,
    "costAndExpenses": 1661200000,
    "interestIncome": 0,
    "interestExpense": 0,
    "depreciationAndAmortization": 65900000,
    "ebitda": 340300000,
    "ebitdaratio": 0.1755028365,
    "operatingIncome": 277800000,
    "operatingIncomeRatio": 0.1432697267,
    "totalOtherIncomeExpensesNet": -52300000,
    "incomeBeforeTax": 225500000,
    "incomeBeforeTaxRatio": 0.1162970603,
    "incomeTaxExpense": 157000000,
    "netIncome": 62300000,
    "netIncomeRatio": 0.0321299639,
    "eps": 0.15,
    "epsdiluted": 0.15,
    "weightedAverageShsOut": 418000000,
    "weightedAverageShsOutDil": 423800000,
    "link": "https://www.sec.gov/Archives/edgar/data/51644/000095012305012201/0000950123-05-012201-index.htm",
    "finalLink": "https://www.sec.gov/Archives/edgar/data/51644/000095012305012201/x13050a1e10vkza.htm"
  },
  {
    "date": "2004-09-30",
    "symbol": "IPG",
    "reportedCurrency": "USD",
    "cik": "0000051644",
    "fillingDate": "2004-11-09",
    "acceptedDate": "2004-11-09 12:21:09",
    "calendarYear": "2004",
    "period": "Q3",
    "revenue": 1508800000,
    "costOfRevenue": 0,
    "grossProfit": 1519100000,
    "grossProfitRatio": 1.0068266172,
    "researchAndDevelopmentExpenses": 0,
    "generalAndAdministrativeExpenses": 0,
    "sellingAndMarketingExpenses": 0,
    "sellingGeneralAndAdministrativeExpenses": 1444300000,
    "otherExpenses": 342300000,
    "operatingExpenses": 1823900000,
    "costAndExpenses": 1823900000,
    "interestIncome": 0,
    "interestExpense": 0,
    "depreciationAndAmortization": 54400000,
    "ebitda": -247000000,
    "ebitdaratio": -0.1637062566,
    "operatingIncome": -304800000,
    "operatingIncomeRatio": -0.2020148462,
    "totalOtherIncomeExpensesNet": -66100000,
    "incomeBeforeTax": -370900000,
    "incomeBeforeTaxRatio": -0.2458244963,
    "incomeTaxExpense": 98600000,
    "netIncome": -578400000,
    "netIncomeRatio": -0.3833510074,
    "eps": -1.39,
    "epsdiluted": -1.39,
    "weightedAverageShsOut": 415400000,
    "weightedAverageShsOutDil": 415400000,
    "link": "https://www.sec.gov/Archives/edgar/data/51644/000110465904034567/0001104659-04-034567-index.htm",
    "finalLink": "https://www.sec.gov/Archives/edgar/data/51644/000110465904034567/a04-12870_110q.htm"
  },
  {
    "date": "2004-06-30",
    "symbol": "IPG",
    "reportedCurrency": "USD",
    "cik": "0000051644",
    "fillingDate": "2004-08-09",
    "acceptedDate": "2004-08-09 15:29:33",
    "calendarYear": "2004",
    "period": "Q2",
    "revenue": 1544100000,
    "costOfRevenue": 0,
    "grossProfit": 1512800000,
    "grossProfitRatio": 0.9797292921,
    "researchAndDevelopmentExpenses": 0,
    "generalAndAdministrativeExpenses": 0,
    "sellingAndMarketingExpenses": 0,
    "sellingGeneralAndAdministrativeExpenses": 1400600000,
    "otherExpenses": 87000000,
    "operatingExpenses": 1538300000,
    "costAndExpenses": 1538300000,
    "interestIncome": 0,
    "interestExpense": 0,
    "depreciationAndAmortization": 58000000,
    "ebitda": 37500000,
    "ebitdaratio": 0.0242859918,
    "operatingIncome": -25500000,
    "operatingIncomeRatio": -0.0165144745,
    "totalOtherIncomeExpensesNet": -29400000,
    "incomeBeforeTax": -54900000,
    "incomeBeforeTaxRatio": -0.0355546921,
    "incomeTaxExpense": 33400000,
    "netIncome": -5400000,
    "netIncomeRatio": -0.0034971828,
    "eps": -0.013,
    "epsdiluted": -0.013,
    "weightedAverageShsOut": 414600000,
    "weightedAverageShsOutDil": 414600000,
    "link": "https://www.sec.gov/Archives/edgar/data/51644/000005164404000023/0000051644-04-000023-index.htm",
    "finalLink": "https://www.sec.gov/Archives/edgar/data/51644/000005164404000023/ipg2nd-quarter2004_10q.htm"
  },
  {
    "date": "2004-03-31",
    "symbol": "IPG",
    "reportedCurrency": "USD",
    "cik": "0000051644",
    "fillingDate": "2004-05-10",
    "acceptedDate": "2004-05-10 14:12:53",
    "calendarYear": "2004",
    "period": "Q1",
    "revenue": 1395100000,
    "costOfRevenue": 0,
    "grossProfit": 1389400000,
    "grossProfitRatio": 0.9959142714,
    "researchAndDevelopmentExpenses": 0,
    "generalAndAdministrativeExpenses": 0,
    "sellingAndMarketingExpenses": 0,
    "sellingGeneralAndAdministrativeExpenses": 1405500000,
    "otherExpenses": 67300000,
    "operatingExpenses": 1464700000,
    "costAndExpenses": 1464700000,
    "interestIncome": 0,
    "interestExpense": 0,
    "depreciationAndAmortization": 61100000,
    "ebitda": 49300000,
    "ebitdaratio": 0.0353379686,
    "operatingIncome": -75300000,
    "operatingIncomeRatio": -0.0539746255,
    "totalOtherIncomeExpensesNet": -36000000,
    "incomeBeforeTax": -111300000,
    "incomeBeforeTaxRatio": -0.0797792273,
    "incomeTaxExpense": -26800000,
    "netIncome": -16900000,
    "netIncomeRatio": -0.012113827,
    "eps": -0.0409,
    "epsdiluted": -0.0409,
    "weightedAverageShsOut": 413300000,
    "weightedAverageShsOutDil": 413300000,
    "link": "https://www.sec.gov/Archives/edgar/data/51644/000005164404000011/0000051644-04-000011-index.htm",
    "finalLink": "https://www.sec.gov/Archives/edgar/data/51644/000005164404000011/ipg10q-march04.htm"
  },
  {
    "date": "2003-12-31",
    "symbol": "IPG",
    "reportedCurrency": "USD",
    "cik": "0000051644",
    "fillingDate": "2004-03-15",
    "acceptedDate": "2004-03-15 14:02:34",
    "calendarYear": "2003",
    "period": "Q4",
    "revenue": 1629400000,
    "costOfRevenue": 0,
    "grossProfit": 1629400000,
    "grossProfitRatio": 1,
    "researchAndDevelopmentExpenses": 0,
    "generalAndAdministrativeExpenses": 0,
    "sellingAndMarketingExpenses": 0,
    "sellingGeneralAndAdministrativeExpenses": 1401300000,
    "otherExpenses": 77500000,
    "operatingExpenses": 1478800000,
    "costAndExpenses": 1478800000,
    "interestIncome": 0,
    "interestExpense": 0,
    "depreciationAndAmortization": 73700000,
    "ebitda": 257500000,
    "ebitdaratio": 0.158033632,
    "operatingIncome": 150600000,
    "operatingIncomeRatio": 0.0924266601,
    "totalOtherIncomeExpensesNet": -27100000,
    "incomeBeforeTax": 123500000,
    "incomeBeforeTaxRatio": 0.0757947711,
    "incomeTaxExpense": 217700000,
    "netIncome": -102500000,
    "netIncomeRatio": -0.0629065914,
    "eps": -0.25,
    "epsdiluted": -0.25,
    "weightedAverageShsOut": 413300000,
    "weightedAverageShsOutDil": 413300000,
    "link": "https://www.sec.gov/Archives/edgar/data/51644/000005164404000004/0000051644-04-000004-index.htm",
    "finalLink": "https://www.sec.gov/Archives/edgar/data/51644/000005164404000004/ipg2003-10k.htm"
  },
  {
    "date": "2003-09-30",
    "symbol": "IPG",
    "reportedCurrency": "USD",
    "cik": "0000051644",
    "fillingDate": "2003-12-08",
    "acceptedDate": "2003-12-08 17:08:27",
    "calendarYear": "2003",
    "period": "Q3",
    "revenue": 1418900000,
    "costOfRevenue": 0,
    "grossProfit": 1418900000,
    "grossProfitRatio": 1,
    "researchAndDevelopmentExpenses": 0,
    "generalAndAdministrativeExpenses": 0,
    "sellingAndMarketingExpenses": 0,
    "sellingGeneralAndAdministrativeExpenses": 1317500000,
    "otherExpenses": 272500000,
    "operatingExpenses": 1590000000,
    "costAndExpenses": 1590000000,
    "interestIncome": 0,
    "interestExpense": 0,
    "depreciationAndAmortization": 70100000,
    "ebitda": -53000000,
    "ebitdaratio": -0.037352879,
    "operatingIncome": -171100000,
    "operatingIncomeRatio": -0.1205863697,
    "totalOtherIncomeExpensesNet": -225600000,
    "incomeBeforeTax": -396700000,
    "incomeBeforeTaxRatio": -0.2795827754,
    "incomeTaxExpense": 19500000,
    "netIncome": -327100000,
    "netIncomeRatio": -0.2305306928,
    "eps": -0.85,
    "epsdiluted": -0.85,
    "weightedAverageShsOut": 385800000,
    "weightedAverageShsOutDil": 385800000,
    "link": "https://www.sec.gov/Archives/edgar/data/51644/000090342303001027/0000903423-03-001027-index.htm",
    "finalLink": "https://www.sec.gov/Archives/edgar/data/51644/000090342303001027/inter-10qa1_1203.txt"
  },
  {
    "date": "2003-06-30",
    "symbol": "IPG",
    "reportedCurrency": "USD",
    "cik": "0000051644",
    "fillingDate": "2003-08-14",
    "acceptedDate": "2003-08-14 12:44:52",
    "calendarYear": "2003",
    "period": "Q2",
    "revenue": 1499400000,
    "costOfRevenue": 0,
    "grossProfit": 1499400000,
    "grossProfitRatio": 1,
    "researchAndDevelopmentExpenses": 0,
    "generalAndAdministrativeExpenses": 0,
    "sellingAndMarketingExpenses": 0,
    "sellingGeneralAndAdministrativeExpenses": 1338000000,
    "otherExpenses": 109500000,
    "operatingExpenses": 1447500000,
    "costAndExpenses": 1447500000,
    "interestIncome": 0,
    "interestExpense": 0,
    "depreciationAndAmortization": 64300000,
    "ebitda": 210600000,
    "ebitdaratio": 0.1404561825,
    "operatingIncome": 51900000,
    "operatingIncomeRatio": 0.0346138455,
    "totalOtherIncomeExpensesNet": -45400000,
    "incomeBeforeTax": 6500000,
    "incomeBeforeTaxRatio": 0.0043350674,
    "incomeTaxExpense": 22400000,
    "netIncome": -13500000,
    "netIncomeRatio": -0.0090036014,
    "eps": -0.0351,
    "epsdiluted": -0.0351,
    "weightedAverageShsOut": 384300000,
    "weightedAverageShsOutDil": 384300000,
    "link": "https://www.sec.gov/Archives/edgar/data/51644/000005164403000018/0000051644-03-000018-index.htm",
    "finalLink": "https://www.sec.gov/Archives/edgar/data/51644/000005164403000018/ipg3q10-q2003.htm"
  },
  {
    "date": "2003-03-31",
    "symbol": "IPG",
    "reportedCurrency": "USD",
    "cik": "0000051644",
    "fillingDate": "2003-05-15",
    "acceptedDate": "2003-05-15 13:57:50",
    "calendarYear": "2003",
    "period": "Q1",
    "revenue": 1433000000,
    "costOfRevenue": 0,
    "grossProfit": 1433000000,
    "grossProfitRatio": 1,
    "researchAndDevelopmentExpenses": 0,
    "generalAndAdministrativeExpenses": 0,
    "sellingAndMarketingExpenses": 0,
    "sellingGeneralAndAdministrativeExpenses": 1392600000,
    "otherExpenses": 15300000,
    "operatingExpenses": 1407900000,
    "costAndExpenses": 1407900000,
    "interestIncome": 0,
    "interestExpense": 0,
    "depreciationAndAmortization": 69800000,
    "ebitda": 94900000,
    "ebitdaratio": 0.0662247034,
    "operatingIncome": 25100000,
    "operatingIncomeRatio": 0.0175157013,
    "totalOtherIncomeExpensesNet": -33800000,
    "incomeBeforeTax": -8700000,
    "incomeBeforeTaxRatio": -0.0060711793,
    "incomeTaxExpense": -3800000,
    "netIncome": -8600000,
    "netIncomeRatio": -0.0060013957,
    "eps": -0.0225,
    "epsdiluted": -0.0225,
    "weightedAverageShsOut": 381800000,
    "weightedAverageShsOutDil": 381800000,
    "link": "https://www.sec.gov/Archives/edgar/data/51644/000104746903018798/0001047469-03-018798-index.htm",
    "finalLink": "https://www.sec.gov/Archives/edgar/data/51644/000104746903018798/a2111120z10-q.txt"
  },
  {
    "date": "2002-12-31",
    "symbol": "IPG",
    "reportedCurrency": "USD",
    "cik": "0000051644",
    "fillingDate": "2003-03-28",
    "acceptedDate": "2003-03-28 16:23:45",
    "calendarYear": "2002",
    "period": "Q4",
    "revenue": 1668700000,
    "costOfRevenue": 0,
    "grossProfit": 1668700000,
    "grossProfitRatio": 1,
    "researchAndDevelopmentExpenses": 0,
    "generalAndAdministrativeExpenses": 4105900000,
    "sellingAndMarketingExpenses": -2568400000,
    "sellingGeneralAndAdministrativeExpenses": 1537500000,
    "otherExpenses": 11900000,
    "operatingExpenses": 1549400000,
    "costAndExpenses": 1549400000,
    "interestIncome": 0,
    "interestExpense": 0,
    "depreciationAndAmortization": 78000000,
    "ebitda": 197300000,
    "ebitdaratio": 0.1182357524,
    "operatingIncome": 119300000,
    "operatingIncomeRatio": 0.0714927788,
    "totalOtherIncomeExpensesNet": -182800000,
    "incomeBeforeTax": -63500000,
    "incomeBeforeTaxRatio": -0.0380535746,
    "incomeTaxExpense": 46100000,
    "netIncome": 20300000,
    "netIncomeRatio": 0.0121651585,
    "eps": 0.0532,
    "epsdiluted": 0.0532,
    "weightedAverageShsOut": 378500000,
    "weightedAverageShsOutDil": 381800000,
    "link": "https://www.sec.gov/Archives/edgar/data/51644/000005164403000014/0000051644-03-000014-index.htm",
    "finalLink": "https://www.sec.gov/Archives/edgar/data/51644/000005164403000014/ipg10-k2002.htm"
  },
  {
    "date": "2002-09-30",
    "symbol": "IPG",
    "reportedCurrency": "USD",
    "cik": "0000051644",
    "fillingDate": "2002-11-19",
    "acceptedDate": "2002-11-19 16:45:17",
    "calendarYear": "2002",
    "period": "Q3",
    "revenue": 1502200000,
    "costOfRevenue": 0,
    "grossProfit": 1386800000,
    "grossProfitRatio": 0.923179337,
    "researchAndDevelopmentExpenses": 0,
    "generalAndAdministrativeExpenses": 1435800000,
    "sellingAndMarketingExpenses": 0,
    "sellingGeneralAndAdministrativeExpenses": 1435800000,
    "otherExpenses": 132900000,
    "operatingExpenses": 1465100000,
    "costAndExpenses": 1465100000,
    "interestIncome": 0,
    "interestExpense": 0,
    "depreciationAndAmortization": 80600000,
    "ebitda": 1400000,
    "ebitdaratio": 0.0009319664,
    "operatingIncome": -78300000,
    "operatingIncomeRatio": -0.0521235521,
    "totalOtherIncomeExpensesNet": -41100000,
    "incomeBeforeTax": -119400000,
    "incomeBeforeTaxRatio": -0.0794834243,
    "incomeTaxExpense": -18000000,
    "netIncome": -89600000,
    "netIncomeRatio": -0.0596458527,
    "eps": -0.24,
    "epsdiluted": -0.24,
    "weightedAverageShsOut": 377300000,
    "weightedAverageShsOutDil": 377300000,
    "link": "https://www.sec.gov/Archives/edgar/data/51644/000005164402000039/0000051644-02-000039-index.htm",
    "finalLink": "https://www.sec.gov/Archives/edgar/data/51644/000005164402000039/ipg3rdq10q2002.htm"
  },
  {
    "date": "2002-06-30",
    "symbol": "IPG",
    "reportedCurrency": "USD",
    "cik": "0000051644",
    "fillingDate": "2003-03-18",
    "acceptedDate": "2003-03-18 16:11:27",
    "calendarYear": "2002",
    "period": "Q2",
    "revenue": 1612700000,
    "costOfRevenue": 0,
    "grossProfit": 1612700000,
    "grossProfitRatio": 1,
    "researchAndDevelopmentExpenses": 0,
    "generalAndAdministrativeExpenses": 1381500000,
    "sellingAndMarketingExpenses": 0,
    "sellingGeneralAndAdministrativeExpenses": 1381500000,
    "otherExpenses": 2300000,
    "operatingExpenses": 1383800000,
    "costAndExpenses": 1383800000,
    "interestIncome": 0,
    "interestExpense": 0,
    "depreciationAndAmortization": 72000000,
    "ebitda": 300900000,
    "ebitdaratio": 0.1865815093,
    "operatingIncome": 228900000,
    "operatingIncomeRatio": 0.1419358839,
    "totalOtherIncomeExpensesNet": -38200000,
    "incomeBeforeTax": 190700000,
    "incomeBeforeTaxRatio": 0.1182488994,
    "incomeTaxExpense": 75400000,
    "netIncome": 111300000,
    "netIncomeRatio": 0.0690146959,
    "eps": 0.31,
    "epsdiluted": 0.31,
    "weightedAverageShsOut": 375700000,
    "weightedAverageShsOutDil": 389100000,
    "link": "https://www.sec.gov/Archives/edgar/data/51644/000005164403000011/0000051644-03-000011-index.htm",
    "finalLink": "https://www.sec.gov/Archives/edgar/data/51644/000005164403000011/ipg2nd-quarter10qa2002.htm"
  },
  {
    "date": "2002-03-31",
    "symbol": "IPG",
    "reportedCurrency": "USD",
    "cik": "0000051644",
    "fillingDate": "2002-05-15",
    "acceptedDate": "2002-05-15 15:38:05",
    "calendarYear": "2002",
    "period": "Q1",
    "revenue": 1420000000,
    "costOfRevenue": 0,
    "grossProfit": 1420000000,
    "grossProfitRatio": 1,
    "researchAndDevelopmentExpenses": 0,
    "generalAndAdministrativeExpenses": 1288600000,
    "sellingAndMarketingExpenses": 0,
    "sellingGeneralAndAdministrativeExpenses": 1288600000,
    "otherExpenses": 2800000,
    "operatingExpenses": 1291400000,
    "costAndExpenses": 1291400000,
    "interestIncome": 0,
    "interestExpense": 0,
    "depreciationAndAmortization": 69900000,
    "ebitda": 198500000,
    "ebitdaratio": 0.1397887324,
    "operatingIncome": 128600000,
    "operatingIncomeRatio": 0.0905633803,
    "totalOtherIncomeExpensesNet": -28100000,
    "incomeBeforeTax": 100500000,
    "incomeBeforeTaxRatio": 0.0707746479,
    "incomeTaxExpense": 38000000,
    "netIncome": 59800000,
    "netIncomeRatio": 0.0421126761,
    "eps": 0.18,
    "epsdiluted": 0.18,
    "weightedAverageShsOut": 373000000,
    "weightedAverageShsOutDil": 379800000,
    "link": "https://www.sec.gov/Archives/edgar/data/51644/000005164402000017/0000051644-02-000017-index.htm",
    "finalLink": "https://www.sec.gov/Archives/edgar/data/51644/000005164402000017/ipg1q10-q2002.htm"
  },
  {
    "date": "2001-12-31",
    "symbol": "IPG",
    "reportedCurrency": "USD",
    "cik": "0000051644",
    "fillingDate": "2002-12-06",
    "acceptedDate": "2002-12-06 15:41:20",
    "calendarYear": "2001",
    "period": "Q4",
    "revenue": 1715900000,
    "costOfRevenue": 0,
    "grossProfit": 1715900000,
    "grossProfitRatio": 1,
    "researchAndDevelopmentExpenses": 0,
    "generalAndAdministrativeExpenses": 1469700000,
    "sellingAndMarketingExpenses": 0,
    "sellingGeneralAndAdministrativeExpenses": 1469700000,
    "otherExpenses": 46200000,
    "operatingExpenses": 1515900000,
    "costAndExpenses": 1515900000,
    "interestIncome": 0,
    "interestExpense": 0,
    "depreciationAndAmortization": 138200000,
    "ebitda": 338200000,
    "ebitdaratio": 0.197097733,
    "operatingIncome": 200000000,
    "operatingIncomeRatio": 0.1165569089,
    "totalOtherIncomeExpensesNet": -27200000,
    "incomeBeforeTax": 172800000,
    "incomeBeforeTaxRatio": 0.1007051693,
    "incomeTaxExpense": 80600000,
    "netIncome": 81800000,
    "netIncomeRatio": 0.0476717757,
    "eps": 0.22,
    "epsdiluted": 0.22,
    "weightedAverageShsOut": 371340000,
    "weightedAverageShsOutDil": 373000000,
    "link": "https://www.sec.gov/Archives/edgar/data/51644/000005164402000044/0000051644-02-000044-index.htm",
    "finalLink": "https://www.sec.gov/Archives/edgar/data/51644/000005164402000044/ipg10k-a_dec02.htm"
  },
  {
    "date": "2001-09-30",
    "symbol": "IPG",
    "reportedCurrency": "USD",
    "cik": "0000051644",
    "fillingDate": "2001-11-14",
    "acceptedDate": "2001-11-14 00:00:00",
    "calendarYear": "2001",
    "period": "Q3",
    "revenue": 1605700000,
    "costOfRevenue": 0,
    "grossProfit": 1622000000,
    "grossProfitRatio": 1.0101513359,
    "researchAndDevelopmentExpenses": 0,
    "generalAndAdministrativeExpenses": 1459000000,
    "sellingAndMarketingExpenses": 0,
    "sellingGeneralAndAdministrativeExpenses": 1459000000,
    "otherExpenses": 717300000,
    "operatingExpenses": 2198600000,
    "costAndExpenses": 2198600000,
    "interestIncome": 0,
    "interestExpense": 0,
    "depreciationAndAmortization": 104788000,
    "ebitda": 129400000,
    "ebitdaratio": 0.0805879056,
    "operatingIncome": -576600000,
    "operatingIncomeRatio": -0.3590957215,
    "totalOtherIncomeExpensesNet": -87500000,
    "incomeBeforeTax": -664100000,
    "incomeBeforeTaxRatio": -0.4135890889,
    "incomeTaxExpense": -184700000,
    "netIncome": -477500000,
    "netIncomeRatio": -0.2973780906,
    "eps": -1.29,
    "epsdiluted": -1.29,
    "weightedAverageShsOut": 369610000,
    "weightedAverageShsOutDil": 369610000,
    "link": "https://www.sec.gov/Archives/edgar/data/51644/000005164401500030/0000051644-01-500030-index.htm",
    "finalLink": "https://www.sec.gov/Archives/edgar/data/51644/000005164401500030/ipg3q10q01.htm"
  },
  {
    "date": "2001-06-30",
    "symbol": "IPG",
    "reportedCurrency": "USD",
    "cik": "0000051644",
    "fillingDate": "2001-08-14",
    "acceptedDate": "2001-08-14 00:00:00",
    "calendarYear": "2001",
    "period": "Q2",
    "revenue": 1743415000,
    "costOfRevenue": 0,
    "grossProfit": 1759800000,
    "grossProfitRatio": 1.0093982213,
    "researchAndDevelopmentExpenses": 0,
    "generalAndAdministrativeExpenses": 1456240000,
    "sellingAndMarketingExpenses": 0,
    "sellingGeneralAndAdministrativeExpenses": 1456240000,
    "otherExpenses": 314900000,
    "operatingExpenses": 1793500000,
    "costAndExpenses": 1793500000,
    "interestIncome": 0,
    "interestExpense": 0,
    "depreciationAndAmortization": 123659000,
    "ebitda": 130300000,
    "ebitdaratio": 0.0747383727,
    "operatingIncome": -33700000,
    "operatingIncomeRatio": -0.0193298784,
    "totalOtherIncomeExpensesNet": -29400000,
    "incomeBeforeTax": -63100000,
    "incomeBeforeTaxRatio": -0.0361933332,
    "incomeTaxExpense": 48325000,
    "netIncome": -110158000,
    "netIncomeRatio": -0.0631851854,
    "eps": -0.3,
    "epsdiluted": -0.3,
    "weightedAverageShsOut": 368900000,
    "weightedAverageShsOutDil": 368900000,
    "link": "https://www.sec.gov/Archives/edgar/data/51644/000100547701500645/0001005477-01-500645-index.htm",
    "finalLink": "https://www.sec.gov/Archives/edgar/data/51644/000100547701500645/form10-q.txt"
  },
  {
    "date": "2001-03-31",
    "symbol": "IPG",
    "reportedCurrency": "USD",
    "cik": "0000051644",
    "fillingDate": "2001-05-15",
    "acceptedDate": "2001-05-15 00:00:00",
    "calendarYear": "2001",
    "period": "Q1",
    "revenue": 1302199000,
    "costOfRevenue": 0,
    "grossProfit": 1674800000,
    "grossProfitRatio": 1.2861321503,
    "researchAndDevelopmentExpenses": 0,
    "generalAndAdministrativeExpenses": 1137470000,
    "sellingAndMarketingExpenses": 0,
    "sellingGeneralAndAdministrativeExpenses": 1137470000,
    "otherExpenses": 43400000,
    "operatingExpenses": 1526400000,
    "costAndExpenses": 1526400000,
    "interestIncome": 0,
    "interestExpense": 0,
    "depreciationAndAmortization": 84653000,
    "ebitda": 258800000,
    "ebitdaratio": 0.1987407455,
    "operatingIncome": 148400000,
    "operatingIncomeRatio": 0.1139610766,
    "totalOtherIncomeExpensesNet": -176500000,
    "incomeBeforeTax": -28100000,
    "incomeBeforeTaxRatio": -0.0215788831,
    "incomeTaxExpense": -9342000,
    "netIncome": -38357000,
    "netIncomeRatio": -0.0294555594,
    "eps": -0.1,
    "epsdiluted": -0.1,
    "weightedAverageShsOut": 366100000,
    "weightedAverageShsOutDil": 366100000,
    "link": "https://www.sec.gov/Archives/edgar/data/51644/000005164401500015/0000051644-01-500015-index.htm",
    "finalLink": "https://www.sec.gov/Archives/edgar/data/51644/000005164401500015/ipg1q10q.htm"
  },
  {
    "date": "2000-12-31",
    "symbol": "IPG",
    "reportedCurrency": "USD",
    "cik": "0000051644",
    "fillingDate": "2001-03-30",
    "acceptedDate": "2001-03-30 00:00:00",
    "calendarYear": "2000",
    "period": "Q4",
    "revenue": 1689003000,
    "costOfRevenue": 27122000,
    "grossProfit": 1661881000,
    "grossProfitRatio": 0.983942006,
    "researchAndDevelopmentExpenses": 0,
    "generalAndAdministrativeExpenses": 1314137000,
    "sellingAndMarketingExpenses": 0,
    "sellingGeneralAndAdministrativeExpenses": 1314137000,
    "otherExpenses": 85356000,
    "operatingExpenses": 1399493000,
    "costAndExpenses": 1426615000,
    "interestIncome": 0,
    "interestExpense": 0,
    "depreciationAndAmortization": 85356000,
    "ebitda": 347744000,
    "ebitdaratio": 0.2058871417,
    "operatingIncome": 262388000,
    "operatingIncomeRatio": 0.1553508194,
    "totalOtherIncomeExpensesNet": -55206000,
    "incomeBeforeTax": 207182000,
    "incomeBeforeTaxRatio": 0.1226652647,
    "incomeTaxExpense": 84518000,
    "netIncome": 122664000,
    "netIncomeRatio": 0.072625093,
    "eps": 0.4,
    "epsdiluted": 0.4,
    "weightedAverageShsOut": 308916000,
    "weightedAverageShsOutDil": 308916000,
    "link": "https://www.sec.gov/Archives/edgar/data/51644/000005164401000011/0000051644-01-000011-index.htm",
    "finalLink": "https://www.sec.gov/Archives/edgar/data/51644/000005164401000011/0000051644-01-000011-0001.txt"
  },
  {
    "date": "2000-09-30",
    "symbol": "IPG",
    "reportedCurrency": "USD",
    "cik": "0000051644",
    "fillingDate": "2000-11-14",
    "acceptedDate": "2000-11-14 00:00:00",
    "calendarYear": "2000",
    "period": "Q3",
    "revenue": 1320439000,
    "costOfRevenue": -82224000,
    "grossProfit": 1402663000,
    "grossProfitRatio": 1.0622701995,
    "researchAndDevelopmentExpenses": 0,
    "generalAndAdministrativeExpenses": 1154277000,
    "sellingAndMarketingExpenses": 0,
    "sellingGeneralAndAdministrativeExpenses": 1154277000,
    "otherExpenses": 146324000,
    "operatingExpenses": 1624924000,
    "costAndExpenses": 1542700000,
    "interestIncome": 0,
    "interestExpense": 0,
    "depreciationAndAmortization": 82224000,
    "ebitda": 358739000,
    "ebitdaratio": 0.271681615,
    "operatingIncome": 191500000,
    "operatingIncomeRatio": 0.1450275249,
    "totalOtherIncomeExpensesNet": -18600000,
    "incomeBeforeTax": 172900000,
    "incomeBeforeTaxRatio": 0.1309413006,
    "incomeTaxExpense": 52570000,
    "netIncome": 61860000,
    "netIncomeRatio": 0.0468480558,
    "eps": 0.25,
    "epsdiluted": 0.24,
    "weightedAverageShsOut": 300004000,
    "weightedAverageShsOutDil": 309033000,
    "link": "https://www.sec.gov/Archives/edgar/data/51644/000005164400000044/0000051644-00-000044-index.htm",
    "finalLink": "https://www.sec.gov/Archives/edgar/data/51644/000005164400000044/0000051644-00-000044-0001.txt"
  },
  {
    "date": "2000-06-30",
    "symbol": "IPG",
    "reportedCurrency": "USD",
    "cik": "0000051644",
    "fillingDate": "2000-08-14",
    "acceptedDate": "2000-08-14 00:00:00",
    "calendarYear": "2000",
    "period": "Q2",
    "revenue": 1418192000,
    "costOfRevenue": -71220000,
    "grossProfit": 1489412000,
    "grossProfitRatio": 1.0502188702,
    "researchAndDevelopmentExpenses": 0,
    "generalAndAdministrativeExpenses": 1124685000,
    "sellingAndMarketingExpenses": 0,
    "sellingGeneralAndAdministrativeExpenses": 1124685000,
    "otherExpenses": 71220000,
    "operatingExpenses": 1195905000,
    "costAndExpenses": 1124685000,
    "interestIncome": 0,
    "interestExpense": 0,
    "depreciationAndAmortization": 71220000,
    "ebitda": 364727000,
    "ebitdaratio": 0.2571774485,
    "operatingIncome": 293507000,
    "operatingIncomeRatio": 0.2069585782,
    "totalOtherIncomeExpensesNet": -51603000,
    "incomeBeforeTax": 241904000,
    "incomeBeforeTaxRatio": 0.1705721087,
    "incomeTaxExpense": 105065000,
    "netIncome": 136839000,
    "netIncomeRatio": 0.0964883457,
    "eps": 0.46,
    "epsdiluted": 0.45,
    "weightedAverageShsOut": 294438000,
    "weightedAverageShsOutDil": 317236000,
    "link": "https://www.sec.gov/Archives/edgar/data/51644/000005164400000032/0000051644-00-000032-index.htm",
    "finalLink": "https://www.sec.gov/Archives/edgar/data/51644/000005164400000032/0000051644-00-000032-0001.txt"
  },
  {
    "date": "2000-03-31",
    "symbol": "IPG",
    "reportedCurrency": "USD",
    "cik": "0000051644",
    "fillingDate": "2000-05-12",
    "acceptedDate": "2000-05-12 00:00:00",
    "calendarYear": "2000",
    "period": "Q1",
    "revenue": 1089638000,
    "costOfRevenue": -35639000,
    "grossProfit": 1261004000,
    "grossProfitRatio": 1.1572687443,
    "researchAndDevelopmentExpenses": 0,
    "generalAndAdministrativeExpenses": 982492000,
    "sellingAndMarketingExpenses": 0,
    "sellingGeneralAndAdministrativeExpenses": 982492000,
    "otherExpenses": 95099000,
    "operatingExpenses": 1179558000,
    "costAndExpenses": 1143919000,
    "interestIncome": 0,
    "interestExpense": 0,
    "depreciationAndAmortization": 60741000,
    "ebitda": 147459000,
    "ebitdaratio": 0.1353284302,
    "operatingIncome": 81446000,
    "operatingIncomeRatio": 0.0747459248,
    "totalOtherIncomeExpensesNet": -3403000,
    "incomeBeforeTax": 78043000,
    "incomeBeforeTaxRatio": 0.0716228692,
    "incomeTaxExpense": 30098000,
    "netIncome": 36345000,
    "netIncomeRatio": 0.0333551143,
    "eps": 0.14,
    "epsdiluted": 0.14,
    "weightedAverageShsOut": 281035000,
    "weightedAverageShsOutDil": 291288000,
    "link": "https://www.sec.gov/Archives/edgar/data/51644/000005164400000013/0000051644-00-000013-index.html",
    "finalLink": "https://www.sec.gov/Archives/edgar/data/51644/000005164400000013/"
  },
  {
    "date": "1999-12-31",
    "symbol": "IPG",
    "reportedCurrency": "USD",
    "cik": "0000051644",
    "fillingDate": "2000-03-24",
    "acceptedDate": "2000-03-24 00:00:00",
    "calendarYear": "1999",
    "period": "Q4",
    "revenue": 1401200000,
    "costOfRevenue": -2690600000,
    "grossProfit": 4091800000,
    "grossProfitRatio": 2.9202112475,
    "researchAndDevelopmentExpenses": 0,
    "generalAndAdministrativeExpenses": 0,
    "sellingAndMarketingExpenses": 0,
    "sellingGeneralAndAdministrativeExpenses": 0,
    "otherExpenses": 3898400000,
    "operatingExpenses": 3898400000,
    "costAndExpenses": 1207800000,
    "interestIncome": 0,
    "interestExpense": 0,
    "depreciationAndAmortization": 72500000,
    "ebitda": 265900000,
    "ebitdaratio": 0.1897659149,
    "operatingIncome": 193400000,
    "operatingIncomeRatio": 0.1380245504,
    "totalOtherIncomeExpensesNet": -58600000,
    "incomeBeforeTax": 134800000,
    "incomeBeforeTaxRatio": 0.0962032544,
    "incomeTaxExpense": 56100000,
    "netIncome": 78700000,
    "netIncomeRatio": 0.0561661433,
    "eps": 0.28,
    "epsdiluted": 0.28,
    "weightedAverageShsOut": 276806609,
    "weightedAverageShsOutDil": 281035000,
    "link": "https://www.sec.gov/Archives/edgar/data/51644/000005164400000008/0000051644-00-000008-index.html",
    "finalLink": "https://www.sec.gov/Archives/edgar/data/51644/000005164400000008/"
  },
  {
    "date": "1999-09-30",
    "symbol": "IPG",
    "reportedCurrency": "USD",
    "cik": "0000051644",
    "fillingDate": "1999-11-15",
    "acceptedDate": "1999-11-15 00:00:00",
    "calendarYear": "1999",
    "period": "Q3",
    "revenue": 1021400000,
    "costOfRevenue": -47500000,
    "grossProfit": 1198906000,
    "grossProfitRatio": 1.1737869591,
    "researchAndDevelopmentExpenses": 0,
    "generalAndAdministrativeExpenses": 0,
    "sellingAndMarketingExpenses": 0,
    "sellingGeneralAndAdministrativeExpenses": 0,
    "otherExpenses": 47500000,
    "operatingExpenses": 1067993000,
    "costAndExpenses": 1020493000,
    "interestIncome": 0,
    "interestExpense": 0,
    "depreciationAndAmortization": 47500000,
    "ebitda": 188421000,
    "ebitdaratio": 0.184473272,
    "operatingIncome": 130913000,
    "operatingIncomeRatio": 0.1281701586,
    "totalOtherIncomeExpensesNet": -11133000,
    "incomeBeforeTax": 119780000,
    "incomeBeforeTaxRatio": 0.1172704132,
    "incomeTaxExpense": 47700000,
    "netIncome": 59000000,
    "netIncomeRatio": 0.0577638535,
    "eps": 0.23,
    "epsdiluted": 0.22,
    "weightedAverageShsOut": 292762000,
    "weightedAverageShsOutDil": 303373000,
    "link": "https://www.sec.gov/Archives/edgar/data/51644/000005164499000052/0000051644-99-000052-index.html",
    "finalLink": "https://www.sec.gov/Archives/edgar/data/51644/000005164499000052/"
  },
  {
    "date": "1999-06-30",
    "symbol": "IPG",
    "reportedCurrency": "USD",
    "cik": "0000051644",
    "fillingDate": "1999-08-13",
    "acceptedDate": "1999-08-13 00:00:00",
    "calendarYear": "1999",
    "period": "Q2",
    "revenue": 1096600000,
    "costOfRevenue": -60496000,
    "grossProfit": 1291609000,
    "grossProfitRatio": 1.1778305672,
    "researchAndDevelopmentExpenses": 0,
    "generalAndAdministrativeExpenses": 0,
    "sellingAndMarketingExpenses": 0,
    "sellingGeneralAndAdministrativeExpenses": 0,
    "otherExpenses": 60496000,
    "operatingExpenses": 1039966000,
    "costAndExpenses": 979470000,
    "interestIncome": 0,
    "interestExpense": 0,
    "depreciationAndAmortization": 50900000,
    "ebitda": 312139000,
    "ebitdaratio": 0.2846425315,
    "operatingIncome": 251643000,
    "operatingIncomeRatio": 0.229475652,
    "totalOtherIncomeExpensesNet": 2353000,
    "incomeBeforeTax": 253996000,
    "incomeBeforeTaxRatio": 0.2316213752,
    "incomeTaxExpense": 98900000,
    "netIncome": 139400000,
    "netIncomeRatio": 0.1271201897,
    "eps": 0.51,
    "epsdiluted": 0.49,
    "weightedAverageShsOut": 294131373,
    "weightedAverageShsOutDil": 306136735,
    "link": "https://www.sec.gov/Archives/edgar/data/51644/000005164499000043/0000051644-99-000043-index.html",
    "finalLink": "https://www.sec.gov/Archives/edgar/data/51644/000005164499000043/"
  },
  {
    "date": "1999-03-31",
    "symbol": "IPG",
    "reportedCurrency": "USD",
    "cik": "0000051644",
    "fillingDate": "1999-05-14",
    "acceptedDate": "1999-05-14 00:00:00",
    "calendarYear": "1999",
    "period": "Q1",
    "revenue": 908100000,
    "costOfRevenue": 785100000,
    "grossProfit": 123000000,
    "grossProfitRatio": 0.1354476379,
    "researchAndDevelopmentExpenses": 0,
    "generalAndAdministrativeExpenses": 0,
    "sellingAndMarketingExpenses": 0,
    "sellingGeneralAndAdministrativeExpenses": 0,
    "otherExpenses": 45000000,
    "operatingExpenses": 45000000,
    "costAndExpenses": 830100000,
    "interestIncome": 0,
    "interestExpense": 0,
    "depreciationAndAmortization": 45000000,
    "ebitda": 123000000,
    "ebitdaratio": 0.1354476379,
    "operatingIncome": 78000000,
    "operatingIncomeRatio": 0.0858936241,
    "totalOtherIncomeExpensesNet": 400000,
    "incomeBeforeTax": 78400000,
    "incomeBeforeTaxRatio": 0.0863341042,
    "incomeTaxExpense": 33600000,
    "netIncome": 44800000,
    "netIncomeRatio": 0.0493337738,
    "eps": 0.17,
    "epsdiluted": 0.16,
    "weightedAverageShsOut": 263529412,
    "weightedAverageShsOutDil": 280000000,
    "link": "https://www.sec.gov/Archives/edgar/data/51644/000005164499000032/0000051644-99-000032-index.html",
    "finalLink": "https://www.sec.gov/Archives/edgar/data/51644/"
  },
  {
    "date": "1998-12-31",
    "symbol": "IPG",
    "reportedCurrency": "USD",
    "cik": "0000051644",
    "fillingDate": "1999-03-26",
    "acceptedDate": "1999-03-26 00:00:00",
    "calendarYear": "1998",
    "period": "Q4",
    "revenue": 1302600000,
    "costOfRevenue": -2270700000,
    "grossProfit": 3573300000,
    "grossProfitRatio": 2.7432058959,
    "researchAndDevelopmentExpenses": 0,
    "generalAndAdministrativeExpenses": 0,
    "sellingAndMarketingExpenses": 0,
    "sellingGeneralAndAdministrativeExpenses": 0,
    "otherExpenses": 3405900000,
    "operatingExpenses": 3405900000,
    "costAndExpenses": 1135200000,
    "interestIncome": 0,
    "interestExpense": 0,
    "depreciationAndAmortization": 58800000,
    "ebitda": 226200000,
    "ebitdaratio": 0.1736526946,
    "operatingIncome": 167400000,
    "operatingIncomeRatio": 0.1285122064,
    "totalOtherIncomeExpensesNet": 26300000,
    "incomeBeforeTax": 193700000,
    "incomeBeforeTaxRatio": 0.1487025948,
    "incomeTaxExpense": 81200000,
    "netIncome": 112500000,
    "netIncomeRatio": 0.0863657301,
    "eps": 0.43,
    "epsdiluted": 0.43,
    "weightedAverageShsOut": 263529412,
    "weightedAverageShsOutDil": 263529412,
    "link": "https://www.sec.gov/Archives/edgar/data/51644/000005164499000011/0000051644-99-000011-index.html",
    "finalLink": "https://www.sec.gov/Archives/edgar/data/51644/"
  },
  {
    "date": "1998-09-30",
    "symbol": "IPG",
    "reportedCurrency": "USD",
    "cik": "0000051644",
    "fillingDate": "1998-11-13",
    "acceptedDate": "1998-11-13 00:00:00",
    "calendarYear": "1998",
    "period": "Q3",
    "revenue": 837400000,
    "costOfRevenue": 762500000,
    "grossProfit": 124000000,
    "grossProfitRatio": 0.1480773824,
    "researchAndDevelopmentExpenses": 0,
    "generalAndAdministrativeExpenses": 0,
    "sellingAndMarketingExpenses": 0,
    "sellingGeneralAndAdministrativeExpenses": 0,
    "otherExpenses": 42400000,
    "operatingExpenses": 42400000,
    "costAndExpenses": 804900000,
    "interestIncome": 0,
    "interestExpense": 0,
    "depreciationAndAmortization": 41000000,
    "ebitda": 124000000,
    "ebitdaratio": 0.1480773824,
    "operatingIncome": 81600000,
    "operatingIncomeRatio": 0.097444471,
    "totalOtherIncomeExpensesNet": 4000000,
    "incomeBeforeTax": 85600000,
    "incomeBeforeTaxRatio": 0.1022211607,
    "incomeTaxExpense": 38200000,
    "netIncome": 45200000,
    "netIncomeRatio": 0.0539765942,
    "eps": 0.17,
    "epsdiluted": 0.17,
    "weightedAverageShsOut": 276470588,
    "weightedAverageShsOutDil": 276470588,
    "link": "https://www.sec.gov/Archives/edgar/data/51644/000005164498000081/0000051644-98-000081-index.html",
    "finalLink": "https://www.sec.gov/Archives/edgar/data/51644/"
  },
  {
    "date": "1998-06-30",
    "symbol": "IPG",
    "reportedCurrency": "USD",
    "cik": "0000051644",
    "fillingDate": "1998-08-13",
    "acceptedDate": "1998-08-13 00:00:00",
    "calendarYear": "1998",
    "period": "Q2",
    "revenue": 943200000,
    "costOfRevenue": 766100000,
    "grossProfit": 237000000,
    "grossProfitRatio": 0.2512722646,
    "researchAndDevelopmentExpenses": 0,
    "generalAndAdministrativeExpenses": 0,
    "sellingAndMarketingExpenses": 0,
    "sellingGeneralAndAdministrativeExpenses": 0,
    "otherExpenses": 41500000,
    "operatingExpenses": 41500000,
    "costAndExpenses": 807600000,
    "interestIncome": 0,
    "interestExpense": 0,
    "depreciationAndAmortization": 41500000,
    "ebitda": 237500000,
    "ebitdaratio": 0.2518023749,
    "operatingIncome": 195500000,
    "operatingIncomeRatio": 0.2072731128,
    "totalOtherIncomeExpensesNet": 9700000,
    "incomeBeforeTax": 205200000,
    "incomeBeforeTaxRatio": 0.2175572519,
    "incomeTaxExpense": 86900000,
    "netIncome": 116400000,
    "netIncomeRatio": 0.1234096692,
    "eps": 0.44,
    "epsdiluted": 0.42,
    "weightedAverageShsOut": 269318182,
    "weightedAverageShsOutDil": 282142857,
    "link": "https://www.sec.gov/Archives/edgar/data/51644/000005164498000065/0000051644-98-000065-index.html",
    "finalLink": "https://www.sec.gov/Archives/edgar/data/51644/"
  },
  {
    "date": "1998-03-31",
    "symbol": "IPG",
    "reportedCurrency": "USD",
    "cik": "0000051644",
    "fillingDate": "1998-05-15",
    "acceptedDate": "1998-05-15 00:00:00",
    "calendarYear": "1998",
    "period": "Q1",
    "revenue": 719400000,
    "costOfRevenue": 712900000,
    "grossProfit": 104100000,
    "grossProfitRatio": 0.1447039199,
    "researchAndDevelopmentExpenses": 0,
    "generalAndAdministrativeExpenses": 0,
    "sellingAndMarketingExpenses": 0,
    "sellingGeneralAndAdministrativeExpenses": 0,
    "otherExpenses": 40100000,
    "operatingExpenses": 40100000,
    "costAndExpenses": 753000000,
    "interestIncome": 0,
    "interestExpense": 0,
    "depreciationAndAmortization": 37800000,
    "ebitda": 104100000,
    "ebitdaratio": 0.1447039199,
    "operatingIncome": 64000000,
    "operatingIncomeRatio": 0.0889630247,
    "totalOtherIncomeExpensesNet": -800000,
    "incomeBeforeTax": 63200000,
    "incomeBeforeTaxRatio": 0.0878509869,
    "incomeTaxExpense": 22200000,
    "netIncome": 27600000,
    "netIncomeRatio": 0.0383653044,
    "eps": 0.14,
    "epsdiluted": 0.14,
    "weightedAverageShsOut": 269285714,
    "weightedAverageShsOutDil": 269285714,
    "link": "https://www.sec.gov/Archives/edgar/data/51644/000005164498000037/0000051644-98-000037-index.html",
    "finalLink": "https://www.sec.gov/Archives/edgar/data/51644/"
  },
  {
    "date": "1997-12-31",
    "symbol": "IPG",
    "reportedCurrency": "USD",
    "cik": "0000051644",
    "fillingDate": "1998-03-26",
    "acceptedDate": "1998-03-26 00:00:00",
    "calendarYear": "1997",
    "period": "Q4",
    "revenue": 992800000,
    "costOfRevenue": -183100000,
    "grossProfit": 1175900000,
    "grossProfitRatio": 1.1844278807,
    "researchAndDevelopmentExpenses": 0,
    "generalAndAdministrativeExpenses": 0,
    "sellingAndMarketingExpenses": 0,
    "sellingGeneralAndAdministrativeExpenses": 0,
    "otherExpenses": 990300000,
    "operatingExpenses": 990300000,
    "costAndExpenses": 807200000,
    "interestIncome": 0,
    "interestExpense": 0,
    "depreciationAndAmortization": 40000000,
    "ebitda": 225600000,
    "ebitdaratio": 0.2272360999,
    "operatingIncome": 185600000,
    "operatingIncomeRatio": 0.1869460113,
    "totalOtherIncomeExpensesNet": -22600000,
    "incomeBeforeTax": 163000000,
    "incomeBeforeTaxRatio": 0.1641821112,
    "incomeTaxExpense": 71000000,
    "netIncome": 92000000,
    "netIncomeRatio": 0.0926672039,
    "eps": 0.37,
    "epsdiluted": 0.37,
    "weightedAverageShsOut": 250909091,
    "weightedAverageShsOutDil": 250909091,
    "link": "https://www.sec.gov/Archives/edgar/data/51644/000005164498000011/0000051644-98-000011-index.html",
    "finalLink": "https://www.sec.gov/Archives/edgar/data/51644/"
  },
  {
    "date": "1997-09-30",
    "symbol": "IPG",
    "reportedCurrency": "USD",
    "cik": "0000051644",
    "fillingDate": "1997-11-14",
    "acceptedDate": "1997-11-14 00:00:00",
    "calendarYear": "1997",
    "period": "Q3",
    "revenue": 723500000,
    "costOfRevenue": 629100000,
    "grossProfit": 81800000,
    "grossProfitRatio": 0.1130615066,
    "researchAndDevelopmentExpenses": 0,
    "generalAndAdministrativeExpenses": 0,
    "sellingAndMarketingExpenses": 0,
    "sellingGeneralAndAdministrativeExpenses": 0,
    "otherExpenses": 31400000,
    "operatingExpenses": 31400000,
    "costAndExpenses": 660500000,
    "interestIncome": 0,
    "interestExpense": 0,
    "depreciationAndAmortization": 30800000,
    "ebitda": 83700000,
    "ebitdaratio": 0.1156876296,
    "operatingIncome": 50400000,
    "operatingIncomeRatio": 0.0696613683,
    "totalOtherIncomeExpensesNet": 6800000,
    "incomeBeforeTax": 57200000,
    "incomeBeforeTaxRatio": 0.0790601244,
    "incomeTaxExpense": 27300000,
    "netIncome": 35300000,
    "netIncomeRatio": 0.0487906012,
    "eps": 0.12,
    "epsdiluted": 0.12,
    "weightedAverageShsOut": 259166667,
    "weightedAverageShsOutDil": 259166667,
    "link": "https://www.sec.gov/Archives/edgar/data/51644/000005164497000069/0000051644-97-000069-index.html",
    "finalLink": "https://www.sec.gov/Archives/edgar/data/51644/"
  },
  {
    "date": "1997-06-30",
    "symbol": "IPG",
    "reportedCurrency": "USD",
    "cik": "0000051644",
    "fillingDate": "1997-08-14",
    "acceptedDate": "1997-08-14 00:00:00",
    "calendarYear": "1997",
    "period": "Q2",
    "revenue": 788600000,
    "costOfRevenue": 603100000,
    "grossProfit": 185500000,
    "grossProfitRatio": 0.2352269845,
    "researchAndDevelopmentExpenses": 0,
    "generalAndAdministrativeExpenses": 0,
    "sellingAndMarketingExpenses": 0,
    "sellingGeneralAndAdministrativeExpenses": 0,
    "otherExpenses": 31000000,
    "operatingExpenses": 31000000,
    "costAndExpenses": 634100000,
    "interestIncome": 0,
    "interestExpense": 0,
    "depreciationAndAmortization": 31000000,
    "ebitda": 185500000,
    "ebitdaratio": 0.2352269845,
    "operatingIncome": 154500000,
    "operatingIncomeRatio": 0.1959168146,
    "totalOtherIncomeExpensesNet": 5100000,
    "incomeBeforeTax": 159600000,
    "incomeBeforeTaxRatio": 0.2023839716,
    "incomeTaxExpense": 69800000,
    "netIncome": 89800000,
    "netIncomeRatio": 0.1138726858,
    "eps": 0.38,
    "epsdiluted": 0.36,
    "weightedAverageShsOut": 236315789,
    "weightedAverageShsOutDil": 249444444,
    "link": "https://www.sec.gov/Archives/edgar/data/51644/000005164497000052/0000051644-97-000052-index.html",
    "finalLink": "https://www.sec.gov/Archives/edgar/data/51644/"
  },
  {
    "date": "1997-03-31",
    "symbol": "IPG",
    "reportedCurrency": "USD",
    "cik": "0000051644",
    "fillingDate": "1997-05-15",
    "acceptedDate": "1997-05-15 00:00:00",
    "calendarYear": "1997",
    "period": "Q1",
    "revenue": 583400000,
    "costOfRevenue": 519000000,
    "grossProfit": 64400000,
    "grossProfitRatio": 0.1103873843,
    "researchAndDevelopmentExpenses": 0,
    "generalAndAdministrativeExpenses": 0,
    "sellingAndMarketingExpenses": 0,
    "sellingGeneralAndAdministrativeExpenses": 0,
    "otherExpenses": 29000000,
    "operatingExpenses": 29000000,
    "costAndExpenses": 548000000,
    "interestIncome": 0,
    "interestExpense": 0,
    "depreciationAndAmortization": 29000000,
    "ebitda": 64400000,
    "ebitdaratio": 0.1103873843,
    "operatingIncome": 35400000,
    "operatingIncomeRatio": 0.0606787796,
    "totalOtherIncomeExpensesNet": 3400000,
    "incomeBeforeTax": 38800000,
    "incomeBeforeTaxRatio": 0.066506685,
    "incomeTaxExpense": 16800000,
    "netIncome": 22000000,
    "netIncomeRatio": 0.037709976,
    "eps": 0.1,
    "epsdiluted": 0.09,
    "weightedAverageShsOut": 220000000,
    "weightedAverageShsOutDil": 244444444,
    "link": "https://www.sec.gov/Archives/edgar/data/51644/000005164497000039/0000051644-97-000039-index.html",
    "finalLink": "https://www.sec.gov/Archives/edgar/data/51644/"
  },
  {
    "date": "1996-12-31",
    "symbol": "IPG",
    "reportedCurrency": "USD",
    "cik": "0000051644",
    "fillingDate": "1997-05-20",
    "acceptedDate": "1997-05-20 00:00:00",
    "calendarYear": "1996",
    "period": "Q4",
    "revenue": 788300000,
    "costOfRevenue": -179500000,
    "grossProfit": 967800000,
    "grossProfitRatio": 1.2277051884,
    "researchAndDevelopmentExpenses": 0,
    "generalAndAdministrativeExpenses": 0,
    "sellingAndMarketingExpenses": 0,
    "sellingGeneralAndAdministrativeExpenses": 0,
    "otherExpenses": 822400000,
    "operatingExpenses": 822400000,
    "costAndExpenses": 642900000,
    "interestIncome": 0,
    "interestExpense": 0,
    "depreciationAndAmortization": 27000000,
    "ebitda": 172400000,
    "ebitdaratio": 0.2186984651,
    "operatingIncome": 145400000,
    "operatingIncomeRatio": 0.1844475454,
    "totalOtherIncomeExpensesNet": -13300000,
    "incomeBeforeTax": 132100000,
    "incomeBeforeTaxRatio": 0.167575796,
    "incomeTaxExpense": 55100000,
    "netIncome": 77000000,
    "netIncomeRatio": 0.0976785488,
    "eps": 0.35,
    "epsdiluted": 0.35,
    "weightedAverageShsOut": 220000000,
    "weightedAverageShsOutDil": 220000000,
    "link": "https://www.sec.gov/Archives/edgar/data/51644/000005164497000043/0000051644-97-000043-index.html",
    "finalLink": "https://www.sec.gov/Archives/edgar/data/51644/"
  },
  {
    "date": "1996-09-30",
    "symbol": "IPG",
    "reportedCurrency": "USD",
    "cik": "0000051644",
    "fillingDate": "1996-11-14",
    "acceptedDate": "1996-11-14 00:00:00",
    "calendarYear": "1996",
    "period": "Q3",
    "revenue": 567700000,
    "costOfRevenue": 481400000,
    "grossProfit": 86300000,
    "grossProfitRatio": 0.1520169103,
    "researchAndDevelopmentExpenses": 0,
    "generalAndAdministrativeExpenses": 0,
    "sellingAndMarketingExpenses": 0,
    "sellingGeneralAndAdministrativeExpenses": 0,
    "otherExpenses": 27600000,
    "operatingExpenses": 27600000,
    "costAndExpenses": 509000000,
    "interestIncome": 0,
    "interestExpense": 0,
    "depreciationAndAmortization": 27600000,
    "ebitda": 86300000,
    "ebitdaratio": 0.1520169103,
    "operatingIncome": 58700000,
    "operatingIncomeRatio": 0.1033996829,
    "totalOtherIncomeExpensesNet": -10700000,
    "incomeBeforeTax": 48000000,
    "incomeBeforeTaxRatio": 0.0845516998,
    "incomeTaxExpense": 20500000,
    "netIncome": 27500000,
    "netIncomeRatio": 0.048441078,
    "eps": 0.12,
    "epsdiluted": 0.12,
    "weightedAverageShsOut": 229166667,
    "weightedAverageShsOutDil": 229166667,
    "link": "https://www.sec.gov/Archives/edgar/data/51644/000005164496000059/0000051644-96-000059-index.html",
    "finalLink": "https://www.sec.gov/Archives/edgar/data/51644/"
  },
  {
    "date": "1996-06-30",
    "symbol": "IPG",
    "reportedCurrency": "USD",
    "cik": "0000051644",
    "fillingDate": "1996-08-14",
    "acceptedDate": "1996-08-14 00:00:00",
    "calendarYear": "1996",
    "period": "Q2",
    "revenue": 675300000,
    "costOfRevenue": 496200000,
    "grossProfit": 179100000,
    "grossProfitRatio": 0.2652154598,
    "researchAndDevelopmentExpenses": 0,
    "generalAndAdministrativeExpenses": 0,
    "sellingAndMarketingExpenses": 0,
    "sellingGeneralAndAdministrativeExpenses": 0,
    "otherExpenses": 25400000,
    "operatingExpenses": 25400000,
    "costAndExpenses": 521600000,
    "interestIncome": 0,
    "interestExpense": 0,
    "depreciationAndAmortization": 25400000,
    "ebitda": 179100000,
    "ebitdaratio": 0.2652154598,
    "operatingIncome": 153700000,
    "operatingIncomeRatio": 0.227602547,
    "totalOtherIncomeExpensesNet": -9600000,
    "incomeBeforeTax": 144100000,
    "incomeBeforeTaxRatio": 0.213386643,
    "incomeTaxExpense": 61200000,
    "netIncome": 82900000,
    "netIncomeRatio": 0.1227602547,
    "eps": 0.36,
    "epsdiluted": 0.34,
    "weightedAverageShsOut": 230277778,
    "weightedAverageShsOutDil": 243823529,
    "link": "https://www.sec.gov/Archives/edgar/data/51644/000005164496000049/0000051644-96-000049-index.html",
    "finalLink": "https://www.sec.gov/Archives/edgar/data/51644/"
  },
  {
    "date": "1996-03-31",
    "symbol": "IPG",
    "reportedCurrency": "USD",
    "cik": "0000051644",
    "fillingDate": "1996-05-15",
    "acceptedDate": "1996-05-15 00:00:00",
    "calendarYear": "1996",
    "period": "Q1",
    "revenue": 506200000,
    "costOfRevenue": 442600000,
    "grossProfit": 63600000,
    "grossProfitRatio": 0.1256420387,
    "researchAndDevelopmentExpenses": 0,
    "generalAndAdministrativeExpenses": 0,
    "sellingAndMarketingExpenses": 0,
    "sellingGeneralAndAdministrativeExpenses": 0,
    "otherExpenses": 23500000,
    "operatingExpenses": 23500000,
    "costAndExpenses": 466100000,
    "interestIncome": 0,
    "interestExpense": 0,
    "depreciationAndAmortization": 23500000,
    "ebitda": 63600000,
    "ebitdaratio": 0.1256420387,
    "operatingIncome": 40100000,
    "operatingIncomeRatio": 0.0792177005,
    "totalOtherIncomeExpensesNet": -9200000,
    "incomeBeforeTax": 30900000,
    "incomeBeforeTaxRatio": 0.061043066,
    "incomeTaxExpense": 13100000,
    "netIncome": 17800000,
    "netIncomeRatio": 0.0351639668,
    "eps": 0.08,
    "epsdiluted": 0.08,
    "weightedAverageShsOut": 222500000,
    "weightedAverageShsOutDil": 222500000,
    "link": "https://www.sec.gov/Archives/edgar/data/51644/000005164496000033/0000051644-96-000033-index.html",
    "finalLink": "https://www.sec.gov/Archives/edgar/data/51644/"
  },
  {
    "date": "1995-12-31",
    "symbol": "IPG",
    "reportedCurrency": "USD",
    "cik": "0000051644",
    "fillingDate": "1996-03-29",
    "acceptedDate": "1996-03-29 00:00:00",
    "calendarYear": "1995",
    "period": "Q4",
    "revenue": 669600000,
    "costOfRevenue": -177300000,
    "grossProfit": 846900000,
    "grossProfitRatio": 1.2647849462,
    "researchAndDevelopmentExpenses": 0,
    "generalAndAdministrativeExpenses": 0,
    "sellingAndMarketingExpenses": 0,
    "sellingGeneralAndAdministrativeExpenses": 0,
    "otherExpenses": 758800000,
    "operatingExpenses": 758800000,
    "costAndExpenses": 581500000,
    "interestIncome": 0,
    "interestExpense": 0,
    "depreciationAndAmortization": 21200000,
    "ebitda": 109300000,
    "ebitdaratio": 0.1632317802,
    "operatingIncome": 88100000,
    "operatingIncomeRatio": 0.1315710872,
    "totalOtherIncomeExpensesNet": -11600000,
    "incomeBeforeTax": 76500000,
    "incomeBeforeTaxRatio": 0.1142473118,
    "incomeTaxExpense": 47800000,
    "netIncome": 28700000,
    "netIncomeRatio": 0.0428614098,
    "eps": 0.13,
    "epsdiluted": 0.13,
    "weightedAverageShsOut": 222500000,
    "weightedAverageShsOutDil": 222500000,
    "link": "https://www.sec.gov/Archives/edgar/data/51644/000005164496000012/0000051644-96-000012-index.html",
    "finalLink": "https://www.sec.gov/Archives/edgar/data/51644/"
  },
  {
    "date": "1995-09-30",
    "symbol": "IPG",
    "reportedCurrency": "USD",
    "cik": "0000051644",
    "fillingDate": "1995-11-14",
    "acceptedDate": "1995-11-14 00:00:00",
    "calendarYear": "1995",
    "period": "Q3",
    "revenue": 492500000,
    "costOfRevenue": 421500000,
    "grossProfit": 71000000,
    "grossProfitRatio": 0.1441624365,
    "researchAndDevelopmentExpenses": 0,
    "generalAndAdministrativeExpenses": 0,
    "sellingAndMarketingExpenses": 0,
    "sellingGeneralAndAdministrativeExpenses": 0,
    "otherExpenses": 23400000,
    "operatingExpenses": 23400000,
    "costAndExpenses": 444900000,
    "interestIncome": 0,
    "interestExpense": 0,
    "depreciationAndAmortization": 23400000,
    "ebitda": 71000000,
    "ebitdaratio": 0.1441624365,
    "operatingIncome": 47600000,
    "operatingIncomeRatio": 0.0966497462,
    "totalOtherIncomeExpensesNet": -9400000,
    "incomeBeforeTax": 38200000,
    "incomeBeforeTaxRatio": 0.0775634518,
    "incomeTaxExpense": 16000000,
    "netIncome": 22200000,
    "netIncomeRatio": 0.0450761421,
    "eps": 0.1,
    "epsdiluted": 0.1,
    "weightedAverageShsOut": 222000000,
    "weightedAverageShsOutDil": 222000000,
    "link": "https://www.sec.gov/Archives/edgar/data/51644/000005164495000088/0000051644-95-000088-index.html",
    "finalLink": "https://www.sec.gov/Archives/edgar/data/51644/"
  }
]