[
  {
    "date": "2024-12-31",
    "symbol": "IPG",
    "reportedCurrency": "USD",
    "cik": "0000051644",
    "fillingDate": "2025-02-20",
    "acceptedDate": "2025-02-20 16:36:58",
    "calendarYear": "2024",
    "period": "FY",
    "revenue": 10691700000,
    "costOfRevenue": 8872000000,
    "grossProfit": 1819700000,
    "grossProfitRatio": 0.1701974429,
    "researchAndDevelopmentExpenses": 0,
    "generalAndAdministrativeExpenses": 0,
    "sellingAndMarketingExpenses": 0,
    "sellingGeneralAndAdministrativeExpenses": 130500000,
    "otherExpenses": 486000000,
    "operatingExpenses": 616500000,
    "costAndExpenses": 9488500000,
    "interestIncome": 151700000,
    "interestExpense": 229900000,
    "depreciationAndAmortization": 258900000,
    "ebitda": 1537900000,
    "ebitdaratio": 0.1438405492,
    "operatingIncome": 1203200000,
    "operatingIncomeRatio": 0.1125358923,
    "totalOtherIncomeExpensesNet": -154100000,
    "incomeBeforeTax": 1049100000,
    "incomeBeforeTaxRatio": 0.098122843,
    "incomeTaxExpense": 333900000,
    "netIncome": 689500000,
    "netIncomeRatio": 0.0644892767,
    "eps": 1.84,
    "epsdiluted": 1.83,
    "weightedAverageShsOut": 375200000,
    "weightedAverageShsOutDil": 377700000,
    "link": "https://www.sec.gov/Archives/edgar/data/51644/000005164425000024/0000051644-25-000024-index.htm",
    "finalLink": "https://www.sec.gov/Archives/edgar/data/51644/000005164425000024/ipg-20241231.htm"
  },
  {
    "date": "2023-12-31",
    "symbol": "IPG",
    "reportedCurrency": "USD",
    "cik": "0000051644",
    "fillingDate": "2024-02-20",
    "acceptedDate": "2024-02-20 14:36:32",
    "calendarYear": "2023",
    "period": "FY",
    "revenue": 10889300000,
    "costOfRevenue": 9075100000,
    "grossProfit": 1814200000,
    "grossProfitRatio": 0.1666039139,
    "researchAndDevelopmentExpenses": 0,
    "generalAndAdministrativeExpenses": 0,
    "sellingAndMarketingExpenses": 0,
    "sellingGeneralAndAdministrativeExpenses": 67200000,
    "otherExpenses": 264400000,
    "operatingExpenses": 331600000,
    "costAndExpenses": 9406700000,
    "interestIncome": 140800000,
    "interestExpense": 225600000,
    "depreciationAndAmortization": 264300000,
    "ebitda": 1897900000,
    "ebitdaratio": 0.1742903584,
    "operatingIncome": 1482600000,
    "operatingIncomeRatio": 0.1361520024,
    "totalOtherIncomeExpensesNet": -74600000,
    "incomeBeforeTax": 1408000000,
    "incomeBeforeTaxRatio": 0.1293012407,
    "incomeTaxExpense": 291200000,
    "netIncome": 1098400000,
    "netIncomeRatio": 0.100869661,
    "eps": 2.86,
    "epsdiluted": 2.85,
    "weightedAverageShsOut": 384100000,
    "weightedAverageShsOutDil": 385900000,
    "link": "https://www.sec.gov/Archives/edgar/data/51644/000005164424000013/0000051644-24-000013-index.htm",
    "finalLink": "https://www.sec.gov/Archives/edgar/data/51644/000005164424000013/ipg-20231231.htm"
  },
  {
    "date": "2022-12-31",
    "symbol": "IPG",
    "reportedCurrency": "USD",
    "cik": "0000051644",
    "fillingDate": "2023-02-21",
    "acceptedDate": "2023-02-21 08:59:55",
    "calendarYear": "2022",
    "period": "FY",
    "revenue": 10927800000,
    "costOfRevenue": 9083100000,
    "grossProfit": 1844700000,
    "grossProfitRatio": 0.1688079943,
    "researchAndDevelopmentExpenses": 0,
    "generalAndAdministrativeExpenses": 0,
    "sellingAndMarketingExpenses": 0,
    "sellingGeneralAndAdministrativeExpenses": 87100000,
    "otherExpenses": 376400000,
    "operatingExpenses": 463500000,
    "costAndExpenses": 9546600000,
    "interestIncome": 56600000,
    "interestExpense": 167900000,
    "depreciationAndAmortization": 274000000,
    "ebitda": 1710800000,
    "ebitdaratio": 0.1565548418,
    "operatingIncome": 1381200000,
    "operatingIncomeRatio": 0.1263932356,
    "totalOtherIncomeExpensesNet": -106700000,
    "incomeBeforeTax": 1274500000,
    "incomeBeforeTaxRatio": 0.1166291477,
    "incomeTaxExpense": 318400000,
    "netIncome": 938000000,
    "netIncomeRatio": 0.0858361244,
    "eps": 2.4,
    "epsdiluted": 2.37,
    "weightedAverageShsOut": 391500000,
    "weightedAverageShsOutDil": 395100000,
    "link": "https://www.sec.gov/Archives/edgar/data/51644/000005164423000010/0000051644-23-000010-index.htm",
    "finalLink": "https://www.sec.gov/Archives/edgar/data/51644/000005164423000010/ipg-20221231.htm"
  },
  {
    "date": "2021-12-31",
    "symbol": "IPG",
    "reportedCurrency": "USD",
    "cik": "0000051644",
    "fillingDate": "2022-02-22",
    "acceptedDate": "2022-02-22 08:48:58",
    "calendarYear": "2021",
    "period": "FY",
    "revenue": 10240700000,
    "costOfRevenue": 8387800000,
    "grossProfit": 1852900000,
    "grossProfitRatio": 0.180934897,
    "researchAndDevelopmentExpenses": 0,
    "generalAndAdministrativeExpenses": 0,
    "sellingAndMarketingExpenses": 0,
    "sellingGeneralAndAdministrativeExpenses": 122300000,
    "otherExpenses": 294400000,
    "operatingExpenses": 416700000,
    "costAndExpenses": 8804500000,
    "interestIncome": 27200000,
    "interestExpense": 170600000,
    "depreciationAndAmortization": 283800000,
    "ebitda": 1676500000,
    "ebitdaratio": 0.163709512,
    "operatingIncome": 1436200000,
    "operatingIncomeRatio": 0.1402443192,
    "totalOtherIncomeExpensesNet": -211600000,
    "incomeBeforeTax": 1224600000,
    "incomeBeforeTaxRatio": 0.1195816692,
    "incomeTaxExpense": 251800000,
    "netIncome": 952800000,
    "netIncomeRatio": 0.0930405148,
    "eps": 2.42,
    "epsdiluted": 2.39,
    "weightedAverageShsOut": 393000000,
    "weightedAverageShsOutDil": 398400000,
    "link": "https://www.sec.gov/Archives/edgar/data/51644/000005164422000010/0000051644-22-000010-index.htm",
    "finalLink": "https://www.sec.gov/Archives/edgar/data/51644/000005164422000010/ipg-20211231.htm"
  },
  {
    "date": "2020-12-31",
    "symbol": "IPG",
    "reportedCurrency": "USD",
    "cik": "0000051644",
    "fillingDate": "2021-02-22",
    "acceptedDate": "2021-02-22 08:51:48",
    "calendarYear": "2020",
    "period": "FY",
    "revenue": 9061000000,
    "costOfRevenue": 7709400000,
    "grossProfit": 1351600000,
    "grossProfitRatio": 0.1491667586,
    "researchAndDevelopmentExpenses": 0,
    "generalAndAdministrativeExpenses": 0,
    "sellingAndMarketingExpenses": 0,
    "sellingGeneralAndAdministrativeExpenses": 58800000,
    "otherExpenses": 704400000,
    "operatingExpenses": 763200000,
    "costAndExpenses": 8472600000,
    "interestIncome": 29500000,
    "interestExpense": 192200000,
    "depreciationAndAmortization": 290600000,
    "ebitda": 844100000,
    "ebitdaratio": 0.0931574881,
    "operatingIncome": 588400000,
    "operatingIncomeRatio": 0.0649376449,
    "totalOtherIncomeExpensesNet": -227100000,
    "incomeBeforeTax": 362200000,
    "incomeBeforeTaxRatio": 0.0399735129,
    "incomeTaxExpense": 8000000,
    "netIncome": 351100000,
    "netIncomeRatio": 0.0387484825,
    "eps": 0.9,
    "epsdiluted": 0.89,
    "weightedAverageShsOut": 389400000,
    "weightedAverageShsOutDil": 393200000,
    "link": "https://www.sec.gov/Archives/edgar/data/51644/000005164421000012/0000051644-21-000012-index.htm",
    "finalLink": "https://www.sec.gov/Archives/edgar/data/51644/000005164421000012/ipg-20201231.htm"
  },
  {
    "date": "2019-12-31",
    "symbol": "IPG",
    "reportedCurrency": "USD",
    "cik": "0000051644",
    "fillingDate": "2020-02-21",
    "acceptedDate": "2020-02-21 08:52:40",
    "calendarYear": "2019",
    "period": "FY",
    "revenue": 10221300000,
    "costOfRevenue": 8729100000,
    "grossProfit": 1492200000,
    "grossProfitRatio": 0.1459892577,
    "researchAndDevelopmentExpenses": 0,
    "generalAndAdministrativeExpenses": 0,
    "sellingAndMarketingExpenses": 0,
    "sellingGeneralAndAdministrativeExpenses": 93800000,
    "otherExpenses": 312400000,
    "operatingExpenses": 406200000,
    "costAndExpenses": 9135300000,
    "interestIncome": 34500000,
    "interestExpense": 199300000,
    "depreciationAndAmortization": 278500000,
    "ebitda": 1356100000,
    "ebitdaratio": 0.132673926,
    "operatingIncome": 1086000000,
    "operatingIncomeRatio": 0.1062487159,
    "totalOtherIncomeExpensesNet": -207700000,
    "incomeBeforeTax": 878300000,
    "incomeBeforeTaxRatio": 0.0859284044,
    "incomeTaxExpense": 204800000,
    "netIncome": 656000000,
    "netIncomeRatio": 0.0641797032,
    "eps": 1.7,
    "epsdiluted": 1.68,
    "weightedAverageShsOut": 386100000,
    "weightedAverageShsOutDil": 391200000,
    "link": "https://www.sec.gov/Archives/edgar/data/51644/000005164420000013/0000051644-20-000013-index.htm",
    "finalLink": "https://www.sec.gov/Archives/edgar/data/51644/000005164420000013/ipg12311910k.htm"
  },
  {
    "date": "2018-12-31",
    "symbol": "IPG",
    "reportedCurrency": "USD",
    "cik": "0000051644",
    "fillingDate": "2019-02-25",
    "acceptedDate": "2019-02-25 09:07:38",
    "calendarYear": "2018",
    "period": "FY",
    "revenue": 9714400000,
    "costOfRevenue": 8336200000,
    "grossProfit": 1378200000,
    "grossProfitRatio": 0.1418718603,
    "researchAndDevelopmentExpenses": 0,
    "generalAndAdministrativeExpenses": 0,
    "sellingAndMarketingExpenses": 0,
    "sellingGeneralAndAdministrativeExpenses": 166500000,
    "otherExpenses": 202900000,
    "operatingExpenses": 369400000,
    "costAndExpenses": 8705600000,
    "interestIncome": 21800000,
    "interestExpense": 123000000,
    "depreciationAndAmortization": 202900000,
    "ebitda": 1163900000,
    "ebitdaratio": 0.1198118257,
    "operatingIncome": 1008800000,
    "operatingIncomeRatio": 0.1038458371,
    "totalOtherIncomeExpensesNet": -170800000,
    "incomeBeforeTax": 838000000,
    "incomeBeforeTaxRatio": 0.086263691,
    "incomeTaxExpense": 199200000,
    "netIncome": 618900000,
    "netIncomeRatio": 0.0637095446,
    "eps": 1.61,
    "epsdiluted": 1.59,
    "weightedAverageShsOut": 383300000,
    "weightedAverageShsOutDil": 389000000,
    "link": "https://www.sec.gov/Archives/edgar/data/51644/000005164419000009/0000051644-19-000009-index.htm",
    "finalLink": "https://www.sec.gov/Archives/edgar/data/51644/000005164419000009/ipg12311810k.htm"
  },
  {
    "date": "2017-12-31",
    "symbol": "IPG",
    "reportedCurrency": "USD",
    "cik": "0000051644",
    "fillingDate": "2018-02-26",
    "acceptedDate": "2018-02-26 08:47:30",
    "calendarYear": "2017",
    "period": "FY",
    "revenue": 7882400000,
    "costOfRevenue": 7834000000,
    "grossProfit": 1213600000,
    "grossProfitRatio": 0.1539632599,
    "researchAndDevelopmentExpenses": 0,
    "generalAndAdministrativeExpenses": 1840700000,
    "sellingAndMarketingExpenses": 0,
    "sellingGeneralAndAdministrativeExpenses": 1840700000,
    "otherExpenses": 156700000,
    "operatingExpenses": 275200000,
    "costAndExpenses": 8109200000,
    "interestIncome": 19400000,
    "interestExpense": 90800000,
    "depreciationAndAmortization": 157100000,
    "ebitda": 1088700000,
    "ebitdaratio": 0.1381178321,
    "operatingIncome": 938400000,
    "operatingIncomeRatio": 0.1190500355,
    "totalOtherIncomeExpensesNet": -97600000,
    "incomeBeforeTax": 840800000,
    "incomeBeforeTaxRatio": 0.1066680199,
    "incomeTaxExpense": 281900000,
    "netIncome": 579000000,
    "netIncomeRatio": 0.0734547853,
    "eps": 1.42,
    "epsdiluted": 1.4,
    "weightedAverageShsOut": 389600000,
    "weightedAverageShsOutDil": 397300000,
    "link": "https://www.sec.gov/Archives/edgar/data/51644/000005164418000019/0000051644-18-000019-index.htm",
    "finalLink": "https://www.sec.gov/Archives/edgar/data/51644/000005164418000019/ipg12311710k.htm"
  },
  {
    "date": "2016-12-31",
    "symbol": "IPG",
    "reportedCurrency": "USD",
    "cik": "0000051644",
    "fillingDate": "2017-02-21",
    "acceptedDate": "2017-02-21 08:47:50",
    "calendarYear": "2016",
    "period": "FY",
    "revenue": 7846600000,
    "costOfRevenue": 7821000000,
    "grossProfit": 1235200000,
    "grossProfitRatio": 0.1574184997,
    "researchAndDevelopmentExpenses": 0,
    "generalAndAdministrativeExpenses": 1870500000,
    "sellingAndMarketingExpenses": 0,
    "sellingGeneralAndAdministrativeExpenses": 1870500000,
    "otherExpenses": 160200000,
    "operatingExpenses": 298800000,
    "costAndExpenses": 8119800000,
    "interestIncome": 20100000,
    "interestExpense": 90600000,
    "depreciationAndAmortization": 160200000,
    "ebitda": 1076400000,
    "ebitdaratio": 0.1371804348,
    "operatingIncome": 936400000,
    "operatingIncomeRatio": 0.1193383121,
    "totalOtherIncomeExpensesNet": -110800000,
    "incomeBeforeTax": 825600000,
    "incomeBeforeTaxRatio": 0.1052175465,
    "incomeTaxExpense": 198000000,
    "netIncome": 608500000,
    "netIncomeRatio": 0.0775495119,
    "eps": 1.52,
    "epsdiluted": 1.48,
    "weightedAverageShsOut": 397900000,
    "weightedAverageShsOutDil": 408000000,
    "link": "https://www.sec.gov/Archives/edgar/data/51644/000005164417000007/0000051644-17-000007-index.htm",
    "finalLink": "https://www.sec.gov/Archives/edgar/data/51644/000005164417000007/ipg12311610k.htm"
  },
  {
    "date": "2015-12-31",
    "symbol": "IPG",
    "reportedCurrency": "USD",
    "cik": "0000051644",
    "fillingDate": "2016-02-22",
    "acceptedDate": "2016-02-22 08:35:20",
    "calendarYear": "2015",
    "period": "FY",
    "revenue": 7613800000,
    "costOfRevenue": 4854800000,
    "grossProfit": 2759000000,
    "grossProfitRatio": 0.3623683312,
    "researchAndDevelopmentExpenses": 0,
    "generalAndAdministrativeExpenses": 1884200000,
    "sellingAndMarketingExpenses": 0,
    "sellingGeneralAndAdministrativeExpenses": 1884200000,
    "otherExpenses": 0,
    "operatingExpenses": 1884200000,
    "costAndExpenses": 6739000000,
    "interestIncome": 22800000,
    "interestExpense": 85800000,
    "depreciationAndAmortization": 157000000,
    "ebitda": 1005000000,
    "ebitdaratio": 0.131997163,
    "operatingIncome": 874800000,
    "operatingIncomeRatio": 0.1148966351,
    "totalOtherIncomeExpensesNet": -112600000,
    "incomeBeforeTax": 762200000,
    "incomeBeforeTaxRatio": 0.1001076992,
    "incomeTaxExpense": 282800000,
    "netIncome": 454600000,
    "netIncomeRatio": 0.0597073735,
    "eps": 1.11,
    "epsdiluted": 1.09,
    "weightedAverageShsOut": 408100000,
    "weightedAverageShsOutDil": 415700000,
    "link": "https://www.sec.gov/Archives/edgar/data/51644/000005164416000056/0000051644-16-000056-index.htm",
    "finalLink": "https://www.sec.gov/Archives/edgar/data/51644/000005164416000056/ipg12311510k.htm"
  },
  {
    "date": "2014-12-31",
    "symbol": "IPG",
    "reportedCurrency": "USD",
    "cik": "0000051644",
    "fillingDate": "2015-02-23",
    "acceptedDate": "2015-02-23 08:41:45",
    "calendarYear": "2014",
    "period": "FY",
    "revenue": 7537100000,
    "costOfRevenue": 4820400000,
    "grossProfit": 2716700000,
    "grossProfitRatio": 0.360443672,
    "researchAndDevelopmentExpenses": 0,
    "generalAndAdministrativeExpenses": 1928100000,
    "sellingAndMarketingExpenses": 0,
    "sellingGeneralAndAdministrativeExpenses": 1928100000,
    "otherExpenses": 0,
    "operatingExpenses": 1928300000,
    "costAndExpenses": 6748700000,
    "interestIncome": 27400000,
    "interestExpense": 84900000,
    "depreciationAndAmortization": 163000000,
    "ebitda": 968600000,
    "ebitdaratio": 0.1285109658,
    "operatingIncome": 788400000,
    "operatingIncomeRatio": 0.104602566,
    "totalOtherIncomeExpensesNet": -67700000,
    "incomeBeforeTax": 720700000,
    "incomeBeforeTaxRatio": 0.0956203314,
    "incomeTaxExpense": 216500000,
    "netIncome": 477100000,
    "netIncomeRatio": 0.0633002083,
    "eps": 1.14,
    "epsdiluted": 1.12,
    "weightedAverageShsOut": 419200000,
    "weightedAverageShsOutDil": 425400000,
    "link": "https://www.sec.gov/Archives/edgar/data/51644/000005164415000011/0000051644-15-000011-index.htm",
    "finalLink": "https://www.sec.gov/Archives/edgar/data/51644/000005164415000011/ipg12311410k.htm"
  },
  {
    "date": "2013-12-31",
    "symbol": "IPG",
    "reportedCurrency": "USD",
    "cik": "0000051644",
    "fillingDate": "2014-02-24",
    "acceptedDate": "2014-02-24 08:36:42",
    "calendarYear": "2013",
    "period": "FY",
    "revenue": 7122300000,
    "costOfRevenue": 4545500000,
    "grossProfit": 2576800000,
    "grossProfitRatio": 0.3617932409,
    "researchAndDevelopmentExpenses": 0,
    "generalAndAdministrativeExpenses": 1917900000,
    "sellingAndMarketingExpenses": 0,
    "sellingGeneralAndAdministrativeExpenses": 1917900000,
    "otherExpenses": 60600000,
    "operatingExpenses": 1978500000,
    "costAndExpenses": 6524000000,
    "interestIncome": 24700000,
    "interestExpense": 122700000,
    "depreciationAndAmortization": 157400000,
    "ebitda": 748100000,
    "ebitdaratio": 0.1050362945,
    "operatingIncome": 598300000,
    "operatingIncomeRatio": 0.0840037628,
    "totalOtherIncomeExpensesNet": -130300000,
    "incomeBeforeTax": 468000000,
    "incomeBeforeTaxRatio": 0.0657091108,
    "incomeTaxExpense": 181200000,
    "netIncome": 267900000,
    "netIncomeRatio": 0.0376142538,
    "eps": 0.62,
    "epsdiluted": 0.61,
    "weightedAverageShsOut": 421100000,
    "weightedAverageShsOutDil": 429600000,
    "link": "https://www.sec.gov/Archives/edgar/data/51644/000005164414000011/0000051644-14-000011-index.htm",
    "finalLink": "https://www.sec.gov/Archives/edgar/data/51644/000005164414000011/ipg12311310k.htm"
  },
  {
    "date": "2012-12-31",
    "symbol": "IPG",
    "reportedCurrency": "USD",
    "cik": "0000051644",
    "fillingDate": "2013-02-22",
    "acceptedDate": "2013-02-22 09:01:00",
    "calendarYear": "2012",
    "period": "FY",
    "revenue": 6956200000,
    "costOfRevenue": 4391900000,
    "grossProfit": 2564300000,
    "grossProfitRatio": 0.3686351744,
    "researchAndDevelopmentExpenses": 0,
    "generalAndAdministrativeExpenses": 1886000000,
    "sellingAndMarketingExpenses": 0,
    "sellingGeneralAndAdministrativeExpenses": 1886000000,
    "otherExpenses": -1200000,
    "operatingExpenses": 1886000000,
    "costAndExpenses": 6277900000,
    "interestIncome": 29500000,
    "interestExpense": 133500000,
    "depreciationAndAmortization": 147700000,
    "ebitda": 956000000,
    "ebitdaratio": 0.1374313562,
    "operatingIncome": 678300000,
    "operatingIncomeRatio": 0.0975101348,
    "totalOtherIncomeExpensesNet": -3500000,
    "incomeBeforeTax": 674800000,
    "incomeBeforeTaxRatio": 0.0970069866,
    "incomeTaxExpense": 213300000,
    "netIncome": 446700000,
    "netIncomeRatio": 0.064216095,
    "eps": 1.01,
    "epsdiluted": 0.94,
    "weightedAverageShsOut": 432500000,
    "weightedAverageShsOutDil": 481400000,
    "link": "https://www.sec.gov/Archives/edgar/data/51644/000005164413000003/0000051644-13-000003-index.htm",
    "finalLink": "https://www.sec.gov/Archives/edgar/data/51644/000005164413000003/ipg12311210k.htm"
  },
  {
    "date": "2011-12-31",
    "symbol": "IPG",
    "reportedCurrency": "USD",
    "cik": "0000051644",
    "fillingDate": "2012-02-24",
    "acceptedDate": "2012-02-24 09:09:28",
    "calendarYear": "2011",
    "period": "FY",
    "revenue": 7014600000,
    "costOfRevenue": 4402100000,
    "grossProfit": 2612500000,
    "grossProfitRatio": 0.3724374875,
    "researchAndDevelopmentExpenses": 0,
    "generalAndAdministrativeExpenses": 6326400000,
    "sellingAndMarketingExpenses": 0,
    "sellingGeneralAndAdministrativeExpenses": 6326400000,
    "otherExpenses": 1000000,
    "operatingExpenses": 1925300000,
    "costAndExpenses": 6327400000,
    "interestIncome": 37800000,
    "interestExpense": 136800000,
    "depreciationAndAmortization": 150900000,
    "ebitda": 1026100000,
    "ebitdaratio": 0.1462806147,
    "operatingIncome": 687200000,
    "operatingIncomeRatio": 0.0979670972,
    "totalOtherIncomeExpensesNet": 51200000,
    "incomeBeforeTax": 738400000,
    "incomeBeforeTaxRatio": 0.1052661592,
    "incomeTaxExpense": 190200000,
    "netIncome": 532300000,
    "netIncomeRatio": 0.0758845836,
    "eps": 1.12,
    "epsdiluted": 0.99,
    "weightedAverageShsOut": 465500000,
    "weightedAverageShsOutDil": 540600000,
    "link": "https://www.sec.gov/Archives/edgar/data/51644/000005164412000005/0000051644-12-000005-index.htm",
    "finalLink": "https://www.sec.gov/Archives/edgar/data/51644/000005164412000005/ipg12311110k.htm"
  },
  {
    "date": "2010-12-31",
    "symbol": "IPG",
    "reportedCurrency": "USD",
    "cik": "0000051644",
    "fillingDate": "2011-02-25",
    "acceptedDate": "2011-02-25 09:02:37",
    "calendarYear": "2010",
    "period": "FY",
    "revenue": 6531900000,
    "costOfRevenue": 4117000000,
    "grossProfit": 2390300000,
    "grossProfitRatio": 0.3659425282,
    "researchAndDevelopmentExpenses": 0,
    "generalAndAdministrativeExpenses": 5979300000,
    "sellingAndMarketingExpenses": 0,
    "sellingGeneralAndAdministrativeExpenses": 5979300000,
    "otherExpenses": 0,
    "operatingExpenses": 1841600000,
    "costAndExpenses": 5958600000,
    "interestIncome": 28700000,
    "interestExpense": 139700000,
    "depreciationAndAmortization": 148400000,
    "ebitda": 738700000,
    "ebitdaratio": 0.1130911373,
    "operatingIncome": 548700000,
    "operatingIncomeRatio": 0.0840031231,
    "totalOtherIncomeExpensesNet": -98100000,
    "incomeBeforeTax": 450600000,
    "incomeBeforeTaxRatio": 0.0689845221,
    "incomeTaxExpense": -171300000,
    "netIncome": 261100000,
    "netIncomeRatio": 0.0399730553,
    "eps": 0.57,
    "epsdiluted": 0.47,
    "weightedAverageShsOut": 473600000,
    "weightedAverageShsOutDil": 542100000,
    "link": "https://www.sec.gov/Archives/edgar/data/51644/000119312511046438/0001193125-11-046438-index.htm",
    "finalLink": "https://www.sec.gov/Archives/edgar/data/51644/000119312511046438/d10k.htm"
  },
  {
    "date": "2009-12-31",
    "symbol": "IPG",
    "reportedCurrency": "USD",
    "cik": "0000051644",
    "fillingDate": "2010-02-26",
    "acceptedDate": "2010-02-26 09:00:51",
    "calendarYear": "2009",
    "period": "FY",
    "revenue": 6027600000,
    "costOfRevenue": 3961200000,
    "grossProfit": 2066400000,
    "grossProfitRatio": 0.3428230141,
    "researchAndDevelopmentExpenses": 0,
    "generalAndAdministrativeExpenses": 5681700000,
    "sellingAndMarketingExpenses": 0,
    "sellingGeneralAndAdministrativeExpenses": 5681700000,
    "otherExpenses": 4600000,
    "operatingExpenses": 1725100000,
    "costAndExpenses": 5686300000,
    "interestIncome": 35000000,
    "interestExpense": 155600000,
    "depreciationAndAmortization": 169900000,
    "ebitda": 557900000,
    "ebitdaratio": 0.0925575685,
    "operatingIncome": 341300000,
    "operatingIncomeRatio": 0.0566228681,
    "totalOtherIncomeExpensesNet": -108900000,
    "incomeBeforeTax": 232400000,
    "incomeBeforeTaxRatio": 0.0385559758,
    "incomeTaxExpense": 90100000,
    "netIncome": 121300000,
    "netIncomeRatio": 0.0201240958,
    "eps": 0.2,
    "epsdiluted": 0.19,
    "weightedAverageShsOut": 468200000,
    "weightedAverageShsOutDil": 508100000,
    "link": "https://www.sec.gov/Archives/edgar/data/51644/000119312510041804/0001193125-10-041804-index.htm",
    "finalLink": "https://www.sec.gov/Archives/edgar/data/51644/000119312510041804/d10k.htm"
  },
  {
    "date": "2008-12-31",
    "symbol": "IPG",
    "reportedCurrency": "USD",
    "cik": "0000051644",
    "fillingDate": "2009-02-27",
    "acceptedDate": "2009-02-27 09:05:15",
    "calendarYear": "2008",
    "period": "FY",
    "revenue": 6962700000,
    "costOfRevenue": 4342600000,
    "grossProfit": 2620100000,
    "grossProfitRatio": 0.376305169,
    "researchAndDevelopmentExpenses": 0,
    "generalAndAdministrativeExpenses": 0,
    "sellingAndMarketingExpenses": 0,
    "sellingGeneralAndAdministrativeExpenses": 6355900000,
    "otherExpenses": 17100000,
    "operatingExpenses": 2030400000,
    "costAndExpenses": 6373000000,
    "interestIncome": 90600000,
    "interestExpense": 211900000,
    "depreciationAndAmortization": 173300000,
    "ebitda": 856700000,
    "ebitdaratio": 0.1230413489,
    "operatingIncome": 589700000,
    "operatingIncomeRatio": 0.084694156,
    "totalOtherIncomeExpensesNet": -118200000,
    "incomeBeforeTax": 471500000,
    "incomeBeforeTaxRatio": 0.067717983,
    "incomeTaxExpense": 156600000,
    "netIncome": 295000000,
    "netIncomeRatio": 0.0423686214,
    "eps": 0.57,
    "epsdiluted": 0.52,
    "weightedAverageShsOut": 461500000,
    "weightedAverageShsOutDil": 518300000,
    "link": "https://www.sec.gov/Archives/edgar/data/51644/000119312509040141/0001193125-09-040141-index.htm",
    "finalLink": "https://www.sec.gov/Archives/edgar/data/51644/000119312509040141/d10k.htm"
  },
  {
    "date": "2007-12-31",
    "symbol": "IPG",
    "reportedCurrency": "USD",
    "cik": "0000051644",
    "fillingDate": "2008-02-29",
    "acceptedDate": "2008-02-29 09:01:07",
    "calendarYear": "2007",
    "period": "FY",
    "revenue": 6554200000,
    "costOfRevenue": 0,
    "grossProfit": 6554200000,
    "grossProfitRatio": 1,
    "researchAndDevelopmentExpenses": 0,
    "generalAndAdministrativeExpenses": 0,
    "sellingAndMarketingExpenses": 0,
    "sellingGeneralAndAdministrativeExpenses": 6184000000,
    "otherExpenses": 25900000,
    "operatingExpenses": 6209900000,
    "costAndExpenses": 6209900000,
    "interestIncome": 0,
    "interestExpense": 0,
    "depreciationAndAmortization": 287700000,
    "ebitda": 674600000,
    "ebitdaratio": 0.1029263678,
    "operatingIncome": 344300000,
    "operatingIncomeRatio": 0.0525312014,
    "totalOtherIncomeExpensesNet": -108600000,
    "incomeBeforeTax": 235700000,
    "incomeBeforeTaxRatio": 0.0359616734,
    "incomeTaxExpense": 58900000,
    "netIncome": 167600000,
    "netIncomeRatio": 0.0255713893,
    "eps": 0.29,
    "epsdiluted": 0.26,
    "weightedAverageShsOut": 457700000,
    "weightedAverageShsOutDil": 503100000,
    "link": "https://www.sec.gov/Archives/edgar/data/51644/000095012308002315/0000950123-08-002315-index.htm",
    "finalLink": "https://www.sec.gov/Archives/edgar/data/51644/000095012308002315/y50424e10vk.htm"
  },
  {
    "date": "2006-12-31",
    "symbol": "IPG",
    "reportedCurrency": "USD",
    "cik": "0000051644",
    "fillingDate": "2007-02-28",
    "acceptedDate": "2007-02-28 09:01:45",
    "calendarYear": "2006",
    "period": "FY",
    "revenue": 6190800000,
    "costOfRevenue": 0,
    "grossProfit": 6190800000,
    "grossProfitRatio": 1,
    "researchAndDevelopmentExpenses": 0,
    "generalAndAdministrativeExpenses": 0,
    "sellingAndMarketingExpenses": 0,
    "sellingGeneralAndAdministrativeExpenses": 6023100000,
    "otherExpenses": 61700000,
    "operatingExpenses": 6084800000,
    "costAndExpenses": 6084800000,
    "interestIncome": 0,
    "interestExpense": 0,
    "depreciationAndAmortization": 260500000,
    "ebitda": 392900000,
    "ebitdaratio": 0.0634651418,
    "operatingIncome": 106000000,
    "operatingIncomeRatio": 0.0171221813,
    "totalOtherIncomeExpensesNet": -111000000,
    "incomeBeforeTax": -5000000,
    "incomeBeforeTaxRatio": -0.0008076501,
    "incomeTaxExpense": 18700000,
    "netIncome": -31700000,
    "netIncomeRatio": -0.0051205014,
    "eps": -0.074,
    "epsdiluted": -0.074,
    "weightedAverageShsOut": 428100000,
    "weightedAverageShsOutDil": 428100000,
    "link": "https://www.sec.gov/Archives/edgar/data/51644/000095012307002858/0000950123-07-002858-index.htm",
    "finalLink": "https://www.sec.gov/Archives/edgar/data/51644/000095012307002858/y31000e10vk.htm"
  },
  {
    "date": "2005-12-31",
    "symbol": "IPG",
    "reportedCurrency": "USD",
    "cik": "0000051644",
    "fillingDate": "2006-03-22",
    "acceptedDate": "2006-03-22 06:39:49",
    "calendarYear": "2005",
    "period": "FY",
    "revenue": 6274300000,
    "costOfRevenue": 0,
    "grossProfit": 6274300000,
    "grossProfitRatio": 1,
    "researchAndDevelopmentExpenses": 0,
    "generalAndAdministrativeExpenses": 0,
    "sellingAndMarketingExpenses": 0,
    "sellingGeneralAndAdministrativeExpenses": 6287200000,
    "otherExpenses": 91300000,
    "operatingExpenses": 6378500000,
    "costAndExpenses": 6378500000,
    "interestIncome": 0,
    "interestExpense": 0,
    "depreciationAndAmortization": 220200000,
    "ebitda": 108700000,
    "ebitdaratio": 0.0173246418,
    "operatingIncome": -104200000,
    "operatingIncomeRatio": -0.0166074303,
    "totalOtherIncomeExpensesNet": -82400000,
    "incomeBeforeTax": -186600000,
    "incomeBeforeTaxRatio": -0.0297403694,
    "incomeTaxExpense": 81900000,
    "netIncome": -262900000,
    "netIncomeRatio": -0.0419010886,
    "eps": -0.62,
    "epsdiluted": -0.62,
    "weightedAverageShsOut": 424800000,
    "weightedAverageShsOutDil": 424800000,
    "link": "https://www.sec.gov/Archives/edgar/data/51644/000095012306003501/0000950123-06-003501-index.htm",
    "finalLink": "https://www.sec.gov/Archives/edgar/data/51644/000095012306003501/x18078e10vk.htm"
  },
  {
    "date": "2004-12-31",
    "symbol": "IPG",
    "reportedCurrency": "USD",
    "cik": "0000051644",
    "fillingDate": "2005-10-17",
    "acceptedDate": "2005-10-17 07:19:39",
    "calendarYear": "2004",
    "period": "FY",
    "revenue": 6387000000,
    "costOfRevenue": 0,
    "grossProfit": 6387000000,
    "grossProfitRatio": 1,
    "researchAndDevelopmentExpenses": 0,
    "generalAndAdministrativeExpenses": 0,
    "sellingAndMarketingExpenses": 0,
    "sellingGeneralAndAdministrativeExpenses": 5983300000,
    "otherExpenses": 498000000,
    "operatingExpenses": 6481300000,
    "costAndExpenses": 6481300000,
    "interestIncome": 0,
    "interestExpense": 0,
    "depreciationAndAmortization": 239400000,
    "ebitda": 207300000,
    "ebitdaratio": 0.0324565524,
    "operatingIncome": -94300000,
    "operatingIncomeRatio": -0.0147643651,
    "totalOtherIncomeExpensesNet": -172700000,
    "incomeBeforeTax": -267000000,
    "incomeBeforeTaxRatio": -0.0418036637,
    "incomeTaxExpense": 262200000,
    "netIncome": -538400000,
    "netIncomeRatio": -0.0842962267,
    "eps": -1.3,
    "epsdiluted": -1.3,
    "weightedAverageShsOut": 415300000,
    "weightedAverageShsOutDil": 415300000,
    "link": "https://www.sec.gov/Archives/edgar/data/51644/000095012305012201/0000950123-05-012201-index.htm",
    "finalLink": "https://www.sec.gov/Archives/edgar/data/51644/000095012305012201/x13050a1e10vkza.htm"
  },
  {
    "date": "2003-12-31",
    "symbol": "IPG",
    "reportedCurrency": "USD",
    "cik": "0000051644",
    "fillingDate": "2004-03-15",
    "acceptedDate": "2004-03-15 14:02:34",
    "calendarYear": "2003",
    "period": "FY",
    "revenue": 5863400000,
    "costOfRevenue": 0,
    "grossProfit": 6161700000,
    "grossProfitRatio": 1.050874919,
    "researchAndDevelopmentExpenses": 0,
    "generalAndAdministrativeExpenses": 0,
    "sellingAndMarketingExpenses": 0,
    "sellingGeneralAndAdministrativeExpenses": 5337400000,
    "otherExpenses": 466900000,
    "operatingExpenses": 6193200000,
    "costAndExpenses": 6193200000,
    "interestIncome": 0,
    "interestExpense": 0,
    "depreciationAndAmortization": 277900000,
    "ebitda": 431700000,
    "ebitdaratio": 0.0736262237,
    "operatingIncome": -31500000,
    "operatingIncomeRatio": -0.0053723096,
    "totalOtherIncomeExpensesNet": -341300000,
    "incomeBeforeTax": -372800000,
    "incomeBeforeTaxRatio": -0.0635808575,
    "incomeTaxExpense": 254000000,
    "netIncome": -451700000,
    "netIncomeRatio": -0.0770372139,
    "eps": -1.17,
    "epsdiluted": -1.17,
    "weightedAverageShsOut": 385500000,
    "weightedAverageShsOutDil": 385500000,
    "link": "https://www.sec.gov/Archives/edgar/data/51644/000005164404000004/0000051644-04-000004-index.htm",
    "finalLink": "https://www.sec.gov/Archives/edgar/data/51644/000005164404000004/ipg2003-10k.htm"
  },
  {
    "date": "2002-12-31",
    "symbol": "IPG",
    "reportedCurrency": "USD",
    "cik": "0000051644",
    "fillingDate": "2003-03-28",
    "acceptedDate": "2003-03-28 16:23:45",
    "calendarYear": "2002",
    "period": "FY",
    "revenue": 6203600000,
    "costOfRevenue": 0,
    "grossProfit": 6059100000,
    "grossProfitRatio": 0.9767070733,
    "researchAndDevelopmentExpenses": 0,
    "generalAndAdministrativeExpenses": 0,
    "sellingAndMarketingExpenses": 0,
    "sellingGeneralAndAdministrativeExpenses": 5645600000,
    "otherExpenses": 137900000,
    "operatingExpenses": 5783300000,
    "costAndExpenses": 5783300000,
    "interestIncome": 0,
    "interestExpense": 0,
    "depreciationAndAmortization": 300500000,
    "ebitda": 573500000,
    "ebitdaratio": 0.0924463215,
    "operatingIncome": 275800000,
    "operatingIncomeRatio": 0.0444580566,
    "totalOtherIncomeExpensesNet": -160100000,
    "incomeBeforeTax": 115700000,
    "incomeBeforeTaxRatio": 0.018650461,
    "incomeTaxExpense": 140300000,
    "netIncome": 99500000,
    "netIncomeRatio": 0.0160390741,
    "eps": 0.26,
    "epsdiluted": 0.26,
    "weightedAverageShsOut": 376100000,
    "weightedAverageShsOutDil": 381080000,
    "link": "https://www.sec.gov/Archives/edgar/data/51644/000005164403000014/0000051644-03-000014-index.htm",
    "finalLink": "https://www.sec.gov/Archives/edgar/data/51644/000005164403000014/ipg10-k2002.htm"
  },
  {
    "date": "2001-12-31",
    "symbol": "IPG",
    "reportedCurrency": "USD",
    "cik": "0000051644",
    "fillingDate": "2002-12-06",
    "acceptedDate": "2002-12-06 15:41:20",
    "calendarYear": "2001",
    "period": "FY",
    "revenue": 6723200000,
    "costOfRevenue": 0,
    "grossProfit": 6352700000,
    "grossProfitRatio": 0.9448923132,
    "researchAndDevelopmentExpenses": 0,
    "generalAndAdministrativeExpenses": 5845000000,
    "sellingAndMarketingExpenses": 0,
    "sellingGeneralAndAdministrativeExpenses": 5845000000,
    "otherExpenses": 1102200000,
    "operatingExpenses": 6619200000,
    "costAndExpenses": 6619200000,
    "interestIncome": 0,
    "interestExpense": 0,
    "depreciationAndAmortization": 451300000,
    "ebitda": 799100000,
    "ebitdaratio": 0.1188570919,
    "operatingIncome": -266500000,
    "operatingIncomeRatio": -0.0396388624,
    "totalOtherIncomeExpensesNet": -319900000,
    "incomeBeforeTax": -586400000,
    "incomeBeforeTaxRatio": -0.0872203713,
    "incomeTaxExpense": -55300000,
    "netIncome": -534500000,
    "netIncomeRatio": -0.0795008329,
    "eps": -1.45,
    "epsdiluted": -1.45,
    "weightedAverageShsOut": 369000000,
    "weightedAverageShsOutDil": 369000000,
    "link": "https://www.sec.gov/Archives/edgar/data/51644/000005164402000044/0000051644-02-000044-index.htm",
    "finalLink": "https://www.sec.gov/Archives/edgar/data/51644/000005164402000044/ipg10k-a_dec02.htm"
  },
  {
    "date": "2000-12-31",
    "symbol": "IPG",
    "reportedCurrency": "USD",
    "cik": "0000051644",
    "fillingDate": "2001-03-30",
    "acceptedDate": "2001-03-30 00:00:00",
    "calendarYear": "2000",
    "period": "FY",
    "revenue": 5625845000,
    "costOfRevenue": -187063000,
    "grossProfit": 5812908000,
    "grossProfitRatio": 1.0332506495,
    "researchAndDevelopmentExpenses": 0,
    "generalAndAdministrativeExpenses": 4679845000,
    "sellingAndMarketingExpenses": 0,
    "sellingGeneralAndAdministrativeExpenses": 4679845000,
    "otherExpenses": 509163000,
    "operatingExpenses": 6552163000,
    "costAndExpenses": 6365100000,
    "interestIncome": 0,
    "interestExpense": 0,
    "depreciationAndAmortization": 299541000,
    "ebitda": 1392900000,
    "ebitdaratio": 0.2475894732,
    "operatingIncome": 817600000,
    "operatingIncomeRatio": 0.1453292794,
    "totalOtherIncomeExpensesNet": -26200000,
    "incomeBeforeTax": 791400000,
    "incomeBeforeTaxRatio": 0.1406722012,
    "incomeTaxExpense": 273034000,
    "netIncome": 358658000,
    "netIncomeRatio": 0.0637518453,
    "eps": 0.92,
    "epsdiluted": 0.89,
    "weightedAverageShsOut": 359600000,
    "weightedAverageShsOutDil": 370500000,
    "link": "https://www.sec.gov/Archives/edgar/data/51644/000005164401000011/0000051644-01-000011-index.htm",
    "finalLink": "https://www.sec.gov/Archives/edgar/data/51644/000005164401000011/0000051644-01-000011-0001.txt"
  },
  {
    "date": "1999-12-31",
    "symbol": "IPG",
    "reportedCurrency": "USD",
    "cik": "0000051644",
    "fillingDate": "2000-03-24",
    "acceptedDate": "2000-03-24 00:00:00",
    "calendarYear": "1999",
    "period": "FY",
    "revenue": 4427300000,
    "costOfRevenue": -154228000,
    "grossProfit": 5132051000,
    "grossProfitRatio": 1.1591830235,
    "researchAndDevelopmentExpenses": 0,
    "generalAndAdministrativeExpenses": 3825900000,
    "sellingAndMarketingExpenses": 0,
    "sellingGeneralAndAdministrativeExpenses": 3825900000,
    "otherExpenses": 253554000,
    "operatingExpenses": 4469372000,
    "costAndExpenses": 4315144000,
    "interestIncome": 0,
    "interestExpense": 0,
    "depreciationAndAmortization": 215900000,
    "ebitda": 916233000,
    "ebitdaratio": 0.2069507375,
    "operatingIncome": 662679000,
    "operatingIncomeRatio": 0.1496801662,
    "totalOtherIncomeExpensesNet": -87421000,
    "incomeBeforeTax": 575258000,
    "incomeBeforeTaxRatio": 0.1299342715,
    "incomeTaxExpense": 236300000,
    "netIncome": 321900000,
    "netIncomeRatio": 0.072707971,
    "eps": 1.15,
    "epsdiluted": 1.11,
    "weightedAverageShsOut": 288075652,
    "weightedAverageShsOutDil": 298456757,
    "link": "https://www.sec.gov/Archives/edgar/data/51644/000005164400000008/0000051644-00-000008-index.html",
    "finalLink": "https://www.sec.gov/Archives/edgar/data/51644/000005164400000008/"
  },
  {
    "date": "1998-12-31",
    "symbol": "IPG",
    "reportedCurrency": "USD",
    "cik": "0000051644",
    "fillingDate": "1999-03-26",
    "acceptedDate": "1999-03-26 00:00:00",
    "calendarYear": "1998",
    "period": "FY",
    "revenue": 3844300000,
    "costOfRevenue": -130358000,
    "grossProfit": 4349015000,
    "grossProfitRatio": 1.1312891814,
    "researchAndDevelopmentExpenses": 0,
    "generalAndAdministrativeExpenses": 3347100000,
    "sellingAndMarketingExpenses": 0,
    "sellingGeneralAndAdministrativeExpenses": 3347100000,
    "otherExpenses": 191754000,
    "operatingExpenses": 3776419000,
    "costAndExpenses": 3646061000,
    "interestIncome": 0,
    "interestExpense": 0,
    "depreciationAndAmortization": 179100000,
    "ebitda": 764350000,
    "ebitdaratio": 0.1988268345,
    "operatingIncome": 572596000,
    "operatingIncomeRatio": 0.1489467523,
    "totalOtherIncomeExpensesNet": 12947000,
    "incomeBeforeTax": 585543000,
    "incomeBeforeTaxRatio": 0.1523145956,
    "incomeTaxExpense": 232000000,
    "netIncome": 309900000,
    "netIncomeRatio": 0.0806128554,
    "eps": 1.15,
    "epsdiluted": 1.11,
    "weightedAverageShsOut": 295571304,
    "weightedAverageShsOutDil": 306222523,
    "link": "https://www.sec.gov/Archives/edgar/data/51644/000005164499000011/0000051644-99-000011-index.html",
    "finalLink": "https://www.sec.gov/Archives/edgar/data/51644/"
  },
  {
    "date": "1997-12-31",
    "symbol": "IPG",
    "reportedCurrency": "USD",
    "cik": "0000051644",
    "fillingDate": "1998-03-26",
    "acceptedDate": "1998-03-26 00:00:00",
    "calendarYear": "1997",
    "period": "FY",
    "revenue": 3125800000,
    "costOfRevenue": -141700000,
    "grossProfit": 3494500000,
    "grossProfitRatio": 1.1179538038,
    "researchAndDevelopmentExpenses": 0,
    "generalAndAdministrativeExpenses": 950300000,
    "sellingAndMarketingExpenses": 0,
    "sellingGeneralAndAdministrativeExpenses": 950300000,
    "otherExpenses": 141700000,
    "operatingExpenses": 3130300000,
    "costAndExpenses": 2988600000,
    "interestIncome": 0,
    "interestExpense": 0,
    "depreciationAndAmortization": 130800000,
    "ebitda": 505900000,
    "ebitdaratio": 0.1618465673,
    "operatingIncome": 364200000,
    "operatingIncomeRatio": 0.1165141724,
    "totalOtherIncomeExpensesNet": 22400000,
    "incomeBeforeTax": 386600000,
    "incomeBeforeTaxRatio": 0.1236803378,
    "incomeTaxExpense": 184800000,
    "netIncome": 239100000,
    "netIncomeRatio": 0.0764924179,
    "eps": 0.99,
    "epsdiluted": 0.95,
    "weightedAverageShsOut": 202424242,
    "weightedAverageShsOutDil": 210947368,
    "link": "https://www.sec.gov/Archives/edgar/data/51644/000005164498000011/0000051644-98-000011-index.html",
    "finalLink": "https://www.sec.gov/Archives/edgar/data/51644/"
  },
  {
    "date": "1996-12-31",
    "symbol": "IPG",
    "reportedCurrency": "USD",
    "cik": "0000051644",
    "fillingDate": "1997-05-20",
    "acceptedDate": "1997-05-20 00:00:00",
    "calendarYear": "1996",
    "period": "FY",
    "revenue": 2537500000,
    "costOfRevenue": 1240700000,
    "grossProfit": 1296900000,
    "grossProfitRatio": 0.5110935961,
    "researchAndDevelopmentExpenses": 0,
    "generalAndAdministrativeExpenses": 795400000,
    "sellingAndMarketingExpenses": 0,
    "sellingGeneralAndAdministrativeExpenses": 795400000,
    "otherExpenses": 103500000,
    "operatingExpenses": 898900000,
    "costAndExpenses": 2139600000,
    "interestIncome": 0,
    "interestExpense": 0,
    "depreciationAndAmortization": 103500000,
    "ebitda": 501500000,
    "ebitdaratio": 0.197635468,
    "operatingIncome": 398000000,
    "operatingIncomeRatio": 0.1568472906,
    "totalOtherIncomeExpensesNet": -42800000,
    "incomeBeforeTax": 355200000,
    "incomeBeforeTaxRatio": 0.1399802956,
    "incomeTaxExpense": 150000000,
    "netIncome": 205200000,
    "netIncomeRatio": 0.0808669951,
    "eps": 0.88,
    "epsdiluted": 0.85,
    "weightedAverageShsOut": 233181818,
    "weightedAverageShsOutDil": 241411765,
    "link": "https://www.sec.gov/Archives/edgar/data/51644/000005164497000043/0000051644-97-000043-index.html",
    "finalLink": "https://www.sec.gov/Archives/edgar/data/51644/"
  },
  {
    "date": "1995-12-31",
    "symbol": "IPG",
    "reportedCurrency": "USD",
    "cik": "0000051644",
    "fillingDate": "1996-03-29",
    "acceptedDate": "1996-03-29 00:00:00",
    "calendarYear": "1995",
    "period": "FY",
    "revenue": 2179700000,
    "costOfRevenue": 1058800000,
    "grossProfit": 1120900000,
    "grossProfitRatio": 0.5142450796,
    "researchAndDevelopmentExpenses": 0,
    "generalAndAdministrativeExpenses": 737600000,
    "sellingAndMarketingExpenses": 0,
    "sellingGeneralAndAdministrativeExpenses": 737600000,
    "otherExpenses": 91200000,
    "operatingExpenses": 828800000,
    "costAndExpenses": 1887600000,
    "interestIncome": 0,
    "interestExpense": 0,
    "depreciationAndAmortization": 91200000,
    "ebitda": 383300000,
    "ebitdaratio": 0.1758498876,
    "operatingIncome": 292100000,
    "operatingIncomeRatio": 0.1340092673,
    "totalOtherIncomeExpensesNet": -39600000,
    "incomeBeforeTax": 252500000,
    "incomeBeforeTaxRatio": 0.1158416296,
    "incomeTaxExpense": 122700000,
    "netIncome": 129800000,
    "netIncomeRatio": 0.0595494793,
    "eps": 0.55,
    "epsdiluted": 0.55,
    "weightedAverageShsOut": 234578313,
    "weightedAverageShsOutDil": 234578313,
    "link": "https://www.sec.gov/Archives/edgar/data/51644/000005164496000012/0000051644-96-000012-index.html",
    "finalLink": "https://www.sec.gov/Archives/edgar/data/51644/"
  },
  {
    "date": "1994-12-31",
    "symbol": "IPG",
    "reportedCurrency": "USD",
    "cik": "0000051644",
    "fillingDate": "1995-03-29",
    "acceptedDate": "1995-03-29 00:00:00",
    "calendarYear": "1994",
    "period": "FY",
    "revenue": 1984300000,
    "costOfRevenue": 965000000,
    "grossProfit": 1019300000,
    "grossProfitRatio": 0.5136824069,
    "researchAndDevelopmentExpenses": 0,
    "generalAndAdministrativeExpenses": 710000000,
    "sellingAndMarketingExpenses": 0,
    "sellingGeneralAndAdministrativeExpenses": 710000000,
    "otherExpenses": 75600000,
    "operatingExpenses": 785600000,
    "costAndExpenses": 1750600000,
    "interestIncome": 0,
    "interestExpense": 0,
    "depreciationAndAmortization": 75600000,
    "ebitda": 309300000,
    "ebitdaratio": 0.1558736078,
    "operatingIncome": 233700000,
    "operatingIncomeRatio": 0.1177745301,
    "totalOtherIncomeExpensesNet": -32200000,
    "incomeBeforeTax": 201500000,
    "incomeBeforeTaxRatio": 0.1015471451,
    "incomeTaxExpense": 86300000,
    "netIncome": 93400000,
    "netIncomeRatio": 0.0470694955,
    "eps": 0.41,
    "epsdiluted": 0.41,
    "weightedAverageShsOut": 225967742,
    "weightedAverageShsOutDil": 225967742,
    "link": "https://www.sec.gov/Archives/edgar/data/51644/000005164495000031/0000051644-95-000031-index.html",
    "finalLink": "https://www.sec.gov/Archives/edgar/data/51644/"
  },
  {
    "date": "1993-12-31",
    "symbol": "IPG",
    "reportedCurrency": "USD",
    "cik": "0000051644",
    "fillingDate": "1994-03-30",
    "acceptedDate": "1994-03-30 00:00:00",
    "calendarYear": "1993",
    "period": "FY",
    "revenue": 1793900000,
    "costOfRevenue": 847200000,
    "grossProfit": 946700000,
    "grossProfitRatio": 0.5277328725,
    "researchAndDevelopmentExpenses": 0,
    "generalAndAdministrativeExpenses": 0,
    "sellingAndMarketingExpenses": 0,
    "sellingGeneralAndAdministrativeExpenses": 618500000,
    "otherExpenses": 70000000,
    "operatingExpenses": 688500000,
    "costAndExpenses": 1535700000,
    "interestIncome": 0,
    "interestExpense": 0,
    "depreciationAndAmortization": 70000000,
    "ebitda": 328200000,
    "ebitdaratio": 0.1829533419,
    "operatingIncome": 258200000,
    "operatingIncomeRatio": 0.1439322147,
    "totalOtherIncomeExpensesNet": -33000000,
    "incomeBeforeTax": 225200000,
    "incomeBeforeTaxRatio": 0.1255365405,
    "incomeTaxExpense": 99900000,
    "netIncome": 124800000,
    "netIncomeRatio": 0.0695690953,
    "eps": 0.56,
    "epsdiluted": 0.56,
    "weightedAverageShsOut": 222857143,
    "weightedAverageShsOutDil": 222857143,
    "link": "https://www.sec.gov/Archives/edgar/data/51644/000005164494000020/0000051644-94-000020-index.html",
    "finalLink": "https://www.sec.gov/Archives/edgar/data/51644/"
  },
  {
    "date": "1992-12-31",
    "symbol": "IPG",
    "reportedCurrency": "USD",
    "cik": "0000051644",
    "fillingDate": "1992-12-31",
    "acceptedDate": "1992-12-31 00:00:00",
    "calendarYear": "1992",
    "period": "FY",
    "revenue": 1804400000,
    "costOfRevenue": 953500000,
    "grossProfit": 850900000,
    "grossProfitRatio": 0.4715694968,
    "researchAndDevelopmentExpenses": 0,
    "generalAndAdministrativeExpenses": 0,
    "sellingAndMarketingExpenses": 0,
    "sellingGeneralAndAdministrativeExpenses": 622500000,
    "otherExpenses": 39600000,
    "operatingExpenses": 662100000,
    "costAndExpenses": 1615600000,
    "interestIncome": 0,
    "interestExpense": 0,
    "depreciationAndAmortization": 39600000,
    "ebitda": 228400000,
    "ebitdaratio": 0.1265794724,
    "operatingIncome": 188800000,
    "operatingIncomeRatio": 0.104633119,
    "totalOtherIncomeExpensesNet": 14400000,
    "incomeBeforeTax": 203200000,
    "incomeBeforeTaxRatio": 0.1126136112,
    "incomeTaxExpense": 91300000,
    "netIncome": 87300000,
    "netIncomeRatio": 0.0483817335,
    "eps": 0.39,
    "epsdiluted": 0.39,
    "weightedAverageShsOut": 223846154,
    "weightedAverageShsOutDil": 223846154,
    "link": null,
    "finalLink": null
  },
  {
    "date": "1991-12-31",
    "symbol": "IPG",
    "reportedCurrency": "USD",
    "cik": "0000051644",
    "fillingDate": "1991-12-31",
    "acceptedDate": "1991-12-31 00:00:00",
    "calendarYear": "1991",
    "period": "FY",
    "revenue": 1677500000,
    "costOfRevenue": 816500000,
    "grossProfit": 861000000,
    "grossProfitRatio": 0.5132637854,
    "researchAndDevelopmentExpenses": 0,
    "generalAndAdministrativeExpenses": 0,
    "sellingAndMarketingExpenses": 0,
    "sellingGeneralAndAdministrativeExpenses": 578500000,
    "otherExpenses": 63700000,
    "operatingExpenses": 642200000,
    "costAndExpenses": 1458700000,
    "interestIncome": 0,
    "interestExpense": 0,
    "depreciationAndAmortization": 63700000,
    "ebitda": 282500000,
    "ebitdaratio": 0.1684053651,
    "operatingIncome": 218800000,
    "operatingIncomeRatio": 0.1304321908,
    "totalOtherIncomeExpensesNet": -36500000,
    "incomeBeforeTax": 182300000,
    "incomeBeforeTaxRatio": 0.1086736215,
    "incomeTaxExpense": 87700000,
    "netIncome": 94600000,
    "netIncomeRatio": 0.0563934426,
    "eps": 0.44,
    "epsdiluted": 0.44,
    "weightedAverageShsOut": 215000000,
    "weightedAverageShsOutDil": 215000000,
    "link": null,
    "finalLink": null
  },
  {
    "date": "1990-12-31",
    "symbol": "IPG",
    "reportedCurrency": "USD",
    "cik": "0000051644",
    "fillingDate": "1990-12-31",
    "acceptedDate": "1990-12-31 00:00:00",
    "calendarYear": "1990",
    "period": "FY",
    "revenue": 1368200000,
    "costOfRevenue": 714200000,
    "grossProfit": 654000000,
    "grossProfitRatio": 0.4780002924,
    "researchAndDevelopmentExpenses": 0,
    "generalAndAdministrativeExpenses": 0,
    "sellingAndMarketingExpenses": 0,
    "sellingGeneralAndAdministrativeExpenses": 436800000,
    "otherExpenses": 48800000,
    "operatingExpenses": 485600000,
    "costAndExpenses": 1199800000,
    "interestIncome": 0,
    "interestExpense": 0,
    "depreciationAndAmortization": 48800000,
    "ebitda": 217200000,
    "ebitdaratio": 0.1587487209,
    "operatingIncome": 168400000,
    "operatingIncomeRatio": 0.1230814208,
    "totalOtherIncomeExpensesNet": -15800000,
    "incomeBeforeTax": 152600000,
    "incomeBeforeTaxRatio": 0.1115334015,
    "incomeTaxExpense": 72500000,
    "netIncome": 80100000,
    "netIncomeRatio": 0.0585440725,
    "eps": 0.4,
    "epsdiluted": 0.4,
    "weightedAverageShsOut": 200250000,
    "weightedAverageShsOutDil": 200250000,
    "link": null,
    "finalLink": null
  },
  {
    "date": "1989-12-31",
    "symbol": "IPG",
    "reportedCurrency": "USD",
    "cik": "0000051644",
    "fillingDate": "1989-12-31",
    "acceptedDate": "1989-12-31 00:00:00",
    "calendarYear": "1989",
    "period": "FY",
    "revenue": 1256900000,
    "costOfRevenue": 650800000,
    "grossProfit": 606100000,
    "grossProfitRatio": 0.4822181558,
    "researchAndDevelopmentExpenses": 0,
    "generalAndAdministrativeExpenses": 0,
    "sellingAndMarketingExpenses": 0,
    "sellingGeneralAndAdministrativeExpenses": 412900000,
    "otherExpenses": 40500000,
    "operatingExpenses": 453400000,
    "costAndExpenses": 1104200000,
    "interestIncome": 0,
    "interestExpense": 0,
    "depreciationAndAmortization": 40500000,
    "ebitda": 193200000,
    "ebitdaratio": 0.1537115125,
    "operatingIncome": 152700000,
    "operatingIncomeRatio": 0.1214893786,
    "totalOtherIncomeExpensesNet": -14000000,
    "incomeBeforeTax": 138700000,
    "incomeBeforeTaxRatio": 0.1103508632,
    "incomeTaxExpense": 68100000,
    "netIncome": 70600000,
    "netIncomeRatio": 0.0561699419,
    "eps": 0.35,
    "epsdiluted": 0.35,
    "weightedAverageShsOut": 201714286,
    "weightedAverageShsOutDil": 201714286,
    "link": null,
    "finalLink": null
  },
  {
    "date": "1988-12-31",
    "symbol": "IPG",
    "reportedCurrency": "USD",
    "cik": "0000051644",
    "fillingDate": "1988-12-31",
    "acceptedDate": "1988-12-30 19:00:00",
    "calendarYear": "1988",
    "period": "FY",
    "revenue": 1191900000,
    "costOfRevenue": 631300000,
    "grossProfit": 560600000,
    "grossProfitRatio": 0.4703414716,
    "researchAndDevelopmentExpenses": 0,
    "generalAndAdministrativeExpenses": 0,
    "sellingAndMarketingExpenses": 0,
    "sellingGeneralAndAdministrativeExpenses": 397200000,
    "otherExpenses": 24900000,
    "operatingExpenses": 422100000,
    "costAndExpenses": 1053400000,
    "interestIncome": 0,
    "interestExpense": 0,
    "depreciationAndAmortization": 24900000,
    "ebitda": 163400000,
    "ebitdaratio": 0.1370920379,
    "operatingIncome": 138500000,
    "operatingIncomeRatio": 0.1162010236,
    "totalOtherIncomeExpensesNet": -10600000,
    "incomeBeforeTax": 127900000,
    "incomeBeforeTaxRatio": 0.10730766,
    "incomeTaxExpense": 67800000,
    "netIncome": 60100000,
    "netIncomeRatio": 0.0504236933,
    "eps": 0.31,
    "epsdiluted": 0.31,
    "weightedAverageShsOut": 193870968,
    "weightedAverageShsOutDil": 193870968,
    "link": "",
    "finalLink": ""
  },
  {
    "date": "1987-12-31",
    "symbol": "IPG",
    "reportedCurrency": "USD",
    "cik": "0000051644",
    "fillingDate": "1987-12-31",
    "acceptedDate": "1987-12-30 19:00:00",
    "calendarYear": "1987",
    "period": "FY",
    "revenue": 943200000,
    "costOfRevenue": 519800000,
    "grossProfit": 423400000,
    "grossProfitRatio": 0.4488973707,
    "researchAndDevelopmentExpenses": 0,
    "generalAndAdministrativeExpenses": 0,
    "sellingAndMarketingExpenses": 0,
    "sellingGeneralAndAdministrativeExpenses": 320200000,
    "otherExpenses": 21000000,
    "operatingExpenses": 341200000,
    "costAndExpenses": 861000000,
    "interestIncome": 0,
    "interestExpense": 0,
    "depreciationAndAmortization": 21000000,
    "ebitda": 103200000,
    "ebitdaratio": 0.1094147583,
    "operatingIncome": 82200000,
    "operatingIncomeRatio": 0.0871501272,
    "totalOtherIncomeExpensesNet": 18500000,
    "incomeBeforeTax": 100700000,
    "incomeBeforeTaxRatio": 0.106764207,
    "incomeTaxExpense": 51400000,
    "netIncome": 49300000,
    "netIncomeRatio": 0.0522688719,
    "eps": 0.25,
    "epsdiluted": 0.25,
    "weightedAverageShsOut": 197200000,
    "weightedAverageShsOutDil": 197200000,
    "link": "",
    "finalLink": ""
  },
  {
    "date": "1986-12-31",
    "symbol": "IPG",
    "reportedCurrency": "USD",
    "cik": "0000051644",
    "fillingDate": "1986-12-31",
    "acceptedDate": "1986-12-30 19:00:00",
    "calendarYear": "1986",
    "period": "FY",
    "revenue": 814400000,
    "costOfRevenue": 453000000,
    "grossProfit": 361400000,
    "grossProfitRatio": 0.443762279,
    "researchAndDevelopmentExpenses": 0,
    "generalAndAdministrativeExpenses": 0,
    "sellingAndMarketingExpenses": 0,
    "sellingGeneralAndAdministrativeExpenses": 254700000,
    "otherExpenses": 13100000,
    "operatingExpenses": 267800000,
    "costAndExpenses": 720800000,
    "interestIncome": 0,
    "interestExpense": 0,
    "depreciationAndAmortization": 13100000,
    "ebitda": 106700000,
    "ebitdaratio": 0.1310166994,
    "operatingIncome": 93600000,
    "operatingIncomeRatio": 0.1149312377,
    "totalOtherIncomeExpensesNet": -7400000,
    "incomeBeforeTax": 86200000,
    "incomeBeforeTaxRatio": 0.1058447937,
    "incomeTaxExpense": 45100000,
    "netIncome": 41100000,
    "netIncomeRatio": 0.0504666012,
    "eps": 0.21,
    "epsdiluted": 0.21,
    "weightedAverageShsOut": 195714286,
    "weightedAverageShsOutDil": 195714286,
    "link": "",
    "finalLink": ""
  },
  {
    "date": "1985-12-31",
    "symbol": "IPG",
    "reportedCurrency": "USD",
    "cik": "0000051644",
    "fillingDate": "1985-12-31",
    "acceptedDate": "1985-12-30 19:00:00",
    "calendarYear": "1985",
    "period": "FY",
    "revenue": 666700000,
    "costOfRevenue": -10000000,
    "grossProfit": 676700000,
    "grossProfitRatio": 1.01499925,
    "researchAndDevelopmentExpenses": 0,
    "generalAndAdministrativeExpenses": 0,
    "sellingAndMarketingExpenses": 0,
    "sellingGeneralAndAdministrativeExpenses": 605600000,
    "otherExpenses": 10000000,
    "operatingExpenses": 615600000,
    "costAndExpenses": 605600000,
    "interestIncome": 0,
    "interestExpense": 0,
    "depreciationAndAmortization": 10000000,
    "ebitda": 71100000,
    "ebitdaratio": 0.1066446678,
    "operatingIncome": 61100000,
    "operatingIncomeRatio": 0.0916454177,
    "totalOtherIncomeExpensesNet": 18300000,
    "incomeBeforeTax": 79400000,
    "incomeBeforeTaxRatio": 0.1190940453,
    "incomeTaxExpense": 42800000,
    "netIncome": 36600000,
    "netIncomeRatio": 0.0548972551,
    "eps": 0.19,
    "epsdiluted": 0.19,
    "weightedAverageShsOut": 192631579,
    "weightedAverageShsOutDil": 192631579,
    "link": "",
    "finalLink": ""
  }
]