[
  {
    "date": "2025-06-30",
    "symbol": "IQV",
    "reportedCurrency": "USD",
    "cik": "0001478242",
    "fillingDate": "2025-07-22",
    "acceptedDate": "2025-07-22 07:06:22",
    "calendarYear": "2025",
    "period": "Q2",
    "revenue": 4017000000,
    "costOfRevenue": 2694000000,
    "grossProfit": 1323000000,
    "grossProfitRatio": 0.3293502614,
    "researchAndDevelopmentExpenses": 0,
    "generalAndAdministrativeExpenses": 0,
    "sellingAndMarketingExpenses": 0,
    "sellingGeneralAndAdministrativeExpenses": 509000000,
    "otherExpenses": 308000000,
    "operatingExpenses": 817000000,
    "costAndExpenses": 3511000000,
    "interestIncome": 10000000,
    "interestExpense": 182000000,
    "depreciationAndAmortization": 276000000,
    "ebitda": 781000000,
    "ebitdaratio": 0.1944236993,
    "operatingIncome": 506000000,
    "operatingIncomeRatio": 0.1259646502,
    "totalOtherIncomeExpensesNet": -183000000,
    "incomeBeforeTax": 323000000,
    "incomeBeforeTaxRatio": 0.0804082649,
    "incomeTaxExpense": 57000000,
    "netIncome": 266000000,
    "netIncomeRatio": 0.0662185711,
    "eps": 1.55,
    "epsdiluted": 1.54,
    "weightedAverageShsOut": 171800000,
    "weightedAverageShsOutDil": 173200000,
    "link": "https://www.sec.gov/Archives/edgar/data/1478242/000147824225000102/0001478242-25-000102-index.htm",
    "finalLink": "https://www.sec.gov/Archives/edgar/data/1478242/000147824225000102/iqv-q2x2025earningspressre.htm"
  },
  {
    "date": "2025-03-31",
    "symbol": "IQV",
    "reportedCurrency": "USD",
    "cik": "0001478242",
    "fillingDate": "2025-05-06",
    "acceptedDate": "2025-05-06 16:40:10",
    "calendarYear": "2025",
    "period": "Q1",
    "revenue": 3829000000,
    "costOfRevenue": 2531000000,
    "grossProfit": 1298000000,
    "grossProfitRatio": 0.3389919039,
    "researchAndDevelopmentExpenses": 0,
    "generalAndAdministrativeExpenses": 0,
    "sellingAndMarketingExpenses": 0,
    "sellingGeneralAndAdministrativeExpenses": 508000000,
    "otherExpenses": 294000000,
    "operatingExpenses": 802000000,
    "costAndExpenses": 3333000000,
    "interestIncome": 11000000,
    "interestExpense": 165000000,
    "depreciationAndAmortization": 265000000,
    "ebitda": 753000000,
    "ebitdaratio": 0.1966570906,
    "operatingIncome": 496000000,
    "operatingIncomeRatio": 0.1295377383,
    "totalOtherIncomeExpensesNet": -173000000,
    "incomeBeforeTax": 323000000,
    "incomeBeforeTaxRatio": 0.0843562288,
    "incomeTaxExpense": 61000000,
    "netIncome": 249000000,
    "netIncomeRatio": 0.065030034,
    "eps": 1.42,
    "epsdiluted": 1.4,
    "weightedAverageShsOut": 175700000,
    "weightedAverageShsOutDil": 177400000,
    "link": "https://www.sec.gov/Archives/edgar/data/1478242/000147824225000087/0001478242-25-000087-index.htm",
    "finalLink": "https://www.sec.gov/Archives/edgar/data/1478242/000147824225000087/iqv-20250331.htm"
  },
  {
    "date": "2024-12-31",
    "symbol": "IQV",
    "reportedCurrency": "USD",
    "cik": "0001478242",
    "fillingDate": "2025-02-13",
    "acceptedDate": "2025-02-13 07:39:45",
    "calendarYear": "2024",
    "period": "Q4",
    "revenue": 3958000000,
    "costOfRevenue": 2580000000,
    "grossProfit": 1378000000,
    "grossProfitRatio": 0.3481556342,
    "researchAndDevelopmentExpenses": 0,
    "generalAndAdministrativeExpenses": 0,
    "sellingAndMarketingExpenses": 0,
    "sellingGeneralAndAdministrativeExpenses": 453000000,
    "otherExpenses": 299000000,
    "operatingExpenses": 752000000,
    "costAndExpenses": 3332000000,
    "interestIncome": 11000000,
    "interestExpense": 171000000,
    "depreciationAndAmortization": 303000000,
    "ebitda": 1018000000,
    "ebitdaratio": 0.2572006064,
    "operatingIncome": 626000000,
    "operatingIncomeRatio": 0.1581606872,
    "totalOtherIncomeExpensesNet": -82000000,
    "incomeBeforeTax": 544000000,
    "incomeBeforeTaxRatio": 0.1374431531,
    "incomeTaxExpense": 112000000,
    "netIncome": 437000000,
    "netIncomeRatio": 0.1104092976,
    "eps": 2.44,
    "epsdiluted": 2.42,
    "weightedAverageShsOut": 178900000,
    "weightedAverageShsOutDil": 180800000,
    "link": "https://www.sec.gov/Archives/edgar/data/1478242/000147824225000045/0001478242-25-000045-index.htm",
    "finalLink": "https://www.sec.gov/Archives/edgar/data/1478242/000147824225000045/iqv-20241231.htm"
  },
  {
    "date": "2024-09-30",
    "symbol": "IQV",
    "reportedCurrency": "USD",
    "cik": "0001478242",
    "fillingDate": "2024-10-31",
    "acceptedDate": "2024-10-31 16:46:54",
    "calendarYear": "2024",
    "period": "Q3",
    "revenue": 3896000000,
    "costOfRevenue": 2518000000,
    "grossProfit": 1378000000,
    "grossProfitRatio": 0.3536960986,
    "researchAndDevelopmentExpenses": 0,
    "generalAndAdministrativeExpenses": 0,
    "sellingAndMarketingExpenses": 0,
    "sellingGeneralAndAdministrativeExpenses": 522000000,
    "otherExpenses": 306000000,
    "operatingExpenses": 828000000,
    "costAndExpenses": 3346000000,
    "interestIncome": 13000000,
    "interestExpense": 170000000,
    "depreciationAndAmortization": 278000000,
    "ebitda": 797000000,
    "ebitdaratio": 0.2045687885,
    "operatingIncome": 550000000,
    "operatingIncomeRatio": 0.1411704312,
    "totalOtherIncomeExpensesNet": -201000000,
    "incomeBeforeTax": 349000000,
    "incomeBeforeTaxRatio": 0.0895790554,
    "incomeTaxExpense": 65000000,
    "netIncome": 285000000,
    "netIncomeRatio": 0.0731519507,
    "eps": 1.57,
    "epsdiluted": 1.55,
    "weightedAverageShsOut": 182100000,
    "weightedAverageShsOutDil": 184200000,
    "link": "https://www.sec.gov/Archives/edgar/data/1478242/000147824224000117/0001478242-24-000117-index.htm",
    "finalLink": "https://www.sec.gov/Archives/edgar/data/1478242/000147824224000117/iqv-20240930.htm"
  },
  {
    "date": "2024-06-30",
    "symbol": "IQV",
    "reportedCurrency": "USD",
    "cik": "0001478242",
    "fillingDate": "2024-07-22",
    "acceptedDate": "2024-07-22 16:26:49",
    "calendarYear": "2024",
    "period": "Q2",
    "revenue": 3814000000,
    "costOfRevenue": 2488000000,
    "grossProfit": 1326000000,
    "grossProfitRatio": 0.3476664919,
    "researchAndDevelopmentExpenses": 0,
    "generalAndAdministrativeExpenses": 0,
    "sellingAndMarketingExpenses": 0,
    "sellingGeneralAndAdministrativeExpenses": 509000000,
    "otherExpenses": 297000000,
    "operatingExpenses": 806000000,
    "costAndExpenses": 3294000000,
    "interestIncome": 12000000,
    "interestExpense": 163000000,
    "depreciationAndAmortization": 269000000,
    "ebitda": 868000000,
    "ebitdaratio": 0.2275825905,
    "operatingIncome": 520000000,
    "operatingIncomeRatio": 0.1363398007,
    "totalOtherIncomeExpensesNet": -84000000,
    "incomeBeforeTax": 436000000,
    "incomeBeforeTaxRatio": 0.1143156791,
    "incomeTaxExpense": 75000000,
    "netIncome": 363000000,
    "netIncomeRatio": 0.0951756686,
    "eps": 1.99,
    "epsdiluted": 1.97,
    "weightedAverageShsOut": 182200000,
    "weightedAverageShsOutDil": 184300000,
    "link": "https://www.sec.gov/Archives/edgar/data/1478242/000147824224000097/0001478242-24-000097-index.htm",
    "finalLink": "https://www.sec.gov/Archives/edgar/data/1478242/000147824224000097/iqv-20240630.htm"
  },
  {
    "date": "2024-03-31",
    "symbol": "IQV",
    "reportedCurrency": "USD",
    "cik": "0001478242",
    "fillingDate": "2024-05-02",
    "acceptedDate": "2024-05-02 16:32:17",
    "calendarYear": "2024",
    "period": "Q1",
    "revenue": 3737000000,
    "costOfRevenue": 2444000000,
    "grossProfit": 1293000000,
    "grossProfitRatio": 0.3459994648,
    "researchAndDevelopmentExpenses": 0,
    "generalAndAdministrativeExpenses": 0,
    "sellingAndMarketingExpenses": 0,
    "sellingGeneralAndAdministrativeExpenses": 508000000,
    "otherExpenses": 279000000,
    "operatingExpenses": 787000000,
    "costAndExpenses": 3231000000,
    "interestIncome": 11000000,
    "interestExpense": 166000000,
    "depreciationAndAmortization": 264000000,
    "ebitda": 770000000,
    "ebitdaratio": 0.2060476318,
    "operatingIncome": 506000000,
    "operatingIncomeRatio": 0.1354027295,
    "totalOtherIncomeExpensesNet": -166000000,
    "incomeBeforeTax": 340000000,
    "incomeBeforeTaxRatio": 0.0909820712,
    "incomeTaxExpense": 49000000,
    "netIncome": 288000000,
    "netIncomeRatio": 0.0770671662,
    "eps": 1.58,
    "epsdiluted": 1.56,
    "weightedAverageShsOut": 181900000,
    "weightedAverageShsOutDil": 184300000,
    "link": "https://www.sec.gov/Archives/edgar/data/1478242/000147824224000068/0001478242-24-000068-index.htm",
    "finalLink": "https://www.sec.gov/Archives/edgar/data/1478242/000147824224000068/iqv-20240331.htm"
  },
  {
    "date": "2023-12-31",
    "symbol": "IQV",
    "reportedCurrency": "USD",
    "cik": "0001478242",
    "fillingDate": "2024-02-15",
    "acceptedDate": "2024-02-15 07:33:24",
    "calendarYear": "2023",
    "period": "Q4",
    "revenue": 3868000000,
    "costOfRevenue": 2478000000,
    "grossProfit": 1390000000,
    "grossProfitRatio": 0.3593588418,
    "researchAndDevelopmentExpenses": 0,
    "generalAndAdministrativeExpenses": 0,
    "sellingAndMarketingExpenses": 0,
    "sellingGeneralAndAdministrativeExpenses": 556000000,
    "otherExpenses": 333000000,
    "operatingExpenses": 889000000,
    "costAndExpenses": 3367000000,
    "interestIncome": 12000000,
    "interestExpense": 181000000,
    "depreciationAndAmortization": 316000000,
    "ebitda": 870000000,
    "ebitdaratio": 0.2249224405,
    "operatingIncome": 501000000,
    "operatingIncomeRatio": 0.129524302,
    "totalOtherIncomeExpensesNet": -128000000,
    "incomeBeforeTax": 373000000,
    "incomeBeforeTaxRatio": 0.0964322647,
    "incomeTaxExpense": -102000000,
    "netIncome": 469000000,
    "netIncomeRatio": 0.1212512927,
    "eps": 2.58,
    "epsdiluted": 2.54,
    "weightedAverageShsOut": 181900000,
    "weightedAverageShsOutDil": 184300000,
    "link": "https://www.sec.gov/Archives/edgar/data/1478242/000147824224000038/0001478242-24-000038-index.htm",
    "finalLink": "https://www.sec.gov/Archives/edgar/data/1478242/000147824224000038/iqv-20231231.htm"
  },
  {
    "date": "2023-09-30",
    "symbol": "IQV",
    "reportedCurrency": "USD",
    "cik": "0001478242",
    "fillingDate": "2023-11-01",
    "acceptedDate": "2023-11-01 16:29:25",
    "calendarYear": "2023",
    "period": "Q3",
    "revenue": 3736000000,
    "costOfRevenue": 2426000000,
    "grossProfit": 1310000000,
    "grossProfitRatio": 0.3506423983,
    "researchAndDevelopmentExpenses": 0,
    "generalAndAdministrativeExpenses": 0,
    "sellingAndMarketingExpenses": 0,
    "sellingGeneralAndAdministrativeExpenses": 502000000,
    "otherExpenses": 327000000,
    "operatingExpenses": 829000000,
    "costAndExpenses": 3255000000,
    "interestIncome": 14000000,
    "interestExpense": 181000000,
    "depreciationAndAmortization": 297000000,
    "ebitda": 827000000,
    "ebitdaratio": 0.221359743,
    "operatingIncome": 481000000,
    "operatingIncomeRatio": 0.1287473233,
    "totalOtherIncomeExpensesNet": -132000000,
    "incomeBeforeTax": 349000000,
    "incomeBeforeTaxRatio": 0.0934154176,
    "incomeTaxExpense": 51000000,
    "netIncome": 303000000,
    "netIncomeRatio": 0.0811027837,
    "eps": 1.66,
    "epsdiluted": 1.63,
    "weightedAverageShsOut": 182900000,
    "weightedAverageShsOutDil": 185500000,
    "link": "https://www.sec.gov/Archives/edgar/data/1478242/000147824223000101/0001478242-23-000101-index.htm",
    "finalLink": "https://www.sec.gov/Archives/edgar/data/1478242/000147824223000101/iqv-20230930.htm"
  },
  {
    "date": "2023-06-30",
    "symbol": "IQV",
    "reportedCurrency": "USD",
    "cik": "0001478242",
    "fillingDate": "2023-08-01",
    "acceptedDate": "2023-08-01 16:22:49",
    "calendarYear": "2023",
    "period": "Q2",
    "revenue": 3728000000,
    "costOfRevenue": 2443000000,
    "grossProfit": 1285000000,
    "grossProfitRatio": 0.3446888412,
    "researchAndDevelopmentExpenses": 0,
    "generalAndAdministrativeExpenses": 0,
    "sellingAndMarketingExpenses": 0,
    "sellingGeneralAndAdministrativeExpenses": 482000000,
    "otherExpenses": 279000000,
    "operatingExpenses": 761000000,
    "costAndExpenses": 3204000000,
    "interestIncome": 4000000,
    "interestExpense": 169000000,
    "depreciationAndAmortization": 259000000,
    "ebitda": 803000000,
    "ebitdaratio": 0.2153969957,
    "operatingIncome": 524000000,
    "operatingIncomeRatio": 0.1405579399,
    "totalOtherIncomeExpensesNet": -149000000,
    "incomeBeforeTax": 375000000,
    "incomeBeforeTaxRatio": 0.1005901288,
    "incomeTaxExpense": 81000000,
    "netIncome": 297000000,
    "netIncomeRatio": 0.079667382,
    "eps": 1.61,
    "epsdiluted": 1.59,
    "weightedAverageShsOut": 184400000,
    "weightedAverageShsOutDil": 186700000,
    "link": "https://www.sec.gov/Archives/edgar/data/1478242/000147824223000086/0001478242-23-000086-index.htm",
    "finalLink": "https://www.sec.gov/Archives/edgar/data/1478242/000147824223000086/iqv-20230630.htm"
  },
  {
    "date": "2023-03-31",
    "symbol": "IQV",
    "reportedCurrency": "USD",
    "cik": "0001478242",
    "fillingDate": "2023-04-28",
    "acceptedDate": "2023-04-28 07:49:59",
    "calendarYear": "2023",
    "period": "Q1",
    "revenue": 3652000000,
    "costOfRevenue": 2398000000,
    "grossProfit": 1254000000,
    "grossProfitRatio": 0.343373494,
    "researchAndDevelopmentExpenses": 0,
    "generalAndAdministrativeExpenses": 0,
    "sellingAndMarketingExpenses": 0,
    "sellingGeneralAndAdministrativeExpenses": 513000000,
    "otherExpenses": 270000000,
    "operatingExpenses": 783000000,
    "costAndExpenses": 3181000000,
    "interestIncome": 6000000,
    "interestExpense": 141000000,
    "depreciationAndAmortization": 253000000,
    "ebitda": 756000000,
    "ebitdaratio": 0.2070098576,
    "operatingIncome": 471000000,
    "operatingIncomeRatio": 0.1289704272,
    "totalOtherIncomeExpensesNet": -109000000,
    "incomeBeforeTax": 362000000,
    "incomeBeforeTaxRatio": 0.0991237678,
    "incomeTaxExpense": 71000000,
    "netIncome": 289000000,
    "netIncomeRatio": 0.0791347207,
    "eps": 1.56,
    "epsdiluted": 1.53,
    "weightedAverageShsOut": 185800000,
    "weightedAverageShsOutDil": 188600000,
    "link": "https://www.sec.gov/Archives/edgar/data/1478242/000147824223000061/0001478242-23-000061-index.htm",
    "finalLink": "https://www.sec.gov/Archives/edgar/data/1478242/000147824223000061/iqv-20230331.htm"
  },
  {
    "date": "2022-12-31",
    "symbol": "IQV",
    "reportedCurrency": "USD",
    "cik": "0001478242",
    "fillingDate": "2023-02-15",
    "acceptedDate": "2023-02-15 16:24:16",
    "calendarYear": "2022",
    "period": "Q4",
    "revenue": 3739000000,
    "costOfRevenue": 2407000000,
    "grossProfit": 1332000000,
    "grossProfitRatio": 0.3562449853,
    "researchAndDevelopmentExpenses": 0,
    "generalAndAdministrativeExpenses": 0,
    "sellingAndMarketingExpenses": 0,
    "sellingGeneralAndAdministrativeExpenses": 583000000,
    "otherExpenses": 370000000,
    "operatingExpenses": 953000000,
    "costAndExpenses": 3360000000,
    "interestIncome": 6000000,
    "interestExpense": 128000000,
    "depreciationAndAmortization": 357000000,
    "ebitda": 760000000,
    "ebitdaratio": 0.2032629045,
    "operatingIncome": 379000000,
    "operatingIncomeRatio": 0.1013640011,
    "totalOtherIncomeExpensesNet": -104000000,
    "incomeBeforeTax": 275000000,
    "incomeBeforeTaxRatio": 0.0735490773,
    "incomeTaxExpense": 48000000,
    "netIncome": 227000000,
    "netIncomeRatio": 0.0607114202,
    "eps": 1.22,
    "epsdiluted": 1.2,
    "weightedAverageShsOut": 185700000,
    "weightedAverageShsOutDil": 188600000,
    "link": "https://www.sec.gov/Archives/edgar/data/1478242/000147824223000044/0001478242-23-000044-index.htm",
    "finalLink": "https://www.sec.gov/Archives/edgar/data/1478242/000147824223000044/iqv-20221231.htm"
  },
  {
    "date": "2022-09-30",
    "symbol": "IQV",
    "reportedCurrency": "USD",
    "cik": "0001478242",
    "fillingDate": "2022-10-27",
    "acceptedDate": "2022-10-27 16:24:14",
    "calendarYear": "2022",
    "period": "Q3",
    "revenue": 3562000000,
    "costOfRevenue": 2321000000,
    "grossProfit": 1241000000,
    "grossProfitRatio": 0.3483997754,
    "researchAndDevelopmentExpenses": 0,
    "generalAndAdministrativeExpenses": 0,
    "sellingAndMarketingExpenses": 0,
    "sellingGeneralAndAdministrativeExpenses": 517000000,
    "otherExpenses": 252000000,
    "operatingExpenses": 769000000,
    "costAndExpenses": 3090000000,
    "interestIncome": 4000000,
    "interestExpense": 108000000,
    "depreciationAndAmortization": 248000000,
    "ebitda": 716000000,
    "ebitdaratio": 0.2010106682,
    "operatingIncome": 472000000,
    "operatingIncomeRatio": 0.1325098259,
    "totalOtherIncomeExpensesNet": -112000000,
    "incomeBeforeTax": 360000000,
    "incomeBeforeTaxRatio": 0.1010668164,
    "incomeTaxExpense": 70000000,
    "netIncome": 283000000,
    "netIncomeRatio": 0.0794497473,
    "eps": 1.52,
    "epsdiluted": 1.49,
    "weightedAverageShsOut": 186500000,
    "weightedAverageShsOutDil": 189400000,
    "link": "https://www.sec.gov/Archives/edgar/data/1478242/000147824222000101/0001478242-22-000101-index.htm",
    "finalLink": "https://www.sec.gov/Archives/edgar/data/1478242/000147824222000101/iqv-20220930.htm"
  },
  {
    "date": "2022-06-30",
    "symbol": "IQV",
    "reportedCurrency": "USD",
    "cik": "0001478242",
    "fillingDate": "2022-07-22",
    "acceptedDate": "2022-07-22 16:22:19",
    "calendarYear": "2022",
    "period": "Q2",
    "revenue": 3541000000,
    "costOfRevenue": 2331000000,
    "grossProfit": 1210000000,
    "grossProfitRatio": 0.341711381,
    "researchAndDevelopmentExpenses": 0,
    "generalAndAdministrativeExpenses": 0,
    "sellingAndMarketingExpenses": 0,
    "sellingGeneralAndAdministrativeExpenses": 483000000,
    "otherExpenses": 274000000,
    "operatingExpenses": 757000000,
    "costAndExpenses": 3088000000,
    "interestIncome": 2000000,
    "interestExpense": 94000000,
    "depreciationAndAmortization": 270000000,
    "ebitda": 692000000,
    "ebitdaratio": 0.1954250212,
    "operatingIncome": 453000000,
    "operatingIncomeRatio": 0.1279299633,
    "totalOtherIncomeExpensesNet": -125000000,
    "incomeBeforeTax": 328000000,
    "incomeBeforeTaxRatio": 0.0926292008,
    "incomeTaxExpense": 71000000,
    "netIncome": 256000000,
    "netIncomeRatio": 0.0722959616,
    "eps": 1.36,
    "epsdiluted": 1.34,
    "weightedAverageShsOut": 188300000,
    "weightedAverageShsOutDil": 191100000,
    "link": "https://www.sec.gov/Archives/edgar/data/1478242/000147824222000084/0001478242-22-000084-index.htm",
    "finalLink": "https://www.sec.gov/Archives/edgar/data/1478242/000147824222000084/iqv-20220630.htm"
  },
  {
    "date": "2022-03-31",
    "symbol": "IQV",
    "reportedCurrency": "USD",
    "cik": "0001478242",
    "fillingDate": "2022-04-28",
    "acceptedDate": "2022-04-28 16:18:59",
    "calendarYear": "2022",
    "period": "Q1",
    "revenue": 3568000000,
    "costOfRevenue": 2323000000,
    "grossProfit": 1245000000,
    "grossProfitRatio": 0.3489349776,
    "researchAndDevelopmentExpenses": 0,
    "generalAndAdministrativeExpenses": 0,
    "sellingAndMarketingExpenses": 0,
    "sellingGeneralAndAdministrativeExpenses": 488000000,
    "otherExpenses": 262000000,
    "operatingExpenses": 750000000,
    "costAndExpenses": 3073000000,
    "interestIncome": 1000000,
    "interestExpense": 86000000,
    "depreciationAndAmortization": 255000000,
    "ebitda": 741000000,
    "ebitdaratio": 0.2076793722,
    "operatingIncome": 495000000,
    "operatingIncomeRatio": 0.1387331839,
    "totalOtherIncomeExpensesNet": -95000000,
    "incomeBeforeTax": 400000000,
    "incomeBeforeTaxRatio": 0.1121076233,
    "incomeTaxExpense": 71000000,
    "netIncome": 325000000,
    "netIncomeRatio": 0.0910874439,
    "eps": 1.71,
    "epsdiluted": 1.68,
    "weightedAverageShsOut": 190000000,
    "weightedAverageShsOutDil": 193400000,
    "link": "https://www.sec.gov/Archives/edgar/data/1478242/000147824222000064/0001478242-22-000064-index.htm",
    "finalLink": "https://www.sec.gov/Archives/edgar/data/1478242/000147824222000064/iqv-20220331.htm"
  },
  {
    "date": "2021-12-31",
    "symbol": "IQV",
    "reportedCurrency": "USD",
    "cik": "0001478242",
    "fillingDate": "2022-02-16",
    "acceptedDate": "2022-02-16 16:22:34",
    "calendarYear": "2021",
    "period": "Q4",
    "revenue": 3636000000,
    "costOfRevenue": 2364000000,
    "grossProfit": 1272000000,
    "grossProfitRatio": 0.3498349835,
    "researchAndDevelopmentExpenses": 0,
    "generalAndAdministrativeExpenses": 0,
    "sellingAndMarketingExpenses": 0,
    "sellingGeneralAndAdministrativeExpenses": 542000000,
    "otherExpenses": 267000000,
    "operatingExpenses": 809000000,
    "costAndExpenses": 3173000000,
    "interestIncome": 2000000,
    "interestExpense": 90000000,
    "depreciationAndAmortization": 262000000,
    "ebitda": 728000000,
    "ebitdaratio": 0.200220022,
    "operatingIncome": 463000000,
    "operatingIncomeRatio": 0.1273377338,
    "totalOtherIncomeExpensesNet": -87000000,
    "incomeBeforeTax": 376000000,
    "incomeBeforeTaxRatio": 0.103410341,
    "incomeTaxExpense": 59000000,
    "netIncome": 318000000,
    "netIncomeRatio": 0.0874587459,
    "eps": 1.67,
    "epsdiluted": 1.63,
    "weightedAverageShsOut": 190800000,
    "weightedAverageShsOutDil": 194800000,
    "link": "https://www.sec.gov/Archives/edgar/data/1478242/000147824222000041/0001478242-22-000041-index.htm",
    "finalLink": "https://www.sec.gov/Archives/edgar/data/1478242/000147824222000041/iqv-20211231.htm"
  },
  {
    "date": "2021-09-30",
    "symbol": "IQV",
    "reportedCurrency": "USD",
    "cik": "0001478242",
    "fillingDate": "2021-10-22",
    "acceptedDate": "2021-10-22 07:55:03",
    "calendarYear": "2021",
    "period": "Q3",
    "revenue": 3391000000,
    "costOfRevenue": 2253000000,
    "grossProfit": 1138000000,
    "grossProfitRatio": 0.33559422,
    "researchAndDevelopmentExpenses": 0,
    "generalAndAdministrativeExpenses": 0,
    "sellingAndMarketingExpenses": 0,
    "sellingGeneralAndAdministrativeExpenses": 498000000,
    "otherExpenses": 338000000,
    "operatingExpenses": 836000000,
    "costAndExpenses": 3089000000,
    "interestIncome": 2000000,
    "interestExpense": 92000000,
    "depreciationAndAmortization": 336000000,
    "ebitda": 701000000,
    "ebitdaratio": 0.2067236803,
    "operatingIncome": 302000000,
    "operatingIncomeRatio": 0.0890592746,
    "totalOtherIncomeExpensesNet": -29000000,
    "incomeBeforeTax": 273000000,
    "incomeBeforeTaxRatio": 0.080507225,
    "incomeTaxExpense": 12000000,
    "netIncome": 261000000,
    "netIncomeRatio": 0.0769684459,
    "eps": 1.36,
    "epsdiluted": 1.34,
    "weightedAverageShsOut": 191500000,
    "weightedAverageShsOutDil": 195300000,
    "link": "https://www.sec.gov/Archives/edgar/data/1478242/000147824221000062/0001478242-21-000062-index.htm",
    "finalLink": "https://www.sec.gov/Archives/edgar/data/1478242/000147824221000062/iqv-20210930.htm"
  },
  {
    "date": "2021-06-30",
    "symbol": "IQV",
    "reportedCurrency": "USD",
    "cik": "0001478242",
    "fillingDate": "2021-07-28",
    "acceptedDate": "2021-07-28 16:14:04",
    "calendarYear": "2021",
    "period": "Q2",
    "revenue": 3438000000,
    "costOfRevenue": 2323000000,
    "grossProfit": 1115000000,
    "grossProfitRatio": 0.3243164631,
    "researchAndDevelopmentExpenses": 0,
    "generalAndAdministrativeExpenses": 0,
    "sellingAndMarketingExpenses": 0,
    "sellingGeneralAndAdministrativeExpenses": 482000000,
    "otherExpenses": 347000000,
    "operatingExpenses": 829000000,
    "costAndExpenses": 3152000000,
    "interestIncome": 1000000,
    "interestExpense": 94000000,
    "depreciationAndAmortization": 343000000,
    "ebitda": 659000000,
    "ebitdaratio": 0.19168121,
    "operatingIncome": 286000000,
    "operatingIncomeRatio": 0.0831878999,
    "totalOtherIncomeExpensesNet": -64000000,
    "incomeBeforeTax": 222000000,
    "incomeBeforeTaxRatio": 0.0645724258,
    "incomeTaxExpense": 48000000,
    "netIncome": 175000000,
    "netIncomeRatio": 0.050901687,
    "eps": 0.91,
    "epsdiluted": 0.9,
    "weightedAverageShsOut": 191600000,
    "weightedAverageShsOutDil": 194900000,
    "link": "https://www.sec.gov/Archives/edgar/data/1478242/000147824221000050/0001478242-21-000050-index.htm",
    "finalLink": "https://www.sec.gov/Archives/edgar/data/1478242/000147824221000050/iqv-20210630.htm"
  },
  {
    "date": "2021-03-31",
    "symbol": "IQV",
    "reportedCurrency": "USD",
    "cik": "0001478242",
    "fillingDate": "2021-04-23",
    "acceptedDate": "2021-04-23 16:12:31",
    "calendarYear": "2021",
    "period": "Q1",
    "revenue": 3409000000,
    "costOfRevenue": 2293000000,
    "grossProfit": 1116000000,
    "grossProfitRatio": 0.3273687298,
    "researchAndDevelopmentExpenses": 0,
    "generalAndAdministrativeExpenses": 0,
    "sellingAndMarketingExpenses": 0,
    "sellingGeneralAndAdministrativeExpenses": 442000000,
    "otherExpenses": 332000000,
    "operatingExpenses": 774000000,
    "costAndExpenses": 3067000000,
    "interestIncome": 1000000,
    "interestExpense": 99000000,
    "depreciationAndAmortization": 323000000,
    "ebitda": 679000000,
    "ebitdaratio": 0.1991786448,
    "operatingIncome": 342000000,
    "operatingIncomeRatio": 0.1003226753,
    "totalOtherIncomeExpensesNet": -85000000,
    "incomeBeforeTax": 257000000,
    "incomeBeforeTaxRatio": 0.075388677,
    "incomeTaxExpense": 44000000,
    "netIncome": 212000000,
    "netIncomeRatio": 0.062188325,
    "eps": 1.11,
    "epsdiluted": 1.09,
    "weightedAverageShsOut": 191500000,
    "weightedAverageShsOutDil": 194900000,
    "link": "https://www.sec.gov/Archives/edgar/data/1478242/000147824221000043/0001478242-21-000043-index.htm",
    "finalLink": "https://www.sec.gov/Archives/edgar/data/1478242/000147824221000043/iqv-20210331.htm"
  },
  {
    "date": "2020-12-31",
    "symbol": "IQV",
    "reportedCurrency": "USD",
    "cik": "0001478242",
    "fillingDate": "2021-02-12",
    "acceptedDate": "2021-02-12 16:16:25",
    "calendarYear": "2020",
    "period": "Q4",
    "revenue": 3298000000,
    "costOfRevenue": 2172000000,
    "grossProfit": 1126000000,
    "grossProfitRatio": 0.3414190418,
    "researchAndDevelopmentExpenses": 0,
    "generalAndAdministrativeExpenses": 407000000,
    "sellingAndMarketingExpenses": 84000000,
    "sellingGeneralAndAdministrativeExpenses": 491000000,
    "otherExpenses": 346000000,
    "operatingExpenses": 837000000,
    "costAndExpenses": 3009000000,
    "interestIncome": 2000000,
    "interestExpense": 102000000,
    "depreciationAndAmortization": 344000000,
    "ebitda": 640000000,
    "ebitdaratio": 0.1940570042,
    "operatingIncome": 289000000,
    "operatingIncomeRatio": 0.087628866,
    "totalOtherIncomeExpensesNet": -95000000,
    "incomeBeforeTax": 194000000,
    "incomeBeforeTaxRatio": 0.0588235294,
    "incomeTaxExpense": 63000000,
    "netIncome": 119000000,
    "netIncomeRatio": 0.0360824742,
    "eps": 0.62,
    "epsdiluted": 0.62,
    "weightedAverageShsOut": 191300000,
    "weightedAverageShsOutDil": 191300000,
    "link": "https://www.sec.gov/Archives/edgar/data/1478242/000147824221000020/0001478242-21-000020-index.htm",
    "finalLink": "https://www.sec.gov/Archives/edgar/data/1478242/000147824221000020/iqv-20201231.htm"
  },
  {
    "date": "2020-09-30",
    "symbol": "IQV",
    "reportedCurrency": "USD",
    "cik": "0001478242",
    "fillingDate": "2020-10-22",
    "acceptedDate": "2020-10-22 16:05:44",
    "calendarYear": "2020",
    "period": "Q3",
    "revenue": 2786000000,
    "costOfRevenue": 1800000000,
    "grossProfit": 986000000,
    "grossProfitRatio": 0.3539124192,
    "researchAndDevelopmentExpenses": 0,
    "generalAndAdministrativeExpenses": 0,
    "sellingAndMarketingExpenses": 0,
    "sellingGeneralAndAdministrativeExpenses": 460000000,
    "otherExpenses": 339000000,
    "operatingExpenses": 799000000,
    "costAndExpenses": 2599000000,
    "interestIncome": 1000000,
    "interestExpense": 100000000,
    "depreciationAndAmortization": 319000000,
    "ebitda": 521000000,
    "ebitdaratio": 0.1870064609,
    "operatingIncome": 187000000,
    "operatingIncomeRatio": 0.0671213209,
    "totalOtherIncomeExpensesNet": -85000000,
    "incomeBeforeTax": 102000000,
    "incomeBeforeTaxRatio": 0.0366116296,
    "incomeTaxExpense": -3000000,
    "netIncome": 101000000,
    "netIncomeRatio": 0.036252692,
    "eps": 0.53,
    "epsdiluted": 0.52,
    "weightedAverageShsOut": 191300000,
    "weightedAverageShsOutDil": 194900000,
    "link": "https://www.sec.gov/Archives/edgar/data/1478242/000147824220000075/0001478242-20-000075-index.htm",
    "finalLink": "https://www.sec.gov/Archives/edgar/data/1478242/000147824220000075/iqv-20200930.htm"
  },
  {
    "date": "2020-06-30",
    "symbol": "IQV",
    "reportedCurrency": "USD",
    "cik": "0001478242",
    "fillingDate": "2020-07-23",
    "acceptedDate": "2020-07-23 16:07:53",
    "calendarYear": "2020",
    "period": "Q2",
    "revenue": 2521000000,
    "costOfRevenue": 1704000000,
    "grossProfit": 817000000,
    "grossProfitRatio": 0.3240777469,
    "researchAndDevelopmentExpenses": 0,
    "generalAndAdministrativeExpenses": 0,
    "sellingAndMarketingExpenses": 0,
    "sellingGeneralAndAdministrativeExpenses": 431000000,
    "otherExpenses": 324000000,
    "operatingExpenses": 755000000,
    "costAndExpenses": 2459000000,
    "interestIncome": 1000000,
    "interestExpense": 108000000,
    "depreciationAndAmortization": 308000000,
    "ebitda": 391000000,
    "ebitdaratio": 0.1550971837,
    "operatingIncome": 62000000,
    "operatingIncomeRatio": 0.0245934153,
    "totalOtherIncomeExpensesNet": -87000000,
    "incomeBeforeTax": -25000000,
    "incomeBeforeTaxRatio": -0.0099166997,
    "incomeTaxExpense": -5000000,
    "netIncome": -23000000,
    "netIncomeRatio": -0.0091233637,
    "eps": -0.12,
    "epsdiluted": -0.12,
    "weightedAverageShsOut": 190900000,
    "weightedAverageShsOutDil": 190900000,
    "link": "https://www.sec.gov/Archives/edgar/data/1478242/000147824220000047/0001478242-20-000047-index.htm",
    "finalLink": "https://www.sec.gov/Archives/edgar/data/1478242/000147824220000047/iqv-20200630.htm"
  },
  {
    "date": "2020-03-31",
    "symbol": "IQV",
    "reportedCurrency": "USD",
    "cik": "0001478242",
    "fillingDate": "2020-04-30",
    "acceptedDate": "2020-04-30 16:29:45",
    "calendarYear": "2020",
    "period": "Q1",
    "revenue": 2754000000,
    "costOfRevenue": 1824000000,
    "grossProfit": 930000000,
    "grossProfitRatio": 0.3376906318,
    "researchAndDevelopmentExpenses": 0,
    "generalAndAdministrativeExpenses": 407000000,
    "sellingAndMarketingExpenses": 0,
    "sellingGeneralAndAdministrativeExpenses": 407000000,
    "otherExpenses": 330000000,
    "operatingExpenses": 737000000,
    "costAndExpenses": 2561000000,
    "interestIncome": 2000000,
    "interestExpense": 106000000,
    "depreciationAndAmortization": 316000000,
    "ebitda": 524000000,
    "ebitdaratio": 0.1902687001,
    "operatingIncome": 193000000,
    "operatingIncomeRatio": 0.0700798838,
    "totalOtherIncomeExpensesNet": -91000000,
    "incomeBeforeTax": 102000000,
    "incomeBeforeTaxRatio": 0.037037037,
    "incomeTaxExpense": 17000000,
    "netIncome": 82000000,
    "netIncomeRatio": 0.0297748729,
    "eps": 0.43,
    "epsdiluted": 0.42,
    "weightedAverageShsOut": 191600000,
    "weightedAverageShsOutDil": 195700000,
    "link": "https://www.sec.gov/Archives/edgar/data/1478242/000147824220000029/0001478242-20-000029-index.htm",
    "finalLink": "https://www.sec.gov/Archives/edgar/data/1478242/000147824220000029/iqv-20200331.htm"
  },
  {
    "date": "2019-12-31",
    "symbol": "IQV",
    "reportedCurrency": "USD",
    "cik": "0001478242",
    "fillingDate": "2020-02-18",
    "acceptedDate": "2020-02-18 07:33:23",
    "calendarYear": "2019",
    "period": "Q4",
    "revenue": 2895000000,
    "costOfRevenue": 1901000000,
    "grossProfit": 994000000,
    "grossProfitRatio": 0.3433506045,
    "researchAndDevelopmentExpenses": 0,
    "generalAndAdministrativeExpenses": 484000000,
    "sellingAndMarketingExpenses": 0,
    "sellingGeneralAndAdministrativeExpenses": 484000000,
    "otherExpenses": 344000000,
    "operatingExpenses": 828000000,
    "costAndExpenses": 2729000000,
    "interestIncome": 2000000,
    "interestExpense": 109000000,
    "depreciationAndAmortization": 314000000,
    "ebitda": 519000000,
    "ebitdaratio": 0.1792746114,
    "operatingIncome": 166000000,
    "operatingIncomeRatio": 0.0573402418,
    "totalOtherIncomeExpensesNet": -70000000,
    "incomeBeforeTax": 96000000,
    "incomeBeforeTaxRatio": 0.0331606218,
    "incomeTaxExpense": 68000000,
    "netIncome": 16000000,
    "netIncomeRatio": 0.0055267703,
    "eps": 0.09,
    "epsdiluted": 0.09,
    "weightedAverageShsOut": 192600000,
    "weightedAverageShsOutDil": 197100000,
    "link": "https://www.sec.gov/Archives/edgar/data/1478242/000156459020004901/0001564590-20-004901-index.htm",
    "finalLink": "https://www.sec.gov/Archives/edgar/data/1478242/000156459020004901/iqv-10k_20191231.htm"
  },
  {
    "date": "2019-09-30",
    "symbol": "IQV",
    "reportedCurrency": "USD",
    "cik": "0001478242",
    "fillingDate": "2019-11-01",
    "acceptedDate": "2019-11-01 07:26:08",
    "calendarYear": "2019",
    "period": "Q3",
    "revenue": 2769000000,
    "costOfRevenue": 1852000000,
    "grossProfit": 917000000,
    "grossProfitRatio": 0.3311664861,
    "researchAndDevelopmentExpenses": 0,
    "generalAndAdministrativeExpenses": 395000000,
    "sellingAndMarketingExpenses": 0,
    "sellingGeneralAndAdministrativeExpenses": 395000000,
    "otherExpenses": 318000000,
    "operatingExpenses": 713000000,
    "costAndExpenses": 2565000000,
    "interestIncome": 3000000,
    "interestExpense": 114000000,
    "depreciationAndAmortization": 299000000,
    "ebitda": 482000000,
    "ebitdaratio": 0.1740700614,
    "operatingIncome": 204000000,
    "operatingIncomeRatio": 0.0736728061,
    "totalOtherIncomeExpensesNet": -135000000,
    "incomeBeforeTax": 69000000,
    "incomeBeforeTaxRatio": 0.0249187432,
    "incomeTaxExpense": -1000000,
    "netIncome": 57000000,
    "netIncomeRatio": 0.0205850488,
    "eps": 0.29,
    "epsdiluted": 0.29,
    "weightedAverageShsOut": 194500000,
    "weightedAverageShsOutDil": 199000000,
    "link": "https://www.sec.gov/Archives/edgar/data/1478242/000156459019039268/0001564590-19-039268-index.htm",
    "finalLink": "https://www.sec.gov/Archives/edgar/data/1478242/000156459019039268/iqv-10q_20190930.htm"
  },
  {
    "date": "2019-06-30",
    "symbol": "IQV",
    "reportedCurrency": "USD",
    "cik": "0001478242",
    "fillingDate": "2019-07-24",
    "acceptedDate": "2019-07-24 17:23:44",
    "calendarYear": "2019",
    "period": "Q2",
    "revenue": 2740000000,
    "costOfRevenue": 1799000000,
    "grossProfit": 941000000,
    "grossProfitRatio": 0.3434306569,
    "researchAndDevelopmentExpenses": 0,
    "generalAndAdministrativeExpenses": 436000000,
    "sellingAndMarketingExpenses": 0,
    "sellingGeneralAndAdministrativeExpenses": 436000000,
    "otherExpenses": 308000000,
    "operatingExpenses": 744000000,
    "costAndExpenses": 2543000000,
    "interestIncome": 2000000,
    "interestExpense": 114000000,
    "depreciationAndAmortization": 294000000,
    "ebitda": 486000000,
    "ebitdaratio": 0.1773722628,
    "operatingIncome": 197000000,
    "operatingIncomeRatio": 0.0718978102,
    "totalOtherIncomeExpensesNet": -119000000,
    "incomeBeforeTax": 78000000,
    "incomeBeforeTaxRatio": 0.0284671533,
    "incomeTaxExpense": 8000000,
    "netIncome": 60000000,
    "netIncomeRatio": 0.0218978102,
    "eps": 0.31,
    "epsdiluted": 0.3,
    "weightedAverageShsOut": 196200000,
    "weightedAverageShsOutDil": 200600000,
    "link": "https://www.sec.gov/Archives/edgar/data/1478242/000156459019025864/0001564590-19-025864-index.htm",
    "finalLink": "https://www.sec.gov/Archives/edgar/data/1478242/000156459019025864/iqv-10q_20190630.htm"
  },
  {
    "date": "2019-03-31",
    "symbol": "IQV",
    "reportedCurrency": "USD",
    "cik": "0001478242",
    "fillingDate": "2019-05-02",
    "acceptedDate": "2019-05-02 16:29:39",
    "calendarYear": "2019",
    "period": "Q1",
    "revenue": 2684000000,
    "costOfRevenue": 1748000000,
    "grossProfit": 936000000,
    "grossProfitRatio": 0.348733234,
    "researchAndDevelopmentExpenses": 0,
    "generalAndAdministrativeExpenses": 419000000,
    "sellingAndMarketingExpenses": 0,
    "sellingGeneralAndAdministrativeExpenses": 419000000,
    "otherExpenses": 307000000,
    "operatingExpenses": 726000000,
    "costAndExpenses": 2474000000,
    "interestIncome": 2000000,
    "interestExpense": 110000000,
    "depreciationAndAmortization": 295000000,
    "ebitda": 514000000,
    "ebitdaratio": 0.1915052161,
    "operatingIncome": 210000000,
    "operatingIncomeRatio": 0.0782414307,
    "totalOtherIncomeExpensesNet": -101000000,
    "incomeBeforeTax": 109000000,
    "incomeBeforeTaxRatio": 0.0406110283,
    "incomeTaxExpense": 41000000,
    "netIncome": 58000000,
    "netIncomeRatio": 0.021609538,
    "eps": 0.29,
    "epsdiluted": 0.29,
    "weightedAverageShsOut": 197000000,
    "weightedAverageShsOutDil": 201700000,
    "link": "https://www.sec.gov/Archives/edgar/data/1478242/000156459019015363/0001564590-19-015363-index.htm",
    "finalLink": "https://www.sec.gov/Archives/edgar/data/1478242/000156459019015363/iqv-10q_20190331.htm"
  },
  {
    "date": "2018-12-31",
    "symbol": "IQV",
    "reportedCurrency": "USD",
    "cik": "0001478242",
    "fillingDate": "2019-02-19",
    "acceptedDate": "2019-02-19 07:08:47",
    "calendarYear": "2018",
    "period": "Q4",
    "revenue": 2688000000,
    "costOfRevenue": 1742000000,
    "grossProfit": 946000000,
    "grossProfitRatio": 0.3519345238,
    "researchAndDevelopmentExpenses": 0,
    "generalAndAdministrativeExpenses": 443000000,
    "sellingAndMarketingExpenses": 0,
    "sellingGeneralAndAdministrativeExpenses": 443000000,
    "otherExpenses": 296000000,
    "operatingExpenses": 739000000,
    "costAndExpenses": 2481000000,
    "interestIncome": 3000000,
    "interestExpense": 106000000,
    "depreciationAndAmortization": 294000000,
    "ebitda": 504000000,
    "ebitdaratio": 0.1875,
    "operatingIncome": 207000000,
    "operatingIncomeRatio": 0.0770089286,
    "totalOtherIncomeExpensesNet": -103000000,
    "incomeBeforeTax": 104000000,
    "incomeBeforeTaxRatio": 0.0386904762,
    "incomeTaxExpense": 30000000,
    "netIncome": 69000000,
    "netIncomeRatio": 0.0256696429,
    "eps": 0.34,
    "epsdiluted": 0.34,
    "weightedAverageShsOut": 199500000,
    "weightedAverageShsOutDil": 204100000,
    "link": "https://www.sec.gov/Archives/edgar/data/1478242/000156459019003180/0001564590-19-003180-index.htm",
    "finalLink": "https://www.sec.gov/Archives/edgar/data/1478242/000156459019003180/iqv-10k_20181231.htm"
  },
  {
    "date": "2018-09-30",
    "symbol": "IQV",
    "reportedCurrency": "USD",
    "cik": "0001478242",
    "fillingDate": "2018-10-25",
    "acceptedDate": "2018-10-25 16:11:35",
    "calendarYear": "2018",
    "period": "Q3",
    "revenue": 2594000000,
    "costOfRevenue": 1678000000,
    "grossProfit": 916000000,
    "grossProfitRatio": 0.3531225906,
    "researchAndDevelopmentExpenses": 0,
    "generalAndAdministrativeExpenses": 429000000,
    "sellingAndMarketingExpenses": 0,
    "sellingGeneralAndAdministrativeExpenses": 429000000,
    "otherExpenses": 306000000,
    "operatingExpenses": 735000000,
    "costAndExpenses": 2413000000,
    "interestIncome": 2000000,
    "interestExpense": 105000000,
    "depreciationAndAmortization": 283000000,
    "ebitda": 439000000,
    "ebitdaratio": 0.1692367001,
    "operatingIncome": 181000000,
    "operatingIncomeRatio": 0.0697764071,
    "totalOtherIncomeExpensesNet": -130000000,
    "incomeBeforeTax": 51000000,
    "incomeBeforeTaxRatio": 0.0196607556,
    "incomeTaxExpense": -14000000,
    "netIncome": 60000000,
    "netIncomeRatio": 0.0231303007,
    "eps": 0.3,
    "epsdiluted": 0.29,
    "weightedAverageShsOut": 202300000,
    "weightedAverageShsOutDil": 206800000,
    "link": "https://www.sec.gov/Archives/edgar/data/1478242/000156459018025117/0001564590-18-025117-index.htm",
    "finalLink": "https://www.sec.gov/Archives/edgar/data/1478242/000156459018025117/iqv-10q_20180930.htm"
  },
  {
    "date": "2018-06-30",
    "symbol": "IQV",
    "reportedCurrency": "USD",
    "cik": "0001478242",
    "fillingDate": "2018-07-27",
    "acceptedDate": "2018-07-27 06:14:47",
    "calendarYear": "2018",
    "period": "Q2",
    "revenue": 2567000000,
    "costOfRevenue": 1674000000,
    "grossProfit": 893000000,
    "grossProfitRatio": 0.3478768991,
    "researchAndDevelopmentExpenses": 0,
    "generalAndAdministrativeExpenses": 424000000,
    "sellingAndMarketingExpenses": 0,
    "sellingGeneralAndAdministrativeExpenses": 424000000,
    "otherExpenses": 299000000,
    "operatingExpenses": 723000000,
    "costAndExpenses": 2397000000,
    "interestIncome": 1000000,
    "interestExpense": 107000000,
    "depreciationAndAmortization": 282000000,
    "ebitda": 477000000,
    "ebitdaratio": 0.1858200234,
    "operatingIncome": 170000000,
    "operatingIncomeRatio": 0.0662251656,
    "totalOtherIncomeExpensesNet": -82000000,
    "incomeBeforeTax": 88000000,
    "incomeBeforeTaxRatio": 0.0342812622,
    "incomeTaxExpense": 24000000,
    "netIncome": 61000000,
    "netIncomeRatio": 0.0237631476,
    "eps": 0.3,
    "epsdiluted": 0.29,
    "weightedAverageShsOut": 205700000,
    "weightedAverageShsOutDil": 209900000,
    "link": "https://www.sec.gov/Archives/edgar/data/1478242/000156459018017673/0001564590-18-017673-index.htm",
    "finalLink": "https://www.sec.gov/Archives/edgar/data/1478242/000156459018017673/iqv-10q_20180630.htm"
  },
  {
    "date": "2018-03-31",
    "symbol": "IQV",
    "reportedCurrency": "USD",
    "cik": "0001478242",
    "fillingDate": "2018-05-04",
    "acceptedDate": "2018-05-04 07:33:02",
    "calendarYear": "2018",
    "period": "Q1",
    "revenue": 2563000000,
    "costOfRevenue": 1652000000,
    "grossProfit": 911000000,
    "grossProfitRatio": 0.3554428404,
    "researchAndDevelopmentExpenses": 0,
    "generalAndAdministrativeExpenses": 420000000,
    "sellingAndMarketingExpenses": 0,
    "sellingGeneralAndAdministrativeExpenses": 420000000,
    "otherExpenses": 308000000,
    "operatingExpenses": 728000000,
    "costAndExpenses": 2380000000,
    "interestIncome": 2000000,
    "interestExpense": 96000000,
    "depreciationAndAmortization": 282000000,
    "ebitda": 463000000,
    "ebitdaratio": 0.1806476785,
    "operatingIncome": 183000000,
    "operatingIncomeRatio": 0.0714007023,
    "totalOtherIncomeExpensesNet": -98000000,
    "incomeBeforeTax": 85000000,
    "incomeBeforeTaxRatio": 0.0331642606,
    "incomeTaxExpense": 19000000,
    "netIncome": 69000000,
    "netIncomeRatio": 0.0269215763,
    "eps": 0.33,
    "epsdiluted": 0.32,
    "weightedAverageShsOut": 207500000,
    "weightedAverageShsOutDil": 212000000,
    "link": "https://www.sec.gov/Archives/edgar/data/1478242/000156459018010835/0001564590-18-010835-index.htm",
    "finalLink": "https://www.sec.gov/Archives/edgar/data/1478242/000156459018010835/iqv-10q_20180331.htm"
  },
  {
    "date": "2017-12-31",
    "symbol": "IQV",
    "reportedCurrency": "USD",
    "cik": "0001478242",
    "fillingDate": "2018-02-16",
    "acceptedDate": "2018-02-16 16:41:29",
    "calendarYear": "2017",
    "period": "Q4",
    "revenue": 2577000000,
    "costOfRevenue": 1607000000,
    "grossProfit": 970000000,
    "grossProfitRatio": 0.3764066744,
    "researchAndDevelopmentExpenses": 0,
    "generalAndAdministrativeExpenses": 464000000,
    "sellingAndMarketingExpenses": 0,
    "sellingGeneralAndAdministrativeExpenses": 464000000,
    "otherExpenses": 303000000,
    "operatingExpenses": 767000000,
    "costAndExpenses": 2374000000,
    "interestIncome": 2000000,
    "interestExpense": 97000000,
    "depreciationAndAmortization": 278000000,
    "ebitda": 464000000,
    "ebitdaratio": 0.1800543267,
    "operatingIncome": 203000000,
    "operatingIncomeRatio": 0.0787737679,
    "totalOtherIncomeExpensesNet": -114000000,
    "incomeBeforeTax": 89000000,
    "incomeBeforeTaxRatio": 0.0345362825,
    "incomeTaxExpense": -992000000,
    "netIncome": 1076000000,
    "netIncomeRatio": 0.4175397749,
    "eps": 5.14,
    "epsdiluted": 5.02,
    "weightedAverageShsOut": 209300000,
    "weightedAverageShsOutDil": 214200000,
    "link": "https://www.sec.gov/Archives/edgar/data/1478242/000156459018002340/0001564590-18-002340-index.htm",
    "finalLink": "https://www.sec.gov/Archives/edgar/data/1478242/000156459018002340/iqv-10k_20171231.htm"
  },
  {
    "date": "2017-09-30",
    "symbol": "IQV",
    "reportedCurrency": "USD",
    "cik": "0001478242",
    "fillingDate": "2017-10-27",
    "acceptedDate": "2017-10-27 16:12:04",
    "calendarYear": "2017",
    "period": "Q3",
    "revenue": 2466000000,
    "costOfRevenue": 1611000000,
    "grossProfit": 855000000,
    "grossProfitRatio": 0.3467153285,
    "researchAndDevelopmentExpenses": 0,
    "generalAndAdministrativeExpenses": 391000000,
    "sellingAndMarketingExpenses": 0,
    "sellingGeneralAndAdministrativeExpenses": 391000000,
    "otherExpenses": 266000000,
    "operatingExpenses": 660000000,
    "costAndExpenses": 2271000000,
    "interestIncome": 2000000,
    "interestExpense": 93000000,
    "depreciationAndAmortization": 256000000,
    "ebitda": 435000000,
    "ebitdaratio": 0.1763990268,
    "operatingIncome": 197000000,
    "operatingIncomeRatio": 0.0798864558,
    "totalOtherIncomeExpensesNet": -109000000,
    "incomeBeforeTax": 86000000,
    "incomeBeforeTaxRatio": 0.0348742903,
    "incomeTaxExpense": 1000000,
    "netIncome": 88000000,
    "netIncomeRatio": 0.0356853204,
    "eps": 0.39,
    "epsdiluted": 0.38,
    "weightedAverageShsOut": 214300000,
    "weightedAverageShsOutDil": 219000000,
    "link": "https://www.sec.gov/Archives/edgar/data/1478242/000156459017020289/0001564590-17-020289-index.htm",
    "finalLink": "https://www.sec.gov/Archives/edgar/data/1478242/000156459017020289/q-10q_20170930.htm"
  },
  {
    "date": "2017-06-30",
    "symbol": "IQV",
    "reportedCurrency": "USD",
    "cik": "0001478242",
    "fillingDate": "2017-08-04",
    "acceptedDate": "2017-08-04 16:02:38",
    "calendarYear": "2017",
    "period": "Q2",
    "revenue": 2355000000,
    "costOfRevenue": 1557000000,
    "grossProfit": 798000000,
    "grossProfitRatio": 0.3388535032,
    "researchAndDevelopmentExpenses": 0,
    "generalAndAdministrativeExpenses": 370000000,
    "sellingAndMarketingExpenses": 0,
    "sellingGeneralAndAdministrativeExpenses": 370000000,
    "otherExpenses": 294000000,
    "operatingExpenses": 672000000,
    "costAndExpenses": 2229000000,
    "interestIncome": 1000000,
    "interestExpense": 81000000,
    "depreciationAndAmortization": 245000000,
    "ebitda": 374000000,
    "ebitdaratio": 0.1588110403,
    "operatingIncome": 151000000,
    "operatingIncomeRatio": 0.064118896,
    "totalOtherIncomeExpensesNet": -78000000,
    "incomeBeforeTax": 48000000,
    "incomeBeforeTaxRatio": 0.0203821656,
    "incomeTaxExpense": -7000000,
    "netIncome": 62000000,
    "netIncomeRatio": 0.0263269639,
    "eps": 0.35,
    "epsdiluted": 0.34,
    "weightedAverageShsOut": 217600000,
    "weightedAverageShsOutDil": 222300000,
    "link": "https://www.sec.gov/Archives/edgar/data/1478242/000156459017015653/0001564590-17-015653-index.htm",
    "finalLink": "https://www.sec.gov/Archives/edgar/data/1478242/000156459017015653/q-10q_20170630.htm"
  },
  {
    "date": "2017-03-31",
    "symbol": "IQV",
    "reportedCurrency": "USD",
    "cik": "0001478242",
    "fillingDate": "2017-05-08",
    "acceptedDate": "2017-05-08 17:31:28",
    "calendarYear": "2017",
    "period": "Q1",
    "revenue": 2360000000,
    "costOfRevenue": 1526000000,
    "grossProfit": 834000000,
    "grossProfitRatio": 0.3533898305,
    "researchAndDevelopmentExpenses": 0,
    "generalAndAdministrativeExpenses": 380000000,
    "sellingAndMarketingExpenses": 0,
    "sellingGeneralAndAdministrativeExpenses": 380000000,
    "otherExpenses": 251000000,
    "operatingExpenses": 632000000,
    "costAndExpenses": 2158000000,
    "interestIncome": 2000000,
    "interestExpense": 75000000,
    "depreciationAndAmortization": 232000000,
    "ebitda": 434000000,
    "ebitdaratio": 0.1838983051,
    "operatingIncome": 168000000,
    "operatingIncomeRatio": 0.0711864407,
    "totalOtherIncomeExpensesNet": -75000000,
    "incomeBeforeTax": 127000000,
    "incomeBeforeTaxRatio": 0.0538135593,
    "incomeTaxExpense": 12000000,
    "netIncome": 74000000,
    "netIncomeRatio": 0.0313559322,
    "eps": 0.32,
    "epsdiluted": 0.32,
    "weightedAverageShsOut": 230100000,
    "weightedAverageShsOutDil": 234900000,
    "link": "https://www.sec.gov/Archives/edgar/data/1478242/000156459017009467/0001564590-17-009467-index.htm",
    "finalLink": "https://www.sec.gov/Archives/edgar/data/1478242/000156459017009467/q-10q_20170331.htm"
  },
  {
    "date": "2016-12-31",
    "symbol": "IQV",
    "reportedCurrency": "USD",
    "cik": "0001478242",
    "fillingDate": "2017-02-16",
    "acceptedDate": "2017-02-16 16:17:46",
    "calendarYear": "2016",
    "period": "Q4",
    "revenue": 2338069000,
    "costOfRevenue": 1476582000,
    "grossProfit": 861487000,
    "grossProfitRatio": 0.3684608966,
    "researchAndDevelopmentExpenses": 0,
    "generalAndAdministrativeExpenses": 310213000,
    "sellingAndMarketingExpenses": 79787000,
    "sellingGeneralAndAdministrativeExpenses": 390000000,
    "otherExpenses": 406583000,
    "operatingExpenses": 716796000,
    "costAndExpenses": 2193378000,
    "interestIncome": 1830000,
    "interestExpense": 71053000,
    "depreciationAndAmortization": 190632000,
    "ebitda": 317523000,
    "ebitdaratio": 0.1358056584,
    "operatingIncome": 144000000,
    "operatingIncomeRatio": 0.0615892859,
    "totalOtherIncomeExpensesNet": -88853000,
    "incomeBeforeTax": 55838000,
    "incomeBeforeTaxRatio": 0.023882101,
    "incomeTaxExpense": 227000000,
    "netIncome": -178000000,
    "netIncomeRatio": -0.0761312006,
    "eps": -0.75,
    "epsdiluted": -0.75,
    "weightedAverageShsOut": 238800000,
    "weightedAverageShsOutDil": 238800000,
    "link": "https://www.sec.gov/Archives/edgar/data/1478242/000119312517046709/0001193125-17-046709-index.htm",
    "finalLink": "https://www.sec.gov/Archives/edgar/data/1478242/000119312517046709/d321341d10k.htm"
  },
  {
    "date": "2016-09-30",
    "symbol": "IQV",
    "reportedCurrency": "USD",
    "cik": "0001478242",
    "fillingDate": "2016-11-03",
    "acceptedDate": "2016-11-03 06:05:12",
    "calendarYear": "2016",
    "period": "Q3",
    "revenue": 1497000000,
    "costOfRevenue": 1056000000,
    "grossProfit": 441000000,
    "grossProfitRatio": 0.2945891784,
    "researchAndDevelopmentExpenses": 0,
    "generalAndAdministrativeExpenses": 233645000,
    "sellingAndMarketingExpenses": 0,
    "sellingGeneralAndAdministrativeExpenses": 233645000,
    "otherExpenses": 66000000,
    "operatingExpenses": 273000000,
    "costAndExpenses": 1329000000,
    "interestIncome": 706000,
    "interestExpense": 24505000,
    "depreciationAndAmortization": 34603000,
    "ebitda": 202000000,
    "ebitdaratio": 0.1349365397,
    "operatingIncome": 167770000,
    "operatingIncomeRatio": 0.1120708083,
    "totalOtherIncomeExpensesNet": -25000000,
    "incomeBeforeTax": 143000000,
    "incomeBeforeTaxRatio": 0.0955243821,
    "incomeTaxExpense": 38525000,
    "netIncome": 100000000,
    "netIncomeRatio": 0.0668002672,
    "eps": 0.83,
    "epsdiluted": 0.82,
    "weightedAverageShsOut": 118919000,
    "weightedAverageShsOutDil": 121156000,
    "link": "https://www.sec.gov/Archives/edgar/data/1478242/000156459016027145/0001564590-16-027145-index.htm",
    "finalLink": "https://www.sec.gov/Archives/edgar/data/1478242/000156459016027145/q-10q_20160930.htm"
  },
  {
    "date": "2016-06-30",
    "symbol": "IQV",
    "reportedCurrency": "USD",
    "cik": "0001478242",
    "fillingDate": "2016-07-27",
    "acceptedDate": "2016-07-27 11:12:36",
    "calendarYear": "2016",
    "period": "Q2",
    "revenue": 1553000000,
    "costOfRevenue": 1121000000,
    "grossProfit": 432000000,
    "grossProfitRatio": 0.2781712814,
    "researchAndDevelopmentExpenses": 0,
    "generalAndAdministrativeExpenses": 250568000,
    "sellingAndMarketingExpenses": 0,
    "sellingGeneralAndAdministrativeExpenses": 250568000,
    "otherExpenses": 66000000,
    "operatingExpenses": 282000000,
    "costAndExpenses": 1403000000,
    "interestIncome": 834000,
    "interestExpense": 22483000,
    "depreciationAndAmortization": 32041000,
    "ebitda": 185000000,
    "ebitdaratio": 0.1191242756,
    "operatingIncome": 150743000,
    "operatingIncomeRatio": 0.0970656793,
    "totalOtherIncomeExpensesNet": -19000000,
    "incomeBeforeTax": 131000000,
    "incomeBeforeTaxRatio": 0.0843528654,
    "incomeTaxExpense": 36810000,
    "netIncome": 86000000,
    "netIncomeRatio": 0.0553766903,
    "eps": 0.73,
    "epsdiluted": 0.71,
    "weightedAverageShsOut": 119500000,
    "weightedAverageShsOutDil": 121500000,
    "link": "https://www.sec.gov/Archives/edgar/data/1478242/000095012316018554/0000950123-16-018554-index.htm",
    "finalLink": "https://www.sec.gov/Archives/edgar/data/1478242/000095012316018554/q-10q_20160630.htm"
  },
  {
    "date": "2016-03-31",
    "symbol": "IQV",
    "reportedCurrency": "USD",
    "cik": "0001478242",
    "fillingDate": "2016-05-03",
    "acceptedDate": "2016-05-03 10:29:58",
    "calendarYear": "2016",
    "period": "Q1",
    "revenue": 1490000000,
    "costOfRevenue": 1076000000,
    "grossProfit": 414000000,
    "grossProfitRatio": 0.277852349,
    "researchAndDevelopmentExpenses": 0,
    "generalAndAdministrativeExpenses": 225516000,
    "sellingAndMarketingExpenses": 0,
    "sellingGeneralAndAdministrativeExpenses": 225516000,
    "otherExpenses": 35000000,
    "operatingExpenses": 235000000,
    "costAndExpenses": 1311000000,
    "interestIncome": 630000,
    "interestExpense": 25959000,
    "depreciationAndAmortization": 31724000,
    "ebitda": 207000000,
    "ebitdaratio": 0.1389261745,
    "operatingIncome": 178796000,
    "operatingIncomeRatio": 0.1199973154,
    "totalOtherIncomeExpensesNet": -30000000,
    "incomeBeforeTax": 149000000,
    "incomeBeforeTaxRatio": 0.1,
    "incomeTaxExpense": 42577000,
    "netIncome": 107000000,
    "netIncomeRatio": 0.0718120805,
    "eps": 0.89,
    "epsdiluted": 0.88,
    "weightedAverageShsOut": 119400000,
    "weightedAverageShsOutDil": 121400000,
    "link": "https://www.sec.gov/Archives/edgar/data/1478242/000156459016017395/0001564590-16-017395-index.htm",
    "finalLink": "https://www.sec.gov/Archives/edgar/data/1478242/000156459016017395/q-10q_20160331.htm"
  },
  {
    "date": "2015-12-31",
    "symbol": "IQV",
    "reportedCurrency": "USD",
    "cik": "0001478242",
    "fillingDate": "2016-02-11",
    "acceptedDate": "2016-02-11 09:44:13",
    "calendarYear": "2015",
    "period": "Q4",
    "revenue": 1521730000,
    "costOfRevenue": 1089987000,
    "grossProfit": 431743000,
    "grossProfitRatio": 0.2837185309,
    "researchAndDevelopmentExpenses": 0,
    "generalAndAdministrativeExpenses": 244066000,
    "sellingAndMarketingExpenses": 0,
    "sellingGeneralAndAdministrativeExpenses": 244066000,
    "otherExpenses": 9694000,
    "operatingExpenses": 253760000,
    "costAndExpenses": 1343747000,
    "interestIncome": 847000,
    "interestExpense": 25536000,
    "depreciationAndAmortization": 34518000,
    "ebitda": 218850000,
    "ebitdaratio": 0.1438165772,
    "operatingIncome": 177983000,
    "operatingIncomeRatio": 0.1169609589,
    "totalOtherIncomeExpensesNet": -19187000,
    "incomeBeforeTax": 158796000,
    "incomeBeforeTaxRatio": 0.1043522833,
    "incomeTaxExpense": 51009000,
    "netIncome": 104570000,
    "netIncomeRatio": 0.0687178409,
    "eps": 0.86,
    "epsdiluted": 0.85,
    "weightedAverageShsOut": 120966000,
    "weightedAverageShsOutDil": 123192000,
    "link": "https://www.sec.gov/Archives/edgar/data/1478242/000156459016012629/0001564590-16-012629-index.htm",
    "finalLink": "https://www.sec.gov/Archives/edgar/data/1478242/000156459016012629/q-10k_20151231.htm"
  },
  {
    "date": "2015-09-30",
    "symbol": "IQV",
    "reportedCurrency": "USD",
    "cik": "0001478242",
    "fillingDate": "2015-10-28",
    "acceptedDate": "2015-10-28 09:24:27",
    "calendarYear": "2015",
    "period": "Q3",
    "revenue": 1424769000,
    "costOfRevenue": 1014347000,
    "grossProfit": 410422000,
    "grossProfitRatio": 0.288062135,
    "researchAndDevelopmentExpenses": 0,
    "generalAndAdministrativeExpenses": 231415000,
    "sellingAndMarketingExpenses": 0,
    "sellingGeneralAndAdministrativeExpenses": 231415000,
    "otherExpenses": 11984000,
    "operatingExpenses": 243399000,
    "costAndExpenses": 1257746000,
    "interestIncome": 1141000,
    "interestExpense": 25429000,
    "depreciationAndAmortization": 32884000,
    "ebitda": 201982000,
    "ebitdaratio": 0.1417647352,
    "operatingIncome": 167023000,
    "operatingIncomeRatio": 0.1172281261,
    "totalOtherIncomeExpensesNet": -23354000,
    "incomeBeforeTax": 143669000,
    "incomeBeforeTaxRatio": 0.100836697,
    "incomeTaxExpense": 40192000,
    "netIncome": 111286000,
    "netIncomeRatio": 0.0781081003,
    "eps": 0.91,
    "epsdiluted": 0.89,
    "weightedAverageShsOut": 122848000,
    "weightedAverageShsOutDil": 125339000,
    "link": "https://www.sec.gov/Archives/edgar/data/1478242/000156459015008715/0001564590-15-008715-index.htm",
    "finalLink": "https://www.sec.gov/Archives/edgar/data/1478242/000156459015008715/q-10q_20150930.htm"
  },
  {
    "date": "2015-06-30",
    "symbol": "IQV",
    "reportedCurrency": "USD",
    "cik": "0001478242",
    "fillingDate": "2015-07-29",
    "acceptedDate": "2015-07-29 09:34:21",
    "calendarYear": "2015",
    "period": "Q2",
    "revenue": 1443527000,
    "costOfRevenue": 1053006000,
    "grossProfit": 390521000,
    "grossProfitRatio": 0.2705325221,
    "researchAndDevelopmentExpenses": 0,
    "generalAndAdministrativeExpenses": 225898000,
    "sellingAndMarketingExpenses": 0,
    "sellingGeneralAndAdministrativeExpenses": 225898000,
    "otherExpenses": 6234000,
    "operatingExpenses": 232132000,
    "costAndExpenses": 1285138000,
    "interestIncome": 1459000,
    "interestExpense": 25487000,
    "depreciationAndAmortization": 30011000,
    "ebitda": 170420000,
    "ebitdaratio": 0.118058062,
    "operatingIncome": 158389000,
    "operatingIncomeRatio": 0.1097236145,
    "totalOtherIncomeExpensesNet": -43467000,
    "incomeBeforeTax": 114922000,
    "incomeBeforeTaxRatio": 0.0796119505,
    "incomeTaxExpense": 31700000,
    "netIncome": 84951000,
    "netIncomeRatio": 0.0588496093,
    "eps": 0.69,
    "epsdiluted": 0.67,
    "weightedAverageShsOut": 123834000,
    "weightedAverageShsOutDil": 126536000,
    "link": "https://www.sec.gov/Archives/edgar/data/1478242/000156459015005743/0001564590-15-005743-index.htm",
    "finalLink": "https://www.sec.gov/Archives/edgar/data/1478242/000156459015005743/q-10q_20150630.htm"
  },
  {
    "date": "2015-03-31",
    "symbol": "IQV",
    "reportedCurrency": "USD",
    "cik": "0001478242",
    "fillingDate": "2015-04-29",
    "acceptedDate": "2015-04-29 10:13:43",
    "calendarYear": "2015",
    "period": "Q1",
    "revenue": 1347593000,
    "costOfRevenue": 979446000,
    "grossProfit": 368147000,
    "grossProfitRatio": 0.2731885666,
    "researchAndDevelopmentExpenses": 0,
    "generalAndAdministrativeExpenses": 219606000,
    "sellingAndMarketingExpenses": 0,
    "sellingGeneralAndAdministrativeExpenses": 219606000,
    "otherExpenses": 5324000,
    "operatingExpenses": 224930000,
    "costAndExpenses": 1204376000,
    "interestIncome": 870000,
    "interestExpense": 25340000,
    "depreciationAndAmortization": 30329000,
    "ebitda": 177277000,
    "ebitdaratio": 0.1315508466,
    "operatingIncome": 143217000,
    "operatingIncomeRatio": 0.1062761531,
    "totalOtherIncomeExpensesNet": -21609000,
    "incomeBeforeTax": 121608000,
    "incomeBeforeTaxRatio": 0.0902408962,
    "incomeTaxExpense": 36088000,
    "netIncome": 86398000,
    "netIncomeRatio": 0.0641128293,
    "eps": 0.69,
    "epsdiluted": 0.68,
    "weightedAverageShsOut": 124504000,
    "weightedAverageShsOutDil": 127454000,
    "link": "https://www.sec.gov/Archives/edgar/data/1478242/000156459015002971/0001564590-15-002971-index.htm",
    "finalLink": "https://www.sec.gov/Archives/edgar/data/1478242/000156459015002971/q-10q_20150331.htm"
  },
  {
    "date": "2014-12-31",
    "symbol": "IQV",
    "reportedCurrency": "USD",
    "cik": "0001478242",
    "fillingDate": "2015-02-12",
    "acceptedDate": "2015-02-12 10:51:32",
    "calendarYear": "2014",
    "period": "Q4",
    "revenue": 1411088000,
    "costOfRevenue": 1021862000,
    "grossProfit": 389226000,
    "grossProfitRatio": 0.2758339664,
    "researchAndDevelopmentExpenses": 5791000,
    "generalAndAdministrativeExpenses": 225055000,
    "sellingAndMarketingExpenses": 0,
    "sellingGeneralAndAdministrativeExpenses": 225055000,
    "otherExpenses": 5239000,
    "operatingExpenses": 230294000,
    "costAndExpenses": 1252156000,
    "interestIncome": 559000,
    "interestExpense": 26037000,
    "depreciationAndAmortization": 31900000,
    "ebitda": 190805000,
    "ebitdaratio": 0.1352183563,
    "operatingIncome": 158932000,
    "operatingIncomeRatio": 0.112630821,
    "totalOtherIncomeExpensesNet": -26064000,
    "incomeBeforeTax": 132868000,
    "incomeBeforeTaxRatio": 0.0941599673,
    "incomeTaxExpense": 39007000,
    "netIncome": 88426000,
    "netIncomeRatio": 0.0626651208,
    "eps": 0.7,
    "epsdiluted": 0.69,
    "weightedAverageShsOut": 125638000,
    "weightedAverageShsOutDil": 128626000,
    "link": "https://www.sec.gov/Archives/edgar/data/1478242/000119312515045845/0001193125-15-045845-index.htm",
    "finalLink": "https://www.sec.gov/Archives/edgar/data/1478242/000119312515045845/d831296d10k.htm"
  },
  {
    "date": "2014-09-30",
    "symbol": "IQV",
    "reportedCurrency": "USD",
    "cik": "0001478242",
    "fillingDate": "2014-10-30",
    "acceptedDate": "2014-10-30 09:18:25",
    "calendarYear": "2014",
    "period": "Q3",
    "revenue": 1400034000,
    "costOfRevenue": 1030072000,
    "grossProfit": 369962000,
    "grossProfitRatio": 0.2642521539,
    "researchAndDevelopmentExpenses": 0,
    "generalAndAdministrativeExpenses": 219027000,
    "sellingAndMarketingExpenses": 0,
    "sellingGeneralAndAdministrativeExpenses": 219027000,
    "otherExpenses": 1793000,
    "operatingExpenses": 220820000,
    "costAndExpenses": 1250892000,
    "interestIncome": 602000,
    "interestExpense": 25050000,
    "depreciationAndAmortization": 30180000,
    "ebitda": 187700000,
    "ebitdaratio": 0.1340681726,
    "operatingIncome": 149142000,
    "operatingIncomeRatio": 0.1065274129,
    "totalOtherIncomeExpensesNet": -16672000,
    "incomeBeforeTax": 132470000,
    "incomeBeforeTaxRatio": 0.0946191307,
    "incomeTaxExpense": 41260000,
    "netIncome": 92654000,
    "netIncomeRatio": 0.0661798213,
    "eps": 0.73,
    "epsdiluted": 0.71,
    "weightedAverageShsOut": 127462000,
    "weightedAverageShsOutDil": 130626000,
    "link": "https://www.sec.gov/Archives/edgar/data/1478242/000119312514388528/0001193125-14-388528-index.htm",
    "finalLink": "https://www.sec.gov/Archives/edgar/data/1478242/000119312514388528/d783344d10q.htm"
  },
  {
    "date": "2014-06-30",
    "symbol": "IQV",
    "reportedCurrency": "USD",
    "cik": "0001478242",
    "fillingDate": "2014-07-31",
    "acceptedDate": "2014-07-31 10:13:01",
    "calendarYear": "2014",
    "period": "Q2",
    "revenue": 1341030000,
    "costOfRevenue": 980068000,
    "grossProfit": 360962000,
    "grossProfitRatio": 0.2691677293,
    "researchAndDevelopmentExpenses": 0,
    "generalAndAdministrativeExpenses": 219014000,
    "sellingAndMarketingExpenses": 0,
    "sellingGeneralAndAdministrativeExpenses": 219014000,
    "otherExpenses": 948000,
    "operatingExpenses": 219962000,
    "costAndExpenses": 1200030000,
    "interestIncome": 994000,
    "interestExpense": 24799000,
    "depreciationAndAmortization": 29845000,
    "ebitda": 168783000,
    "ebitdaratio": 0.125860719,
    "operatingIncome": 141000000,
    "operatingIncomeRatio": 0.1051430617,
    "totalOtherIncomeExpensesNet": -26861000,
    "incomeBeforeTax": 114139000,
    "incomeBeforeTaxRatio": 0.0851129356,
    "incomeTaxExpense": 32400000,
    "netIncome": 85120000,
    "netIncomeRatio": 0.0634735987,
    "eps": 0.66,
    "epsdiluted": 0.64,
    "weightedAverageShsOut": 128979000,
    "weightedAverageShsOutDil": 132042000,
    "link": "https://www.sec.gov/Archives/edgar/data/1478242/000119312514288531/0001193125-14-288531-index.htm",
    "finalLink": "https://www.sec.gov/Archives/edgar/data/1478242/000119312514288531/d740722d10q.htm"
  },
  {
    "date": "2014-03-31",
    "symbol": "IQV",
    "reportedCurrency": "USD",
    "cik": "0001478242",
    "fillingDate": "2014-05-01",
    "acceptedDate": "2014-05-01 09:27:57",
    "calendarYear": "2014",
    "period": "Q1",
    "revenue": 1307846000,
    "costOfRevenue": 946280000,
    "grossProfit": 361566000,
    "grossProfitRatio": 0.276459155,
    "researchAndDevelopmentExpenses": 0,
    "generalAndAdministrativeExpenses": 219242000,
    "sellingAndMarketingExpenses": 0,
    "sellingGeneralAndAdministrativeExpenses": 219242000,
    "otherExpenses": 1008000,
    "operatingExpenses": 220250000,
    "costAndExpenses": 1166530000,
    "interestIncome": 1255000,
    "interestExpense": 24703000,
    "depreciationAndAmortization": 29088000,
    "ebitda": 176503000,
    "ebitdaratio": 0.1349570209,
    "operatingIncome": 141316000,
    "operatingIncomeRatio": 0.1080524771,
    "totalOtherIncomeExpensesNet": -18604000,
    "incomeBeforeTax": 122712000,
    "incomeBeforeTaxRatio": 0.0938275607,
    "incomeTaxExpense": 37389000,
    "netIncome": 90183000,
    "netIncomeRatio": 0.0689553663,
    "eps": 0.69,
    "epsdiluted": 0.68,
    "weightedAverageShsOut": 129898000,
    "weightedAverageShsOutDil": 133040000,
    "link": "https://www.sec.gov/Archives/edgar/data/1478242/000119312514174986/0001193125-14-174986-index.htm",
    "finalLink": "https://www.sec.gov/Archives/edgar/data/1478242/000119312514174986/d690912d10q.htm"
  },
  {
    "date": "2013-12-31",
    "symbol": "IQV",
    "reportedCurrency": "USD",
    "cik": "0001478242",
    "fillingDate": "2014-02-13",
    "acceptedDate": "2014-02-13 11:01:39",
    "calendarYear": "2013",
    "period": "Q4",
    "revenue": 1379185000,
    "costOfRevenue": 1017202000,
    "grossProfit": 361983000,
    "grossProfitRatio": 0.2624615262,
    "researchAndDevelopmentExpenses": 0,
    "generalAndAdministrativeExpenses": 232797000,
    "sellingAndMarketingExpenses": 0,
    "sellingGeneralAndAdministrativeExpenses": 232797000,
    "otherExpenses": 2174000,
    "operatingExpenses": 234971000,
    "costAndExpenses": 1252173000,
    "interestIncome": 1581000,
    "interestExpense": 26826000,
    "depreciationAndAmortization": 30554000,
    "ebitda": 157422000,
    "ebitdaratio": 0.1141413226,
    "operatingIncome": 127012000,
    "operatingIncomeRatio": 0.0920920689,
    "totalOtherIncomeExpensesNet": -26970000,
    "incomeBeforeTax": 100042000,
    "incomeBeforeTaxRatio": 0.0725370418,
    "incomeTaxExpense": 27558000,
    "netIncome": 72996000,
    "netIncomeRatio": 0.0529269097,
    "eps": 0.56,
    "epsdiluted": 0.56,
    "weightedAverageShsOut": 129187000,
    "weightedAverageShsOutDil": 129898000,
    "link": "https://www.sec.gov/Archives/edgar/data/1478242/000119312514050071/0001193125-14-050071-index.htm",
    "finalLink": "https://www.sec.gov/Archives/edgar/data/1478242/000119312514050071/d635141d10k.htm"
  },
  {
    "date": "2013-09-30",
    "symbol": "IQV",
    "reportedCurrency": "USD",
    "cik": "0001478242",
    "fillingDate": "2013-10-31",
    "acceptedDate": "2013-10-31 12:12:09",
    "calendarYear": "2013",
    "period": "Q3",
    "revenue": 1195839000,
    "costOfRevenue": 863806000,
    "grossProfit": 332033000,
    "grossProfitRatio": 0.2776569421,
    "researchAndDevelopmentExpenses": 0,
    "generalAndAdministrativeExpenses": 199573000,
    "sellingAndMarketingExpenses": 0,
    "sellingGeneralAndAdministrativeExpenses": 199573000,
    "otherExpenses": 7201000,
    "operatingExpenses": 206774000,
    "costAndExpenses": 1070580000,
    "interestIncome": 1119000,
    "interestExpense": 28756000,
    "depreciationAndAmortization": 27324000,
    "ebitda": 150478000,
    "ebitdaratio": 0.125834665,
    "operatingIncome": 125259000,
    "operatingIncomeRatio": 0.1047457057,
    "totalOtherIncomeExpensesNet": -30861000,
    "incomeBeforeTax": 94398000,
    "incomeBeforeTaxRatio": 0.07893872,
    "incomeTaxExpense": 27459000,
    "netIncome": 66769000,
    "netIncomeRatio": 0.0558344393,
    "eps": 0.52,
    "epsdiluted": 0.5,
    "weightedAverageShsOut": 128923000,
    "weightedAverageShsOutDil": 133267000,
    "link": "https://www.sec.gov/Archives/edgar/data/1478242/000119312513420277/0001193125-13-420277-index.htm",
    "finalLink": "https://www.sec.gov/Archives/edgar/data/1478242/000119312513420277/d597070d10q.htm"
  },
  {
    "date": "2013-06-30",
    "symbol": "IQV",
    "reportedCurrency": "USD",
    "cik": "0001478242",
    "fillingDate": "2013-08-01",
    "acceptedDate": "2013-08-01 09:40:08",
    "calendarYear": "2013",
    "period": "Q2",
    "revenue": 1295680000,
    "costOfRevenue": 969108000,
    "grossProfit": 326572000,
    "grossProfitRatio": 0.2520468017,
    "researchAndDevelopmentExpenses": 0,
    "generalAndAdministrativeExpenses": 228838000,
    "sellingAndMarketingExpenses": 0,
    "sellingGeneralAndAdministrativeExpenses": 228838000,
    "otherExpenses": 2837000,
    "operatingExpenses": 231675000,
    "costAndExpenses": 1200783000,
    "interestIncome": 785000,
    "interestExpense": 31884000,
    "depreciationAndAmortization": 24986000,
    "ebitda": 103589000,
    "ebitdaratio": 0.0799495246,
    "operatingIncome": 94897000,
    "operatingIncomeRatio": 0.073241078,
    "totalOtherIncomeExpensesNet": -48178000,
    "incomeBeforeTax": 46719000,
    "incomeBeforeTaxRatio": 0.0360575142,
    "incomeTaxExpense": 8830000,
    "netIncome": 38517000,
    "netIncomeRatio": 0.0297272475,
    "eps": 0.31,
    "epsdiluted": 0.3,
    "weightedAverageShsOut": 122709000,
    "weightedAverageShsOutDil": 126578000,
    "link": "https://www.sec.gov/Archives/edgar/data/1478242/000119312513314151/0001193125-13-314151-index.htm",
    "finalLink": "https://www.sec.gov/Archives/edgar/data/1478242/000119312513314151/d553183d10q.htm"
  },
  {
    "date": "2013-03-31",
    "symbol": "IQV",
    "reportedCurrency": "USD",
    "cik": "0001478242",
    "fillingDate": "2013-05-14",
    "acceptedDate": "2013-05-13 19:49:59",
    "calendarYear": "2013",
    "period": "Q1",
    "revenue": 1228841000,
    "costOfRevenue": 912515000,
    "grossProfit": 316326000,
    "grossProfitRatio": 0.2574181688,
    "researchAndDevelopmentExpenses": 0,
    "generalAndAdministrativeExpenses": 0,
    "sellingAndMarketingExpenses": 0,
    "sellingGeneralAndAdministrativeExpenses": 199302000,
    "otherExpenses": 1859000,
    "operatingExpenses": 201161000,
    "costAndExpenses": 1113676000,
    "interestIncome": 452000,
    "interestExpense": 36042000,
    "depreciationAndAmortization": 24640000,
    "ebitda": 142639000,
    "ebitdaratio": 0.1160760424,
    "operatingIncome": 115165000,
    "operatingIncomeRatio": 0.0937183899,
    "totalOtherIncomeExpensesNet": -33208000,
    "incomeBeforeTax": 81957000,
    "incomeBeforeTaxRatio": 0.066694552,
    "incomeTaxExpense": 32118000,
    "netIncome": 48309000,
    "netIncomeRatio": 0.0393126531,
    "eps": 0.37,
    "epsdiluted": 0.37,
    "weightedAverageShsOut": 128915390,
    "weightedAverageShsOutDil": 128915390,
    "link": "https://www.sec.gov/Archives/edgar/data/1478242/000119312513217319/0001193125-13-217319-index.htm",
    "finalLink": "https://www.sec.gov/Archives/edgar/data/1478242/000119312513217319/d489549d10q.htm"
  },
  {
    "date": "2012-12-31",
    "symbol": "IQV",
    "reportedCurrency": "USD",
    "cik": "0001478242",
    "fillingDate": "2012-12-31",
    "acceptedDate": "2012-12-30 19:00:00",
    "calendarYear": "2012",
    "period": "Q4",
    "revenue": 1278588000,
    "costOfRevenue": 961303000,
    "grossProfit": 317285000,
    "grossProfitRatio": 0.2481526496,
    "researchAndDevelopmentExpenses": 10426000,
    "generalAndAdministrativeExpenses": 201136000,
    "sellingAndMarketingExpenses": 14500000,
    "sellingGeneralAndAdministrativeExpenses": 215636000,
    "otherExpenses": 7222000,
    "operatingExpenses": 222858000,
    "costAndExpenses": 1184161000,
    "interestIncome": 1472000,
    "interestExpense": 38383000,
    "depreciationAndAmortization": 25571000,
    "ebitda": 119039000,
    "ebitdaratio": 0.0931019218,
    "operatingIncome": 94427000,
    "operatingIncomeRatio": 0.0738525624,
    "totalOtherIncomeExpensesNet": -39342000,
    "incomeBeforeTax": 55085000,
    "incomeBeforeTaxRatio": 0.0430826818,
    "incomeTaxExpense": 20013000,
    "netIncome": 34974000,
    "netIncomeRatio": 0.027353612,
    "eps": 0.28,
    "epsdiluted": 0.28,
    "weightedAverageShsOut": 125468000,
    "weightedAverageShsOutDil": 125468000,
    "link": "",
    "finalLink": ""
  },
  {
    "date": "2012-09-30",
    "symbol": "IQV",
    "reportedCurrency": "USD",
    "cik": "0001478242",
    "fillingDate": "2012-09-30",
    "acceptedDate": "2012-09-29 20:00:00",
    "calendarYear": "2012",
    "period": "Q3",
    "revenue": 1199574000,
    "costOfRevenue": 898092000,
    "grossProfit": 301482000,
    "grossProfitRatio": 0.2513242201,
    "researchAndDevelopmentExpenses": 0,
    "generalAndAdministrativeExpenses": 0,
    "sellingAndMarketingExpenses": 0,
    "sellingGeneralAndAdministrativeExpenses": 192780000,
    "otherExpenses": -434000,
    "operatingExpenses": 192346000,
    "costAndExpenses": 1090438000,
    "interestIncome": 848000,
    "interestExpense": 33513000,
    "depreciationAndAmortization": 25727000,
    "ebitda": 131861000,
    "ebitdaratio": 0.1099231894,
    "operatingIncome": 109136000,
    "operatingIncomeRatio": 0.0909789642,
    "totalOtherIncomeExpensesNet": -36515000,
    "incomeBeforeTax": 72621000,
    "incomeBeforeTaxRatio": 0.0605389913,
    "incomeTaxExpense": 21542000,
    "netIncome": 52098000,
    "netIncomeRatio": 0.0434304178,
    "eps": 0.42,
    "epsdiluted": 0.41,
    "weightedAverageShsOut": 125468000,
    "weightedAverageShsOutDil": 127554000,
    "link": "",
    "finalLink": ""
  },
  {
    "date": "2012-06-30",
    "symbol": "IQV",
    "reportedCurrency": "USD",
    "cik": "0001478242",
    "fillingDate": "2012-06-30",
    "acceptedDate": "2012-06-29 20:00:00",
    "calendarYear": "2012",
    "period": "Q2",
    "revenue": 1230767000,
    "costOfRevenue": 914075000,
    "grossProfit": 316692000,
    "grossProfitRatio": 0.2573127164,
    "researchAndDevelopmentExpenses": 0,
    "generalAndAdministrativeExpenses": 0,
    "sellingAndMarketingExpenses": 0,
    "sellingGeneralAndAdministrativeExpenses": 203544000,
    "otherExpenses": 12263000,
    "operatingExpenses": 215807000,
    "costAndExpenses": 1129882000,
    "interestIncome": 322000,
    "interestExpense": 33130000,
    "depreciationAndAmortization": 23719000,
    "ebitda": 131085000,
    "ebitdaratio": 0.1065067555,
    "operatingIncome": 100885000,
    "operatingIncomeRatio": 0.0819692111,
    "totalOtherIncomeExpensesNet": -26649000,
    "incomeBeforeTax": 74236000,
    "incomeBeforeTaxRatio": 0.0603168593,
    "incomeTaxExpense": 27558000,
    "netIncome": 47201000,
    "netIncomeRatio": 0.038350882,
    "eps": 0.38,
    "epsdiluted": 0.37,
    "weightedAverageShsOut": 125468000,
    "weightedAverageShsOutDil": 127554000,
    "link": "",
    "finalLink": ""
  },
  {
    "date": "2012-03-31",
    "symbol": "IQV",
    "reportedCurrency": "USD",
    "cik": "0001478242",
    "fillingDate": "2012-03-31",
    "acceptedDate": "2012-03-30 20:00:00",
    "calendarYear": "2012",
    "period": "Q1",
    "revenue": 1156584000,
    "costOfRevenue": 859112000,
    "grossProfit": 297472000,
    "grossProfitRatio": 0.2571987854,
    "researchAndDevelopmentExpenses": 0,
    "generalAndAdministrativeExpenses": 0,
    "sellingAndMarketingExpenses": 0,
    "sellingGeneralAndAdministrativeExpenses": 205795000,
    "otherExpenses": -310000,
    "operatingExpenses": 205485000,
    "costAndExpenses": 1064597000,
    "interestIncome": 425000,
    "interestExpense": 29345000,
    "depreciationAndAmortization": 23271000,
    "ebitda": 118102000,
    "ebitdaratio": 0.1021127735,
    "operatingIncome": 91987000,
    "operatingIncomeRatio": 0.0795333499,
    "totalOtherIncomeExpensesNet": -26501000,
    "incomeBeforeTax": 65486000,
    "incomeBeforeTaxRatio": 0.056620185,
    "incomeTaxExpense": 24251000,
    "netIncome": 43273000,
    "netIncomeRatio": 0.0374144896,
    "eps": 0.34,
    "epsdiluted": 0.34,
    "weightedAverageShsOut": 125468000,
    "weightedAverageShsOutDil": 127554000,
    "link": "",
    "finalLink": ""
  }
]