[
  {
    "date": "2025-06-30",
    "symbol": "IR",
    "reportedCurrency": "USD",
    "cik": "0001699150",
    "fillingDate": "2025-07-31",
    "acceptedDate": "2025-07-31 16:43:32",
    "calendarYear": "2025",
    "period": "Q2",
    "revenue": 1887900000,
    "costOfRevenue": 1063000000,
    "grossProfit": 824900000,
    "grossProfitRatio": 0.4369405159,
    "researchAndDevelopmentExpenses": 0,
    "generalAndAdministrativeExpenses": 0,
    "sellingAndMarketingExpenses": 0,
    "sellingGeneralAndAdministrativeExpenses": 371200000,
    "otherExpenses": 377300000,
    "operatingExpenses": 748500000,
    "costAndExpenses": 1811500000,
    "interestIncome": 0,
    "interestExpense": 62700000,
    "depreciationAndAmortization": 120500000,
    "ebitda": 211300000,
    "ebitdaratio": 0.111923301,
    "operatingIncome": 76400000,
    "operatingIncomeRatio": 0.0404682451,
    "totalOtherIncomeExpensesNet": -48300000,
    "incomeBeforeTax": 28100000,
    "incomeBeforeTaxRatio": 0.0148842629,
    "incomeTaxExpense": 21000000,
    "netIncome": -115300000,
    "netIncomeRatio": -0.0610731501,
    "eps": -0.2879,
    "epsdiluted": -0.2879,
    "weightedAverageShsOut": 400500000,
    "weightedAverageShsOutDil": 400500000,
    "link": "https://www.sec.gov/Archives/edgar/data/1699150/000162828025037049/0001628280-25-037049-index.htm",
    "finalLink": "https://www.sec.gov/Archives/edgar/data/1699150/000162828025037049/iri-20250630.htm"
  },
  {
    "date": "2025-03-31",
    "symbol": "IR",
    "reportedCurrency": "USD",
    "cik": "0001699150",
    "fillingDate": "2025-05-02",
    "acceptedDate": "2025-05-02 16:33:44",
    "calendarYear": "2025",
    "period": "Q1",
    "revenue": 1716800000,
    "costOfRevenue": 951300000,
    "grossProfit": 765500000,
    "grossProfitRatio": 0.445887698,
    "researchAndDevelopmentExpenses": 0,
    "generalAndAdministrativeExpenses": 0,
    "sellingAndMarketingExpenses": 350000000,
    "sellingGeneralAndAdministrativeExpenses": 350000000,
    "otherExpenses": 113000000,
    "operatingExpenses": 463000000,
    "costAndExpenses": 1414300000,
    "interestIncome": 0,
    "interestExpense": 61200000,
    "depreciationAndAmortization": 120000000,
    "ebitda": 434300000,
    "ebitdaratio": 0.2529706431,
    "operatingIncome": 302500000,
    "operatingIncomeRatio": 0.1761999068,
    "totalOtherIncomeExpensesNet": -49400000,
    "incomeBeforeTax": 253100000,
    "incomeBeforeTaxRatio": 0.1474254427,
    "incomeTaxExpense": 58500000,
    "netIncome": 186500000,
    "netIncomeRatio": 0.1086323392,
    "eps": 0.46,
    "epsdiluted": 0.46,
    "weightedAverageShsOut": 403400000,
    "weightedAverageShsOutDil": 407200000,
    "link": "https://www.sec.gov/Archives/edgar/data/1699150/000162828025021883/0001628280-25-021883-index.htm",
    "finalLink": "https://www.sec.gov/Archives/edgar/data/1699150/000162828025021883/iri-20250331.htm"
  },
  {
    "date": "2024-12-31",
    "symbol": "IR",
    "reportedCurrency": "USD",
    "cik": "0001699150",
    "fillingDate": "2025-02-19",
    "acceptedDate": "2025-02-19 16:32:35",
    "calendarYear": "2024",
    "period": "Q4",
    "revenue": 1898600000,
    "costOfRevenue": 1083200000,
    "grossProfit": 815400000,
    "grossProfitRatio": 0.4294743495,
    "researchAndDevelopmentExpenses": 0,
    "generalAndAdministrativeExpenses": 0,
    "sellingAndMarketingExpenses": 0,
    "sellingGeneralAndAdministrativeExpenses": 331700000,
    "otherExpenses": 104900000,
    "operatingExpenses": 436600000,
    "costAndExpenses": 1519800000,
    "interestIncome": 0,
    "interestExpense": 61800000,
    "depreciationAndAmortization": 123600000,
    "ebitda": 510500000,
    "ebitdaratio": 0.2688823344,
    "operatingIncome": 378800000,
    "operatingIncomeRatio": 0.1995154324,
    "totalOtherIncomeExpensesNet": -53700000,
    "incomeBeforeTax": 325100000,
    "incomeBeforeTaxRatio": 0.1712314337,
    "incomeTaxExpense": 88200000,
    "netIncome": 229800000,
    "netIncomeRatio": 0.1210365532,
    "eps": 0.57,
    "epsdiluted": 0.57,
    "weightedAverageShsOut": 403450000,
    "weightedAverageShsOutDil": 406600000,
    "link": "https://www.sec.gov/Archives/edgar/data/1699150/000162828025006391/0001628280-25-006391-index.htm",
    "finalLink": "https://www.sec.gov/Archives/edgar/data/1699150/000162828025006391/iri-20241231.htm"
  },
  {
    "date": "2024-09-30",
    "symbol": "IR",
    "reportedCurrency": "USD",
    "cik": "0001699150",
    "fillingDate": "2024-11-01",
    "acceptedDate": "2024-11-01 16:08:05",
    "calendarYear": "2024",
    "period": "Q3",
    "revenue": 1861000000,
    "costOfRevenue": 1046000000,
    "grossProfit": 815000000,
    "grossProfitRatio": 0.4379365932,
    "researchAndDevelopmentExpenses": 0,
    "generalAndAdministrativeExpenses": 0,
    "sellingAndMarketingExpenses": 0,
    "sellingGeneralAndAdministrativeExpenses": 334300000,
    "otherExpenses": 124400000,
    "operatingExpenses": 458700000,
    "costAndExpenses": 1504700000,
    "interestIncome": 0,
    "interestExpense": 63800000,
    "depreciationAndAmortization": 124300000,
    "ebitda": 490100000,
    "ebitdaratio": 0.263353036,
    "operatingIncome": 356300000,
    "operatingIncomeRatio": 0.1914562063,
    "totalOtherIncomeExpensesNet": -54300000,
    "incomeBeforeTax": 302000000,
    "incomeBeforeTaxRatio": 0.162278345,
    "incomeTaxExpense": 73800000,
    "netIncome": 221600000,
    "netIncomeRatio": 0.1190757657,
    "eps": 0.55,
    "epsdiluted": 0.54,
    "weightedAverageShsOut": 403500000,
    "weightedAverageShsOutDil": 406900000,
    "link": "https://www.sec.gov/Archives/edgar/data/1699150/000162828024044749/0001628280-24-044749-index.htm",
    "finalLink": "https://www.sec.gov/Archives/edgar/data/1699150/000162828024044749/iri-20240930.htm"
  },
  {
    "date": "2024-06-30",
    "symbol": "IR",
    "reportedCurrency": "USD",
    "cik": "0001699150",
    "fillingDate": "2024-08-02",
    "acceptedDate": "2024-08-02 16:03:16",
    "calendarYear": "2024",
    "period": "Q2",
    "revenue": 1805300000,
    "costOfRevenue": 1012000000,
    "grossProfit": 793300000,
    "grossProfitRatio": 0.4394283499,
    "researchAndDevelopmentExpenses": 0,
    "generalAndAdministrativeExpenses": 0,
    "sellingAndMarketingExpenses": 0,
    "sellingGeneralAndAdministrativeExpenses": 342100000,
    "otherExpenses": 179400000,
    "operatingExpenses": 521500000,
    "costAndExpenses": 1533500000,
    "interestIncome": 0,
    "interestExpense": 50800000,
    "depreciationAndAmortization": 116900000,
    "ebitda": 403800000,
    "ebitdaratio": 0.2236747355,
    "operatingIncome": 271800000,
    "operatingIncomeRatio": 0.1505566942,
    "totalOtherIncomeExpensesNet": -35700000,
    "incomeBeforeTax": 236100000,
    "incomeBeforeTaxRatio": 0.1307815875,
    "incomeTaxExpense": 46100000,
    "netIncome": 185000000,
    "netIncomeRatio": 0.1024760428,
    "eps": 0.46,
    "epsdiluted": 0.45,
    "weightedAverageShsOut": 403500000,
    "weightedAverageShsOutDil": 407400000,
    "link": "https://www.sec.gov/Archives/edgar/data/1699150/000162828024034400/0001628280-24-034400-index.htm",
    "finalLink": "https://www.sec.gov/Archives/edgar/data/1699150/000162828024034400/iri-20240630.htm"
  },
  {
    "date": "2024-03-31",
    "symbol": "IR",
    "reportedCurrency": "USD",
    "cik": "0001699150",
    "fillingDate": "2024-05-03",
    "acceptedDate": "2024-05-03 16:02:55",
    "calendarYear": "2024",
    "period": "Q1",
    "revenue": 1670100000,
    "costOfRevenue": 923800000,
    "grossProfit": 746300000,
    "grossProfitRatio": 0.4468594695,
    "researchAndDevelopmentExpenses": 0,
    "generalAndAdministrativeExpenses": 0,
    "sellingAndMarketingExpenses": 336300000,
    "sellingGeneralAndAdministrativeExpenses": 336300000,
    "otherExpenses": 116800000,
    "operatingExpenses": 453100000,
    "costAndExpenses": 1376900000,
    "interestIncome": 0,
    "interestExpense": 36800000,
    "depreciationAndAmortization": 117200000,
    "ebitda": 423600000,
    "ebitdaratio": 0.2536375067,
    "operatingIncome": 293200000,
    "operatingIncomeRatio": 0.1755583498,
    "totalOtherIncomeExpensesNet": -23600000,
    "incomeBeforeTax": 269600000,
    "incomeBeforeTaxRatio": 0.1614274594,
    "incomeTaxExpense": 54400000,
    "netIncome": 202200000,
    "netIncomeRatio": 0.1210705946,
    "eps": 0.5,
    "epsdiluted": 0.5,
    "weightedAverageShsOut": 404200000,
    "weightedAverageShsOutDil": 408200000,
    "link": "https://www.sec.gov/Archives/edgar/data/1699150/000162828024020267/0001628280-24-020267-index.htm",
    "finalLink": "https://www.sec.gov/Archives/edgar/data/1699150/000162828024020267/iri-20240331.htm"
  },
  {
    "date": "2023-12-31",
    "symbol": "IR",
    "reportedCurrency": "USD",
    "cik": "0001699150",
    "fillingDate": "2024-02-23",
    "acceptedDate": "2024-02-23 16:14:26",
    "calendarYear": "2023",
    "period": "Q4",
    "revenue": 1821400000,
    "costOfRevenue": 1040200000,
    "grossProfit": 781200000,
    "grossProfitRatio": 0.4289008455,
    "researchAndDevelopmentExpenses": 0,
    "generalAndAdministrativeExpenses": 0,
    "sellingAndMarketingExpenses": 0,
    "sellingGeneralAndAdministrativeExpenses": 330800000,
    "otherExpenses": 117200000,
    "operatingExpenses": 448000000,
    "costAndExpenses": 1488200000,
    "interestIncome": 0,
    "interestExpense": 37400000,
    "depreciationAndAmortization": 117600000,
    "ebitda": 462400000,
    "ebitdaratio": 0.253870649,
    "operatingIncome": 333200000,
    "operatingIncomeRatio": 0.1829362029,
    "totalOtherIncomeExpensesNet": -25800000,
    "incomeBeforeTax": 307400000,
    "incomeBeforeTaxRatio": 0.1687712748,
    "incomeTaxExpense": 71100000,
    "netIncome": 229800000,
    "netIncomeRatio": 0.126166685,
    "eps": 0.57,
    "epsdiluted": 0.56,
    "weightedAverageShsOut": 404200000,
    "weightedAverageShsOutDil": 408200000,
    "link": "https://www.sec.gov/Archives/edgar/data/1699150/000162828024006642/0001628280-24-006642-index.htm",
    "finalLink": "https://www.sec.gov/Archives/edgar/data/1699150/000162828024006642/iri-20231231.htm"
  },
  {
    "date": "2023-09-30",
    "symbol": "IR",
    "reportedCurrency": "USD",
    "cik": "0001699150",
    "fillingDate": "2023-11-03",
    "acceptedDate": "2023-11-03 16:03:37",
    "calendarYear": "2023",
    "period": "Q3",
    "revenue": 1738900000,
    "costOfRevenue": 999600000,
    "grossProfit": 739300000,
    "grossProfitRatio": 0.4251538329,
    "researchAndDevelopmentExpenses": 0,
    "generalAndAdministrativeExpenses": 0,
    "sellingAndMarketingExpenses": 0,
    "sellingGeneralAndAdministrativeExpenses": 315200000,
    "otherExpenses": 105700000,
    "operatingExpenses": 420900000,
    "costAndExpenses": 1420500000,
    "interestIncome": 0,
    "interestExpense": 39600000,
    "depreciationAndAmortization": 115700000,
    "ebitda": 429100000,
    "ebitdaratio": 0.2467651964,
    "operatingIncome": 318400000,
    "operatingIncomeRatio": 0.1831042613,
    "totalOtherIncomeExpensesNet": -44600000,
    "incomeBeforeTax": 273800000,
    "incomeBeforeTaxRatio": 0.1574558629,
    "incomeTaxExpense": 60300000,
    "netIncome": 208300000,
    "netIncomeRatio": 0.119788372,
    "eps": 0.52,
    "epsdiluted": 0.51,
    "weightedAverageShsOut": 404500000,
    "weightedAverageShsOutDil": 408600000,
    "link": "https://www.sec.gov/Archives/edgar/data/1699150/000162828023036698/0001628280-23-036698-index.htm",
    "finalLink": "https://www.sec.gov/Archives/edgar/data/1699150/000162828023036698/iri-20230930.htm"
  },
  {
    "date": "2023-06-30",
    "symbol": "IR",
    "reportedCurrency": "USD",
    "cik": "0001699150",
    "fillingDate": "2023-08-04",
    "acceptedDate": "2023-08-04 16:11:27",
    "calendarYear": "2023",
    "period": "Q2",
    "revenue": 1686500000,
    "costOfRevenue": 989000000,
    "grossProfit": 697500000,
    "grossProfitRatio": 0.4135784168,
    "researchAndDevelopmentExpenses": 0,
    "generalAndAdministrativeExpenses": 0,
    "sellingAndMarketingExpenses": 0,
    "sellingGeneralAndAdministrativeExpenses": 315600000,
    "otherExpenses": 109500000,
    "operatingExpenses": 425100000,
    "costAndExpenses": 1414100000,
    "interestIncome": 0,
    "interestExpense": 40800000,
    "depreciationAndAmortization": 111800000,
    "ebitda": 391500000,
    "ebitdaratio": 0.232137563,
    "operatingIncome": 272400000,
    "operatingIncomeRatio": 0.1615179366,
    "totalOtherIncomeExpensesNet": -33500000,
    "incomeBeforeTax": 238900000,
    "incomeBeforeTaxRatio": 0.1416543137,
    "incomeTaxExpense": 60500000,
    "netIncome": 179500000,
    "netIncomeRatio": 0.106433442,
    "eps": 0.44,
    "epsdiluted": 0.44,
    "weightedAverageShsOut": 404500000,
    "weightedAverageShsOutDil": 408300000,
    "link": "https://www.sec.gov/Archives/edgar/data/1699150/000162828023027540/0001628280-23-027540-index.htm",
    "finalLink": "https://www.sec.gov/Archives/edgar/data/1699150/000162828023027540/iri-20230630.htm"
  },
  {
    "date": "2023-03-31",
    "symbol": "IR",
    "reportedCurrency": "USD",
    "cik": "0001699150",
    "fillingDate": "2023-05-05",
    "acceptedDate": "2023-05-05 16:04:15",
    "calendarYear": "2023",
    "period": "Q1",
    "revenue": 1629300000,
    "costOfRevenue": 965100000,
    "grossProfit": 664200000,
    "grossProfitRatio": 0.4076597312,
    "researchAndDevelopmentExpenses": 0,
    "generalAndAdministrativeExpenses": 0,
    "sellingAndMarketingExpenses": 311100000,
    "sellingGeneralAndAdministrativeExpenses": 311100000,
    "otherExpenses": 112800000,
    "operatingExpenses": 423900000,
    "costAndExpenses": 1389000000,
    "interestIncome": 0,
    "interestExpense": 38900000,
    "depreciationAndAmortization": 114000000,
    "ebitda": 363900000,
    "ebitdaratio": 0.2233474498,
    "operatingIncome": 240300000,
    "operatingIncomeRatio": 0.1474866507,
    "totalOtherIncomeExpensesNet": -29300000,
    "incomeBeforeTax": 211000000,
    "incomeBeforeTaxRatio": 0.1295034677,
    "incomeTaxExpense": 48100000,
    "netIncome": 161100000,
    "netIncomeRatio": 0.0988768183,
    "eps": 0.4,
    "epsdiluted": 0.39,
    "weightedAverageShsOut": 405000000,
    "weightedAverageShsOutDil": 409200000,
    "link": "https://www.sec.gov/Archives/edgar/data/1699150/000162828023016124/0001628280-23-016124-index.htm",
    "finalLink": "https://www.sec.gov/Archives/edgar/data/1699150/000162828023016124/iri-20230331.htm"
  },
  {
    "date": "2022-12-31",
    "symbol": "IR",
    "reportedCurrency": "USD",
    "cik": "0001699150",
    "fillingDate": "2023-02-21",
    "acceptedDate": "2023-02-21 16:07:28",
    "calendarYear": "2022",
    "period": "Q4",
    "revenue": 1623700000,
    "costOfRevenue": 969300000,
    "grossProfit": 654400000,
    "grossProfitRatio": 0.4030301164,
    "researchAndDevelopmentExpenses": 0,
    "generalAndAdministrativeExpenses": 0,
    "sellingAndMarketingExpenses": 0,
    "sellingGeneralAndAdministrativeExpenses": 276000000,
    "otherExpenses": 105500000,
    "operatingExpenses": 381500000,
    "costAndExpenses": 1350800000,
    "interestIncome": 0,
    "interestExpense": 34400000,
    "depreciationAndAmortization": 104800000,
    "ebitda": 385100000,
    "ebitdaratio": 0.2371743549,
    "operatingIncome": 272900000,
    "operatingIncomeRatio": 0.1680729199,
    "totalOtherIncomeExpensesNet": -27000000,
    "incomeBeforeTax": 245900000,
    "incomeBeforeTaxRatio": 0.1514442323,
    "incomeTaxExpense": 45000000,
    "netIncome": 217400000,
    "netIncomeRatio": 0.1338917288,
    "eps": 0.54,
    "epsdiluted": 0.53,
    "weightedAverageShsOut": 405000000,
    "weightedAverageShsOutDil": 409300000,
    "link": "https://www.sec.gov/Archives/edgar/data/1699150/000162828023004287/0001628280-23-004287-index.htm",
    "finalLink": "https://www.sec.gov/Archives/edgar/data/1699150/000162828023004287/gdi-20221231.htm"
  },
  {
    "date": "2022-09-30",
    "symbol": "IR",
    "reportedCurrency": "USD",
    "cik": "0001699150",
    "fillingDate": "2022-11-04",
    "acceptedDate": "2022-11-04 16:06:33",
    "calendarYear": "2022",
    "period": "Q3",
    "revenue": 1515700000,
    "costOfRevenue": 940400000,
    "grossProfit": 575300000,
    "grossProfitRatio": 0.3795605991,
    "researchAndDevelopmentExpenses": 0,
    "generalAndAdministrativeExpenses": 0,
    "sellingAndMarketingExpenses": 0,
    "sellingGeneralAndAdministrativeExpenses": 278700000,
    "otherExpenses": 106600000,
    "operatingExpenses": 385300000,
    "costAndExpenses": 1325700000,
    "interestIncome": 0,
    "interestExpense": 26600000,
    "depreciationAndAmortization": 115000000,
    "ebitda": 314800000,
    "ebitdaratio": 0.2076928152,
    "operatingIncome": 190000000,
    "operatingIncomeRatio": 0.1253546216,
    "totalOtherIncomeExpensesNet": -16800000,
    "incomeBeforeTax": 173200000,
    "incomeBeforeTaxRatio": 0.114270634,
    "incomeTaxExpense": 30300000,
    "netIncome": 145100000,
    "netIncomeRatio": 0.0957313453,
    "eps": 0.36,
    "epsdiluted": 0.36,
    "weightedAverageShsOut": 404000000,
    "weightedAverageShsOutDil": 408500000,
    "link": "https://www.sec.gov/Archives/edgar/data/1699150/000162828022028451/0001628280-22-028451-index.htm",
    "finalLink": "https://www.sec.gov/Archives/edgar/data/1699150/000162828022028451/iri-20220930.htm"
  },
  {
    "date": "2022-06-30",
    "symbol": "IR",
    "reportedCurrency": "USD",
    "cik": "0001699150",
    "fillingDate": "2022-08-05",
    "acceptedDate": "2022-08-05 16:10:45",
    "calendarYear": "2022",
    "period": "Q2",
    "revenue": 1439900000,
    "costOfRevenue": 870100000,
    "grossProfit": 569800000,
    "grossProfitRatio": 0.3957219251,
    "researchAndDevelopmentExpenses": 0,
    "generalAndAdministrativeExpenses": 0,
    "sellingAndMarketingExpenses": 0,
    "sellingGeneralAndAdministrativeExpenses": 275600000,
    "otherExpenses": 96800000,
    "operatingExpenses": 372400000,
    "costAndExpenses": 1242500000,
    "interestIncome": 0,
    "interestExpense": 23200000,
    "depreciationAndAmortization": 104500000,
    "ebitda": 308200000,
    "ebitdaratio": 0.2140426419,
    "operatingIncome": 197400000,
    "operatingIncomeRatio": 0.1370928537,
    "totalOtherIncomeExpensesNet": -16900000,
    "incomeBeforeTax": 180500000,
    "incomeBeforeTaxRatio": 0.1253559275,
    "incomeTaxExpense": 41900000,
    "netIncome": 138500000,
    "netIncomeRatio": 0.0961872352,
    "eps": 0.34,
    "epsdiluted": 0.34,
    "weightedAverageShsOut": 404500000,
    "weightedAverageShsOutDil": 409400000,
    "link": "https://www.sec.gov/Archives/edgar/data/1699150/000162828022021363/0001628280-22-021363-index.htm",
    "finalLink": "https://www.sec.gov/Archives/edgar/data/1699150/000162828022021363/iri-20220630.htm"
  },
  {
    "date": "2022-03-31",
    "symbol": "IR",
    "reportedCurrency": "USD",
    "cik": "0001699150",
    "fillingDate": "2022-05-06",
    "acceptedDate": "2022-05-06 16:03:38",
    "calendarYear": "2022",
    "period": "Q1",
    "revenue": 1337000000,
    "costOfRevenue": 810900000,
    "grossProfit": 526100000,
    "grossProfitRatio": 0.3934928945,
    "researchAndDevelopmentExpenses": 0,
    "generalAndAdministrativeExpenses": 0,
    "sellingAndMarketingExpenses": 265500000,
    "sellingGeneralAndAdministrativeExpenses": 265500000,
    "otherExpenses": 103600000,
    "operatingExpenses": 369100000,
    "costAndExpenses": 1180000000,
    "interestIncome": 0,
    "interestExpense": 19000000,
    "depreciationAndAmortization": 108500000,
    "ebitda": 270100000,
    "ebitdaratio": 0.2020194465,
    "operatingIncome": 157000000,
    "operatingIncomeRatio": 0.1174270755,
    "totalOtherIncomeExpensesNet": -14400000,
    "incomeBeforeTax": 142600000,
    "incomeBeforeTaxRatio": 0.1066566941,
    "incomeTaxExpense": 32400000,
    "netIncome": 103700000,
    "netIncomeRatio": 0.0775617053,
    "eps": 0.25,
    "epsdiluted": 0.25,
    "weightedAverageShsOut": 407600000,
    "weightedAverageShsOutDil": 413100000,
    "link": "https://www.sec.gov/Archives/edgar/data/1699150/000162828022013032/0001628280-22-013032-index.htm",
    "finalLink": "https://www.sec.gov/Archives/edgar/data/1699150/000162828022013032/iri-20220331.htm"
  },
  {
    "date": "2021-12-31",
    "symbol": "IR",
    "reportedCurrency": "USD",
    "cik": "0001699150",
    "fillingDate": "2022-02-25",
    "acceptedDate": "2022-02-25 16:19:50",
    "calendarYear": "2021",
    "period": "Q4",
    "revenue": 1418800000,
    "costOfRevenue": 909400000,
    "grossProfit": 509400000,
    "grossProfitRatio": 0.3590358049,
    "researchAndDevelopmentExpenses": 0,
    "generalAndAdministrativeExpenses": 0,
    "sellingAndMarketingExpenses": 0,
    "sellingGeneralAndAdministrativeExpenses": 255900000,
    "otherExpenses": 113100000,
    "operatingExpenses": 369000000,
    "costAndExpenses": 1278400000,
    "interestIncome": 0,
    "interestExpense": 19400000,
    "depreciationAndAmortization": 111800000,
    "ebitda": 256100000,
    "ebitdaratio": 0.1805046518,
    "operatingIncome": 140400000,
    "operatingIncomeRatio": 0.098956865,
    "totalOtherIncomeExpensesNet": -15500000,
    "incomeBeforeTax": 124900000,
    "incomeBeforeTaxRatio": 0.0880321398,
    "incomeTaxExpense": -47600000,
    "netIncome": 293000000,
    "netIncomeRatio": 0.2065125458,
    "eps": 0.72,
    "epsdiluted": 0.71,
    "weightedAverageShsOut": 407800000,
    "weightedAverageShsOutDil": 413400000,
    "link": "https://www.sec.gov/Archives/edgar/data/1699150/000162828022003991/0001628280-22-003991-index.htm",
    "finalLink": "https://www.sec.gov/Archives/edgar/data/1699150/000162828022003991/gdi-20211231.htm"
  },
  {
    "date": "2021-09-30",
    "symbol": "IR",
    "reportedCurrency": "USD",
    "cik": "0001699150",
    "fillingDate": "2021-11-05",
    "acceptedDate": "2021-11-05 08:48:58",
    "calendarYear": "2021",
    "period": "Q3",
    "revenue": 1325000000,
    "costOfRevenue": 810700000,
    "grossProfit": 514300000,
    "grossProfitRatio": 0.3881509434,
    "researchAndDevelopmentExpenses": 0,
    "generalAndAdministrativeExpenses": 0,
    "sellingAndMarketingExpenses": 0,
    "sellingGeneralAndAdministrativeExpenses": 252600000,
    "otherExpenses": 97800000,
    "operatingExpenses": 350400000,
    "costAndExpenses": 1161100000,
    "interestIncome": 0,
    "interestExpense": 22500000,
    "depreciationAndAmortization": 102500000,
    "ebitda": 260900000,
    "ebitdaratio": 0.1969056604,
    "operatingIncome": 163900000,
    "operatingIncomeRatio": 0.1236981132,
    "totalOtherIncomeExpensesNet": -28000000,
    "incomeBeforeTax": 135900000,
    "incomeBeforeTaxRatio": 0.1025660377,
    "incomeTaxExpense": 2700000,
    "netIncome": 126000000,
    "netIncomeRatio": 0.0950943396,
    "eps": 0.31,
    "epsdiluted": 0.3,
    "weightedAverageShsOut": 412300000,
    "weightedAverageShsOutDil": 418500000,
    "link": "https://www.sec.gov/Archives/edgar/data/1699150/000162828021021900/0001628280-21-021900-index.htm",
    "finalLink": "https://www.sec.gov/Archives/edgar/data/1699150/000162828021021900/iri-20210930.htm"
  },
  {
    "date": "2021-06-30",
    "symbol": "IR",
    "reportedCurrency": "USD",
    "cik": "0001699150",
    "fillingDate": "2021-07-30",
    "acceptedDate": "2021-07-30 16:08:32",
    "calendarYear": "2021",
    "period": "Q2",
    "revenue": 1279100000,
    "costOfRevenue": 766400000,
    "grossProfit": 512700000,
    "grossProfitRatio": 0.4008287077,
    "researchAndDevelopmentExpenses": 0,
    "generalAndAdministrativeExpenses": 0,
    "sellingAndMarketingExpenses": 0,
    "sellingGeneralAndAdministrativeExpenses": 267200000,
    "otherExpenses": 105400000,
    "operatingExpenses": 372600000,
    "costAndExpenses": 1139000000,
    "interestIncome": 0,
    "interestExpense": 22700000,
    "depreciationAndAmortization": 102300000,
    "ebitda": 276500000,
    "ebitdaratio": 0.2161676179,
    "operatingIncome": 140100000,
    "operatingIncomeRatio": 0.1095301384,
    "totalOtherIncomeExpensesNet": 11400000,
    "incomeBeforeTax": 151500000,
    "incomeBeforeTaxRatio": 0.118442655,
    "incomeTaxExpense": 12500000,
    "netIncome": 233900000,
    "netIncomeRatio": 0.1828629505,
    "eps": 0.56,
    "epsdiluted": 0.55,
    "weightedAverageShsOut": 419900000,
    "weightedAverageShsOutDil": 426800000,
    "link": "https://www.sec.gov/Archives/edgar/data/1699150/000162828021015044/0001628280-21-015044-index.htm",
    "finalLink": "https://www.sec.gov/Archives/edgar/data/1699150/000162828021015044/iri-20210630.htm"
  },
  {
    "date": "2021-03-31",
    "symbol": "IR",
    "reportedCurrency": "USD",
    "cik": "0001699150",
    "fillingDate": "2021-04-30",
    "acceptedDate": "2021-04-30 16:07:53",
    "calendarYear": "2021",
    "period": "Q1",
    "revenue": 1129500000,
    "costOfRevenue": 677400000,
    "grossProfit": 452100000,
    "grossProfitRatio": 0.4002656042,
    "researchAndDevelopmentExpenses": 0,
    "generalAndAdministrativeExpenses": 0,
    "sellingAndMarketingExpenses": 252300000,
    "sellingGeneralAndAdministrativeExpenses": 252300000,
    "otherExpenses": 78500000,
    "operatingExpenses": 330800000,
    "costAndExpenses": 1008200000,
    "interestIncome": 0,
    "interestExpense": 23100000,
    "depreciationAndAmortization": 105500000,
    "ebitda": 229300000,
    "ebitdaratio": 0.2030101815,
    "operatingIncome": 121300000,
    "operatingIncomeRatio": 0.1073926516,
    "totalOtherIncomeExpensesNet": -20600000,
    "incomeBeforeTax": 100700000,
    "incomeBeforeTaxRatio": 0.0891544931,
    "incomeTaxExpense": 17500000,
    "netIncome": -90400000,
    "netIncomeRatio": -0.0800354139,
    "eps": -0.22,
    "epsdiluted": -0.21,
    "weightedAverageShsOut": 419200000,
    "weightedAverageShsOutDil": 425900000,
    "link": "https://www.sec.gov/Archives/edgar/data/1699150/000162828021008453/0001628280-21-008453-index.htm",
    "finalLink": "https://www.sec.gov/Archives/edgar/data/1699150/000162828021008453/iri-20210331.htm"
  },
  {
    "date": "2020-12-31",
    "symbol": "IR",
    "reportedCurrency": "USD",
    "cik": "0001699150",
    "fillingDate": "2021-02-26",
    "acceptedDate": "2021-02-26 16:03:05",
    "calendarYear": "2020",
    "period": "Q4",
    "revenue": 1510700000,
    "costOfRevenue": 983800000,
    "grossProfit": 526900000,
    "grossProfitRatio": 0.3487787119,
    "researchAndDevelopmentExpenses": 0,
    "generalAndAdministrativeExpenses": 0,
    "sellingAndMarketingExpenses": 0,
    "sellingGeneralAndAdministrativeExpenses": 246100000,
    "otherExpenses": 150400000,
    "operatingExpenses": 396500000,
    "costAndExpenses": 1380300000,
    "interestIncome": 0,
    "interestExpense": 24400000,
    "depreciationAndAmortization": 141300000,
    "ebitda": 274600000,
    "ebitdaratio": 0.1817700404,
    "operatingIncome": 130400000,
    "operatingIncomeRatio": 0.0863176011,
    "totalOtherIncomeExpensesNet": -21500000,
    "incomeBeforeTax": 108900000,
    "incomeBeforeTaxRatio": 0.072085788,
    "incomeTaxExpense": -42200000,
    "netIncome": 151600000,
    "netIncomeRatio": 0.1003508307,
    "eps": 0.36,
    "epsdiluted": 0.36,
    "weightedAverageShsOut": 418400000,
    "weightedAverageShsOutDil": 424500000,
    "link": "https://www.sec.gov/Archives/edgar/data/1699150/000162828021003454/0001628280-21-003454-index.htm",
    "finalLink": "https://www.sec.gov/Archives/edgar/data/1699150/000162828021003454/gdi-20201231.htm"
  },
  {
    "date": "2020-09-30",
    "symbol": "IR",
    "reportedCurrency": "USD",
    "cik": "0001699150",
    "fillingDate": "2020-11-03",
    "acceptedDate": "2020-11-03 17:03:46",
    "calendarYear": "2020",
    "period": "Q3",
    "revenue": 1112500000,
    "costOfRevenue": 682500000,
    "grossProfit": 430000000,
    "grossProfitRatio": 0.3865168539,
    "researchAndDevelopmentExpenses": 0,
    "generalAndAdministrativeExpenses": -27000000,
    "sellingAndMarketingExpenses": 245600000,
    "sellingGeneralAndAdministrativeExpenses": 218600000,
    "otherExpenses": 142400000,
    "operatingExpenses": 361000000,
    "costAndExpenses": 1043500000,
    "interestIncome": 0,
    "interestExpense": 28800000,
    "depreciationAndAmortization": 117300000,
    "ebitda": 188900000,
    "ebitdaratio": 0.1697977528,
    "operatingIncome": 69000000,
    "operatingIncomeRatio": 0.0620224719,
    "totalOtherIncomeExpensesNet": -26200000,
    "incomeBeforeTax": 42800000,
    "incomeBeforeTaxRatio": 0.0384719101,
    "incomeTaxExpense": 18200000,
    "netIncome": 29500000,
    "netIncomeRatio": 0.0265168539,
    "eps": 0.07,
    "epsdiluted": 0.07,
    "weightedAverageShsOut": 417600000,
    "weightedAverageShsOutDil": 422000000,
    "link": "https://www.sec.gov/Archives/edgar/data/1699150/000162828020015382/0001628280-20-015382-index.htm",
    "finalLink": "https://www.sec.gov/Archives/edgar/data/1699150/000162828020015382/iri-20200930.htm"
  },
  {
    "date": "2020-06-30",
    "symbol": "IR",
    "reportedCurrency": "USD",
    "cik": "0001699150",
    "fillingDate": "2020-08-04",
    "acceptedDate": "2020-08-04 17:26:47",
    "calendarYear": "2020",
    "period": "Q2",
    "revenue": 1025400000,
    "costOfRevenue": 716800000,
    "grossProfit": 308600000,
    "grossProfitRatio": 0.3009557246,
    "researchAndDevelopmentExpenses": 0,
    "generalAndAdministrativeExpenses": 0,
    "sellingAndMarketingExpenses": 0,
    "sellingGeneralAndAdministrativeExpenses": 209100000,
    "otherExpenses": 144500000,
    "operatingExpenses": 353600000,
    "costAndExpenses": 1070400000,
    "interestIncome": 0,
    "interestExpense": 30800000,
    "depreciationAndAmortization": 115600000,
    "ebitda": 72900000,
    "ebitdaratio": 0.0710942071,
    "operatingIncome": -45000000,
    "operatingIncomeRatio": -0.043885313,
    "totalOtherIncomeExpensesNet": -28500000,
    "incomeBeforeTax": -73500000,
    "incomeBeforeTaxRatio": -0.0716793446,
    "incomeTaxExpense": 95800000,
    "netIncome": -177600000,
    "netIncomeRatio": -0.1732007022,
    "eps": -0.43,
    "epsdiluted": -0.43,
    "weightedAverageShsOut": 413513513,
    "weightedAverageShsOutDil": 417000000,
    "link": "https://www.sec.gov/Archives/edgar/data/1699150/000114036120017479/0001140361-20-017479-index.htm",
    "finalLink": "https://www.sec.gov/Archives/edgar/data/1699150/000114036120017479/form10q.htm"
  },
  {
    "date": "2020-03-31",
    "symbol": "IR",
    "reportedCurrency": "USD",
    "cik": "0001699150",
    "fillingDate": "2020-05-15",
    "acceptedDate": "2020-05-15 14:32:29",
    "calendarYear": "2020",
    "period": "Q1",
    "revenue": 703500000,
    "costOfRevenue": 485800000,
    "grossProfit": 217700000,
    "grossProfitRatio": 0.3094527363,
    "researchAndDevelopmentExpenses": 0,
    "generalAndAdministrativeExpenses": 0,
    "sellingAndMarketingExpenses": 147200000,
    "sellingGeneralAndAdministrativeExpenses": 147200000,
    "otherExpenses": 146600000,
    "operatingExpenses": 293800000,
    "costAndExpenses": 779600000,
    "interestIncome": 0,
    "interestExpense": 27100000,
    "depreciationAndAmortization": 63200000,
    "ebitda": -14700000,
    "ebitdaratio": -0.0208955224,
    "operatingIncome": -76100000,
    "operatingIncomeRatio": -0.1081734186,
    "totalOtherIncomeExpensesNet": -28900000,
    "incomeBeforeTax": -105000000,
    "incomeBeforeTaxRatio": -0.1492537313,
    "incomeTaxExpense": -58900000,
    "netIncome": -36800000,
    "netIncomeRatio": -0.0523098792,
    "eps": -0.13,
    "epsdiluted": -0.13,
    "weightedAverageShsOut": 277300000,
    "weightedAverageShsOutDil": 277300000,
    "link": "https://www.sec.gov/Archives/edgar/data/1699150/000114036120011736/0001140361-20-011736-index.htm",
    "finalLink": "https://www.sec.gov/Archives/edgar/data/1699150/000114036120011736/form10q.htm"
  },
  {
    "date": "2019-12-31",
    "symbol": "IR",
    "reportedCurrency": "USD",
    "cik": "0001699150",
    "fillingDate": "2020-02-26",
    "acceptedDate": "2020-02-26 16:04:02",
    "calendarYear": "2019",
    "period": "Q4",
    "revenue": 605800000,
    "costOfRevenue": 380500000,
    "grossProfit": 225300000,
    "grossProfitRatio": 0.3719049191,
    "researchAndDevelopmentExpenses": 0,
    "generalAndAdministrativeExpenses": 0,
    "sellingAndMarketingExpenses": 0,
    "sellingGeneralAndAdministrativeExpenses": 113400000,
    "otherExpenses": 64300000,
    "operatingExpenses": 177700000,
    "costAndExpenses": 558200000,
    "interestIncome": 0,
    "interestExpense": 20900000,
    "depreciationAndAmortization": 45200000,
    "ebitda": 94400000,
    "ebitdaratio": 0.1558270056,
    "operatingIncome": 47600000,
    "operatingIncomeRatio": 0.0785737867,
    "totalOtherIncomeExpensesNet": -19300000,
    "incomeBeforeTax": 28300000,
    "incomeBeforeTaxRatio": 0.0467150875,
    "incomeTaxExpense": 2500000,
    "netIncome": 25700000,
    "netIncomeRatio": 0.042423242,
    "eps": 0.13,
    "epsdiluted": 0.12,
    "weightedAverageShsOut": 204800000,
    "weightedAverageShsOutDil": 209400000,
    "link": "https://www.sec.gov/Archives/edgar/data/1699150/000114036120004146/0001140361-20-004146-index.htm",
    "finalLink": "https://www.sec.gov/Archives/edgar/data/1699150/000114036120004146/form10k.htm"
  },
  {
    "date": "2019-09-30",
    "symbol": "IR",
    "reportedCurrency": "USD",
    "cik": "0001699150",
    "fillingDate": "2019-10-30",
    "acceptedDate": "2019-10-30 16:16:57",
    "calendarYear": "2019",
    "period": "Q3",
    "revenue": 596700000,
    "costOfRevenue": 375200000,
    "grossProfit": 221500000,
    "grossProfitRatio": 0.3712083124,
    "researchAndDevelopmentExpenses": 0,
    "generalAndAdministrativeExpenses": 0,
    "sellingAndMarketingExpenses": 95300000,
    "sellingGeneralAndAdministrativeExpenses": 95300000,
    "otherExpenses": 53300000,
    "operatingExpenses": 148600000,
    "costAndExpenses": 523800000,
    "interestIncome": 0,
    "interestExpense": 23200000,
    "depreciationAndAmortization": 43000000,
    "ebitda": 116500000,
    "ebitdaratio": 0.1952404894,
    "operatingIncome": 72900000,
    "operatingIncomeRatio": 0.1221719457,
    "totalOtherIncomeExpensesNet": -22600000,
    "incomeBeforeTax": 50300000,
    "incomeBeforeTaxRatio": 0.0842969666,
    "incomeTaxExpense": 9000000,
    "netIncome": 41300000,
    "netIncomeRatio": 0.0692140104,
    "eps": 0.2,
    "epsdiluted": 0.2,
    "weightedAverageShsOut": 204200000,
    "weightedAverageShsOutDil": 209000000,
    "link": "https://www.sec.gov/Archives/edgar/data/1699150/000114036119019437/0001140361-19-019437-index.htm",
    "finalLink": "https://www.sec.gov/Archives/edgar/data/1699150/000114036119019437/form10q.htm"
  },
  {
    "date": "2019-06-30",
    "symbol": "IR",
    "reportedCurrency": "USD",
    "cik": "0001699150",
    "fillingDate": "2019-08-02",
    "acceptedDate": "2019-08-02 16:23:01",
    "calendarYear": "2019",
    "period": "Q2",
    "revenue": 629100000,
    "costOfRevenue": 394700000,
    "grossProfit": 234400000,
    "grossProfitRatio": 0.3725957717,
    "researchAndDevelopmentExpenses": 0,
    "generalAndAdministrativeExpenses": 7100000,
    "sellingAndMarketingExpenses": 103600000,
    "sellingGeneralAndAdministrativeExpenses": 110700000,
    "otherExpenses": 49100000,
    "operatingExpenses": 159800000,
    "costAndExpenses": 554500000,
    "interestIncome": 0,
    "interestExpense": 22400000,
    "depreciationAndAmortization": 44400000,
    "ebitda": 120000000,
    "ebitdaratio": 0.1907486886,
    "operatingIncome": 74600000,
    "operatingIncomeRatio": 0.1185821014,
    "totalOtherIncomeExpensesNet": -21400000,
    "incomeBeforeTax": 53200000,
    "incomeBeforeTaxRatio": 0.0845652519,
    "incomeTaxExpense": 8300000,
    "netIncome": 44900000,
    "netIncomeRatio": 0.071371801,
    "eps": 0.22,
    "epsdiluted": 0.21,
    "weightedAverageShsOut": 203400000,
    "weightedAverageShsOutDil": 208900000,
    "link": "https://www.sec.gov/Archives/edgar/data/1699150/000114036119014130/0001140361-19-014130-index.htm",
    "finalLink": "https://www.sec.gov/Archives/edgar/data/1699150/000114036119014130/form10q.htm"
  },
  {
    "date": "2019-03-31",
    "symbol": "IR",
    "reportedCurrency": "USD",
    "cik": "0001699150",
    "fillingDate": "2019-04-30",
    "acceptedDate": "2019-04-30 16:51:45",
    "calendarYear": "2019",
    "period": "Q1",
    "revenue": 620300000,
    "costOfRevenue": 389800000,
    "grossProfit": 230500000,
    "grossProfitRatio": 0.3715943898,
    "researchAndDevelopmentExpenses": 0,
    "generalAndAdministrativeExpenses": 9300000,
    "sellingAndMarketingExpenses": 117000000,
    "sellingGeneralAndAdministrativeExpenses": 117000000,
    "otherExpenses": 33300000,
    "operatingExpenses": 150300000,
    "costAndExpenses": 540100000,
    "interestIncome": 0,
    "interestExpense": 22400000,
    "depreciationAndAmortization": 45500000,
    "ebitda": 127000000,
    "ebitdaratio": 0.2047396421,
    "operatingIncome": 80200000,
    "operatingIncomeRatio": 0.1292922779,
    "totalOtherIncomeExpensesNet": -21100000,
    "incomeBeforeTax": 59100000,
    "incomeBeforeTaxRatio": 0.0952764791,
    "incomeTaxExpense": 12000000,
    "netIncome": 47100000,
    "netIncomeRatio": 0.0759310011,
    "eps": 0.23,
    "epsdiluted": 0.23,
    "weightedAverageShsOut": 201600000,
    "weightedAverageShsOutDil": 207700000,
    "link": "https://www.sec.gov/Archives/edgar/data/1699150/000114036119008046/0001140361-19-008046-index.htm",
    "finalLink": "https://www.sec.gov/Archives/edgar/data/1699150/000114036119008046/form10q.htm"
  },
  {
    "date": "2018-12-31",
    "symbol": "IR",
    "reportedCurrency": "USD",
    "cik": "0001699150",
    "fillingDate": "2019-02-27",
    "acceptedDate": "2019-02-27 17:29:16",
    "calendarYear": "2018",
    "period": "Q4",
    "revenue": 712700000,
    "costOfRevenue": 443700000,
    "grossProfit": 269000000,
    "grossProfitRatio": 0.3774379122,
    "researchAndDevelopmentExpenses": 0,
    "generalAndAdministrativeExpenses": -5200000,
    "sellingAndMarketingExpenses": 104200000,
    "sellingGeneralAndAdministrativeExpenses": 99000000,
    "otherExpenses": 35900000,
    "operatingExpenses": 134900000,
    "costAndExpenses": 578600000,
    "interestIncome": 0,
    "interestExpense": 23100000,
    "depreciationAndAmortization": 45800000,
    "ebitda": 180300000,
    "ebitdaratio": 0.2529816192,
    "operatingIncome": 134100000,
    "operatingIncomeRatio": 0.1881577101,
    "totalOtherIncomeExpensesNet": -22700000,
    "incomeBeforeTax": 111400000,
    "incomeBeforeTaxRatio": 0.1563070015,
    "incomeTaxExpense": 16900000,
    "netIncome": 94500000,
    "netIncomeRatio": 0.1325943595,
    "eps": 0.47,
    "epsdiluted": 0.45,
    "weightedAverageShsOut": 201063830,
    "weightedAverageShsOutDil": 210000000,
    "link": "https://www.sec.gov/Archives/edgar/data/1699150/000114036119004014/0001140361-19-004014-index.htm",
    "finalLink": "https://www.sec.gov/Archives/edgar/data/1699150/000114036119004014/h10061123x1_10k.htm"
  },
  {
    "date": "2018-09-30",
    "symbol": "IR",
    "reportedCurrency": "USD",
    "cik": "0001699150",
    "fillingDate": "2018-10-29",
    "acceptedDate": "2018-10-29 08:01:52",
    "calendarYear": "2018",
    "period": "Q3",
    "revenue": 689300000,
    "costOfRevenue": 426900000,
    "grossProfit": 262400000,
    "grossProfitRatio": 0.3806760482,
    "researchAndDevelopmentExpenses": 0,
    "generalAndAdministrativeExpenses": 1100000,
    "sellingAndMarketingExpenses": 107700000,
    "sellingGeneralAndAdministrativeExpenses": 107700000,
    "otherExpenses": 37000000,
    "operatingExpenses": 144700000,
    "costAndExpenses": 571600000,
    "interestIncome": 0,
    "interestExpense": 24400000,
    "depreciationAndAmortization": 44400000,
    "ebitda": 163600000,
    "ebitdaratio": 0.2373422312,
    "operatingIncome": 117700000,
    "operatingIncomeRatio": 0.1707529378,
    "totalOtherIncomeExpensesNet": -22900000,
    "incomeBeforeTax": 94800000,
    "incomeBeforeTaxRatio": 0.1375308284,
    "incomeTaxExpense": 22600000,
    "netIncome": 72200000,
    "netIncomeRatio": 0.1047439431,
    "eps": 0.36,
    "epsdiluted": 0.35,
    "weightedAverageShsOut": 201900000,
    "weightedAverageShsOutDil": 209100000,
    "link": "https://www.sec.gov/Archives/edgar/data/1699150/000114036118041472/0001140361-18-041472-index.htm",
    "finalLink": "https://www.sec.gov/Archives/edgar/data/1699150/000114036118041472/form10q.htm"
  },
  {
    "date": "2018-06-30",
    "symbol": "IR",
    "reportedCurrency": "USD",
    "cik": "0001699150",
    "fillingDate": "2018-08-03",
    "acceptedDate": "2018-08-03 16:19:32",
    "calendarYear": "2018",
    "period": "Q2",
    "revenue": 668200000,
    "costOfRevenue": 418900000,
    "grossProfit": 249300000,
    "grossProfitRatio": 0.3730918887,
    "researchAndDevelopmentExpenses": 0,
    "generalAndAdministrativeExpenses": -800000,
    "sellingAndMarketingExpenses": 115800000,
    "sellingGeneralAndAdministrativeExpenses": 115000000,
    "otherExpenses": 32900000,
    "operatingExpenses": 147900000,
    "costAndExpenses": 566800000,
    "interestIncome": 0,
    "interestExpense": 26100000,
    "depreciationAndAmortization": 45200000,
    "ebitda": 148800000,
    "ebitdaratio": 0.222687818,
    "operatingIncome": 101400000,
    "operatingIncomeRatio": 0.1517509728,
    "totalOtherIncomeExpensesNet": -23900000,
    "incomeBeforeTax": 77500000,
    "incomeBeforeTaxRatio": 0.1159832386,
    "incomeTaxExpense": 17200000,
    "netIncome": 60300000,
    "netIncomeRatio": 0.0902424424,
    "eps": 0.3,
    "epsdiluted": 0.29,
    "weightedAverageShsOut": 201800000,
    "weightedAverageShsOutDil": 209600000,
    "link": "https://www.sec.gov/Archives/edgar/data/1699150/000114036118035393/0001140361-18-035393-index.htm",
    "finalLink": "https://www.sec.gov/Archives/edgar/data/1699150/000114036118035393/form10q.htm"
  },
  {
    "date": "2018-03-31",
    "symbol": "IR",
    "reportedCurrency": "USD",
    "cik": "0001699150",
    "fillingDate": "2018-04-27",
    "acceptedDate": "2018-04-27 16:25:22",
    "calendarYear": "2018",
    "period": "Q1",
    "revenue": 619600000,
    "costOfRevenue": 387700000,
    "grossProfit": 231900000,
    "grossProfitRatio": 0.374273725,
    "researchAndDevelopmentExpenses": 0,
    "generalAndAdministrativeExpenses": 2700000,
    "sellingAndMarketingExpenses": 106900000,
    "sellingGeneralAndAdministrativeExpenses": 109600000,
    "otherExpenses": 32500000,
    "operatingExpenses": 142100000,
    "costAndExpenses": 529800000,
    "interestIncome": 0,
    "interestExpense": 26000000,
    "depreciationAndAmortization": 45000000,
    "ebitda": 136800000,
    "ebitdaratio": 0.2207876049,
    "operatingIncome": 89800000,
    "operatingIncomeRatio": 0.1449322143,
    "totalOtherIncomeExpensesNet": -24000000,
    "incomeBeforeTax": 65800000,
    "incomeBeforeTaxRatio": 0.1061975468,
    "incomeTaxExpense": 23400000,
    "netIncome": 42400000,
    "netIncomeRatio": 0.068431246,
    "eps": 0.21,
    "epsdiluted": 0.2,
    "weightedAverageShsOut": 201600000,
    "weightedAverageShsOutDil": 209900000,
    "link": "https://www.sec.gov/Archives/edgar/data/1699150/000114036118020162/0001140361-18-020162-index.htm",
    "finalLink": "https://www.sec.gov/Archives/edgar/data/1699150/000114036118020162/form10q.htm"
  },
  {
    "date": "2017-12-31",
    "symbol": "IR",
    "reportedCurrency": "USD",
    "cik": "0001699150",
    "fillingDate": "2018-02-16",
    "acceptedDate": "2018-02-16 16:48:42",
    "calendarYear": "2017",
    "period": "Q4",
    "revenue": 665000000,
    "costOfRevenue": 411500000,
    "grossProfit": 253500000,
    "grossProfitRatio": 0.3812030075,
    "researchAndDevelopmentExpenses": 0,
    "generalAndAdministrativeExpenses": 194200000,
    "sellingAndMarketingExpenses": 107500000,
    "sellingGeneralAndAdministrativeExpenses": 301700000,
    "otherExpenses": -125900000,
    "operatingExpenses": 175800000,
    "costAndExpenses": 587300000,
    "interestIncome": 0,
    "interestExpense": 25200000,
    "depreciationAndAmortization": 46900000,
    "ebitda": 125800000,
    "ebitdaratio": 0.1891729323,
    "operatingIncome": 77700000,
    "operatingIncomeRatio": 0.1168421053,
    "totalOtherIncomeExpensesNet": -24100000,
    "incomeBeforeTax": 53600000,
    "incomeBeforeTaxRatio": 0.0806015038,
    "incomeTaxExpense": -90100000,
    "netIncome": 143600000,
    "netIncomeRatio": 0.2159398496,
    "eps": 0.71,
    "epsdiluted": 0.69,
    "weightedAverageShsOut": 202535211,
    "weightedAverageShsOutDil": 208405797,
    "link": "https://www.sec.gov/Archives/edgar/data/1699150/000114036118008833/0001140361-18-008833-index.htm",
    "finalLink": "https://www.sec.gov/Archives/edgar/data/1699150/000114036118008833/form10k.htm"
  },
  {
    "date": "2017-09-30",
    "symbol": "IR",
    "reportedCurrency": "USD",
    "cik": "0001699150",
    "fillingDate": "2017-10-27",
    "acceptedDate": "2017-10-27 13:38:28",
    "calendarYear": "2017",
    "period": "Q3",
    "revenue": 649600000,
    "costOfRevenue": 395700000,
    "grossProfit": 253900000,
    "grossProfitRatio": 0.3908559113,
    "researchAndDevelopmentExpenses": 0,
    "generalAndAdministrativeExpenses": 9800000,
    "sellingAndMarketingExpenses": 111000000,
    "sellingGeneralAndAdministrativeExpenses": 120800000,
    "otherExpenses": 37100000,
    "operatingExpenses": 157900000,
    "costAndExpenses": 553600000,
    "interestIncome": 0,
    "interestExpense": 30100000,
    "depreciationAndAmortization": 43400000,
    "ebitda": 105900000,
    "ebitdaratio": 0.163023399,
    "operatingIncome": 96000000,
    "operatingIncomeRatio": 0.1477832512,
    "totalOtherIncomeExpensesNet": -63600000,
    "incomeBeforeTax": 32400000,
    "incomeBeforeTaxRatio": 0.0498768473,
    "incomeTaxExpense": 4400000,
    "netIncome": 28000000,
    "netIncomeRatio": 0.0431034483,
    "eps": 0.14,
    "epsdiluted": 0.13,
    "weightedAverageShsOut": 200000000,
    "weightedAverageShsOutDil": 215384615,
    "link": "https://www.sec.gov/Archives/edgar/data/1699150/000114036117039786/0001140361-17-039786-index.htm",
    "finalLink": "https://www.sec.gov/Archives/edgar/data/1699150/000114036117039786/form10q.htm"
  },
  {
    "date": "2017-06-30",
    "symbol": "IR",
    "reportedCurrency": "USD",
    "cik": "0001699150",
    "fillingDate": "2017-08-04",
    "acceptedDate": "2017-08-04 06:16:38",
    "calendarYear": "2017",
    "period": "Q2",
    "revenue": 579100000,
    "costOfRevenue": 363200000,
    "grossProfit": 215900000,
    "grossProfitRatio": 0.3728198929,
    "researchAndDevelopmentExpenses": 0,
    "generalAndAdministrativeExpenses": 156200000,
    "sellingAndMarketingExpenses": 125600000,
    "sellingGeneralAndAdministrativeExpenses": 281800000,
    "otherExpenses": 35700000,
    "operatingExpenses": 317500000,
    "costAndExpenses": 680700000,
    "interestIncome": 0,
    "interestExpense": 39500000,
    "depreciationAndAmortization": 43800000,
    "ebitda": -106900000,
    "ebitdaratio": -0.1845967881,
    "operatingIncome": -101600000,
    "operatingIncomeRatio": -0.1754446555,
    "totalOtherIncomeExpensesNet": -88600000,
    "incomeBeforeTax": -190200000,
    "incomeBeforeTaxRatio": -0.3284406838,
    "incomeTaxExpense": -43900000,
    "netIncome": -146300000,
    "netIncomeRatio": -0.2526333966,
    "eps": -0.83,
    "epsdiluted": -0.83,
    "weightedAverageShsOut": 176265060,
    "weightedAverageShsOutDil": 176265060,
    "link": "https://www.sec.gov/Archives/edgar/data/1699150/000114036117030148/0001140361-17-030148-index.htm",
    "finalLink": "https://www.sec.gov/Archives/edgar/data/1699150/000114036117030148/form10q.htm"
  },
  {
    "date": "2017-03-31",
    "symbol": "IR",
    "reportedCurrency": "USD",
    "cik": "0001699150",
    "fillingDate": "2017-03-31",
    "acceptedDate": "2017-03-30 20:00:00",
    "calendarYear": "2017",
    "period": "Q1",
    "revenue": 481700000,
    "costOfRevenue": 307100000,
    "grossProfit": 174600000,
    "grossProfitRatio": 0.3624662653,
    "researchAndDevelopmentExpenses": 0,
    "generalAndAdministrativeExpenses": 0,
    "sellingAndMarketingExpenses": 102300000,
    "sellingGeneralAndAdministrativeExpenses": 102300000,
    "otherExpenses": 35500000,
    "operatingExpenses": 137800000,
    "costAndExpenses": 444900000,
    "interestIncome": 0,
    "interestExpense": 45863000,
    "depreciationAndAmortization": 39700000,
    "ebitda": 77000000,
    "ebitdaratio": 0.1598505294,
    "operatingIncome": 36800000,
    "operatingIncomeRatio": 0.0763960972,
    "totalOtherIncomeExpensesNet": -45400000,
    "incomeBeforeTax": -8600000,
    "incomeBeforeTaxRatio": -0.0178534357,
    "incomeTaxExpense": -1619000,
    "netIncome": -7015000,
    "netIncomeRatio": -0.014563006,
    "eps": -0.0374,
    "epsdiluted": -0.0374,
    "weightedAverageShsOut": 189732248,
    "weightedAverageShsOutDil": 189732248,
    "link": "",
    "finalLink": ""
  },
  {
    "date": "2016-12-31",
    "symbol": "IR",
    "reportedCurrency": "USD",
    "cik": "0001699150",
    "fillingDate": "2016-12-31",
    "acceptedDate": "2016-12-30 19:00:00",
    "calendarYear": "2016",
    "period": "Q4",
    "revenue": 577836000,
    "costOfRevenue": 355605000,
    "grossProfit": 222231000,
    "grossProfitRatio": 0.3845918219,
    "researchAndDevelopmentExpenses": 0,
    "generalAndAdministrativeExpenses": 0,
    "sellingAndMarketingExpenses": 104039000,
    "sellingGeneralAndAdministrativeExpenses": 104039000,
    "otherExpenses": 79648000,
    "operatingExpenses": 183687000,
    "costAndExpenses": 539292000,
    "interestIncome": 0,
    "interestExpense": 41638000,
    "depreciationAndAmortization": 45825000,
    "ebitda": 84613000,
    "ebitdaratio": 0.1464308212,
    "operatingIncome": 38544000,
    "operatingIncomeRatio": 0.0667040475,
    "totalOtherIncomeExpensesNet": -41394000,
    "incomeBeforeTax": -2850000,
    "incomeBeforeTaxRatio": -0.0049321953,
    "incomeTaxExpense": 1440000,
    "netIncome": -10220000,
    "netIncomeRatio": -0.0176866793,
    "eps": -0.0539,
    "epsdiluted": -0.0539,
    "weightedAverageShsOut": 189732248,
    "weightedAverageShsOutDil": 189732248,
    "link": "",
    "finalLink": ""
  },
  {
    "date": "2016-09-30",
    "symbol": "IR",
    "reportedCurrency": "USD",
    "cik": "0001699150",
    "fillingDate": "2016-09-30",
    "acceptedDate": "2016-09-29 20:00:00",
    "calendarYear": "2016",
    "period": "Q3",
    "revenue": 462600000,
    "costOfRevenue": 298400000,
    "grossProfit": 164200000,
    "grossProfitRatio": 0.354950281,
    "researchAndDevelopmentExpenses": 0,
    "generalAndAdministrativeExpenses": 0,
    "sellingAndMarketingExpenses": 100900000,
    "sellingGeneralAndAdministrativeExpenses": 100900000,
    "otherExpenses": 43100000,
    "operatingExpenses": 144000000,
    "costAndExpenses": 442400000,
    "interestIncome": 0,
    "interestExpense": 43000000,
    "depreciationAndAmortization": 42900000,
    "ebitda": 63800000,
    "ebitdaratio": 0.1379161262,
    "operatingIncome": 20200000,
    "operatingIncomeRatio": 0.0436662343,
    "totalOtherIncomeExpensesNet": -42300000,
    "incomeBeforeTax": -22100000,
    "incomeBeforeTaxRatio": -0.0477734544,
    "incomeTaxExpense": -9100000,
    "netIncome": -12900000,
    "netIncomeRatio": -0.0278858625,
    "eps": -0.068,
    "epsdiluted": -0.068,
    "weightedAverageShsOut": 189732248,
    "weightedAverageShsOutDil": 189732248,
    "link": "",
    "finalLink": ""
  },
  {
    "date": "2016-06-30",
    "symbol": "IR",
    "reportedCurrency": "USD",
    "cik": "0001699150",
    "fillingDate": "2016-06-30",
    "acceptedDate": "2016-06-29 20:00:00",
    "calendarYear": "2016",
    "period": "Q2",
    "revenue": 462000000,
    "costOfRevenue": 290500000,
    "grossProfit": 171500000,
    "grossProfitRatio": 0.3712121212,
    "researchAndDevelopmentExpenses": 0,
    "generalAndAdministrativeExpenses": 0,
    "sellingAndMarketingExpenses": 106400000,
    "sellingGeneralAndAdministrativeExpenses": 106400000,
    "otherExpenses": 39100000,
    "operatingExpenses": 145500000,
    "costAndExpenses": 436000000,
    "interestIncome": 0,
    "interestExpense": 42700000,
    "depreciationAndAmortization": 42757000,
    "ebitda": 70457000,
    "ebitdaratio": 0.152504329,
    "operatingIncome": 26000000,
    "operatingIncomeRatio": 0.0562770563,
    "totalOtherIncomeExpensesNet": -41000000,
    "incomeBeforeTax": -15000000,
    "incomeBeforeTaxRatio": -0.0324675325,
    "incomeTaxExpense": -10900000,
    "netIncome": -3900000,
    "netIncomeRatio": -0.0084415584,
    "eps": -0.0206,
    "epsdiluted": -0.0206,
    "weightedAverageShsOut": 189732248,
    "weightedAverageShsOutDil": 189732248,
    "link": "",
    "finalLink": ""
  },
  {
    "date": "2016-03-31",
    "symbol": "IR",
    "reportedCurrency": "USD",
    "cik": "0001699150",
    "fillingDate": "2016-03-31",
    "acceptedDate": "2016-03-31 00:00:00",
    "calendarYear": "2016",
    "period": "Q1",
    "revenue": 437050000,
    "costOfRevenue": 278243000,
    "grossProfit": 158807000,
    "grossProfitRatio": 0.3633611715,
    "researchAndDevelopmentExpenses": 0,
    "generalAndAdministrativeExpenses": 0,
    "sellingAndMarketingExpenses": 103077000,
    "sellingGeneralAndAdministrativeExpenses": 103077000,
    "otherExpenses": 36173000,
    "operatingExpenses": 139250000,
    "costAndExpenses": 417493000,
    "interestIncome": 0,
    "interestExpense": 43041000,
    "depreciationAndAmortization": 41243000,
    "ebitda": 61163000,
    "ebitdaratio": 0.1399450864,
    "operatingIncome": 19557000,
    "operatingIncomeRatio": 0.0447477405,
    "totalOtherIncomeExpensesNet": -42678000,
    "incomeBeforeTax": -23121000,
    "incomeBeforeTaxRatio": -0.0529024139,
    "incomeTaxExpense": -13226000,
    "netIncome": -9620000,
    "netIncomeRatio": -0.0220112115,
    "eps": -0.0507,
    "epsdiluted": -0.0507,
    "weightedAverageShsOut": 189732248,
    "weightedAverageShsOutDil": 189732248,
    "link": "",
    "finalLink": ""
  },
  {
    "date": "2015-09-30",
    "symbol": "IR",
    "reportedCurrency": "USD",
    "cik": "0001699150",
    "fillingDate": "2015-09-30",
    "acceptedDate": "2015-09-29 20:00:00",
    "calendarYear": "2015",
    "period": "Q3",
    "revenue": 3486900000,
    "costOfRevenue": 2379400000,
    "grossProfit": 1107500000,
    "grossProfitRatio": 0.3176173679,
    "researchAndDevelopmentExpenses": 0,
    "generalAndAdministrativeExpenses": 0,
    "sellingAndMarketingExpenses": 0,
    "sellingGeneralAndAdministrativeExpenses": 632100000,
    "otherExpenses": 0,
    "operatingExpenses": 632100000,
    "costAndExpenses": 2999300000,
    "interestIncome": 55800000,
    "interestExpense": 0,
    "depreciationAndAmortization": 89733244,
    "ebitda": 565133244,
    "ebitdaratio": 0.1620732582,
    "operatingIncome": 475400000,
    "operatingIncomeRatio": 0.1363388683,
    "totalOtherIncomeExpensesNet": -43600000,
    "incomeBeforeTax": 431800000,
    "incomeBeforeTaxRatio": 0.123834925,
    "incomeTaxExpense": 113800000,
    "netIncome": 312900000,
    "netIncomeRatio": 0.0897358685,
    "eps": 1.9,
    "epsdiluted": 1.9,
    "weightedAverageShsOut": 164288775,
    "weightedAverageShsOutDil": 164288775,
    "link": null,
    "finalLink": null
  },
  {
    "date": "2014-09-30",
    "symbol": "IR",
    "reportedCurrency": "USD",
    "cik": "0001699150",
    "fillingDate": "2014-09-30",
    "acceptedDate": "2014-09-29 20:00:00",
    "calendarYear": "2014",
    "period": "Q3",
    "revenue": 3385000000,
    "costOfRevenue": 2327000000,
    "grossProfit": 1058000000,
    "grossProfitRatio": 0.3125553914,
    "researchAndDevelopmentExpenses": 0,
    "generalAndAdministrativeExpenses": 0,
    "sellingAndMarketingExpenses": 0,
    "sellingGeneralAndAdministrativeExpenses": 618000000,
    "otherExpenses": 0,
    "operatingExpenses": 618000000,
    "costAndExpenses": 2935400000,
    "interestIncome": 52300000,
    "interestExpense": 0,
    "depreciationAndAmortization": -440000000,
    "ebitda": 0,
    "ebitdaratio": 0,
    "operatingIncome": 440000000,
    "operatingIncomeRatio": 0.129985229,
    "totalOtherIncomeExpensesNet": -42700000,
    "incomeBeforeTax": 397300000,
    "incomeBeforeTaxRatio": 0.1173707533,
    "incomeTaxExpense": 94100000,
    "netIncome": 298300000,
    "netIncomeRatio": 0.0881240768,
    "eps": 1.79,
    "epsdiluted": 1.79,
    "weightedAverageShsOut": 166309472,
    "weightedAverageShsOutDil": 166309472,
    "link": null,
    "finalLink": null
  },
  {
    "date": "2013-03-31",
    "symbol": "IR",
    "reportedCurrency": "USD",
    "cik": "0001699150",
    "fillingDate": "2013-03-31",
    "acceptedDate": "2013-03-30 20:00:00",
    "calendarYear": "2013",
    "period": "Q1",
    "revenue": 513541000,
    "costOfRevenue": 339595000,
    "grossProfit": 173946000,
    "grossProfitRatio": 0.338718817,
    "researchAndDevelopmentExpenses": 0,
    "generalAndAdministrativeExpenses": 0,
    "sellingAndMarketingExpenses": 0,
    "sellingGeneralAndAdministrativeExpenses": 102462000,
    "otherExpenses": 6799000,
    "operatingExpenses": 109261000,
    "costAndExpenses": 448856000,
    "interestIncome": 2677000,
    "interestExpense": 0,
    "depreciationAndAmortization": 14896000,
    "ebitda": 86357000,
    "ebitdaratio": 0.1681598938,
    "operatingIncome": 71461000,
    "operatingIncomeRatio": 0.1391534464,
    "totalOtherIncomeExpensesNet": -9453000,
    "incomeBeforeTax": 62008000,
    "incomeBeforeTaxRatio": 0.120745958,
    "incomeTaxExpense": 16122000,
    "netIncome": 45683000,
    "netIncomeRatio": 0.08895687,
    "eps": 1.52,
    "epsdiluted": 1.51,
    "weightedAverageShsOut": 30102888,
    "weightedAverageShsOutDil": 30222889,
    "link": null,
    "finalLink": null
  },
  {
    "date": "2012-12-31",
    "symbol": "IR",
    "reportedCurrency": "USD",
    "cik": "0001699150",
    "fillingDate": "2012-12-31",
    "acceptedDate": "2012-12-30 19:00:00",
    "calendarYear": "2012",
    "period": "Q4",
    "revenue": 589671000,
    "costOfRevenue": 387643000,
    "grossProfit": 202028000,
    "grossProfitRatio": 0.3426113884,
    "researchAndDevelopmentExpenses": 39500000,
    "generalAndAdministrativeExpenses": 0,
    "sellingAndMarketingExpenses": 0,
    "sellingGeneralAndAdministrativeExpenses": 96924000,
    "otherExpenses": -30953000,
    "operatingExpenses": 105471000,
    "costAndExpenses": 493114000,
    "interestIncome": 3166000,
    "interestExpense": 0,
    "depreciationAndAmortization": 14923000,
    "ebitda": 119602000,
    "ebitdaratio": 0.2028283568,
    "operatingIncome": 104679000,
    "operatingIncomeRatio": 0.1775210244,
    "totalOtherIncomeExpensesNet": -11288000,
    "incomeBeforeTax": 93391000,
    "incomeBeforeTaxRatio": 0.1583781465,
    "incomeTaxExpense": 23987000,
    "netIncome": 69064000,
    "netIncomeRatio": 0.117122938,
    "eps": 2.29,
    "epsdiluted": 2.29,
    "weightedAverageShsOut": 30193100,
    "weightedAverageShsOutDil": 30197783,
    "link": null,
    "finalLink": null
  },
  {
    "date": "2012-09-30",
    "symbol": "IR",
    "reportedCurrency": "USD",
    "cik": "0001699150",
    "fillingDate": "2012-09-30",
    "acceptedDate": "2012-09-29 20:00:00",
    "calendarYear": "2012",
    "period": "Q3",
    "revenue": 548484000,
    "costOfRevenue": 360562000,
    "grossProfit": 187922000,
    "grossProfitRatio": 0.342620751,
    "researchAndDevelopmentExpenses": 0,
    "generalAndAdministrativeExpenses": 0,
    "sellingAndMarketingExpenses": 0,
    "sellingGeneralAndAdministrativeExpenses": 96793000,
    "otherExpenses": 825000,
    "operatingExpenses": 97618000,
    "costAndExpenses": 262944000,
    "interestIncome": 0,
    "interestExpense": 3739000,
    "depreciationAndAmortization": 14358000,
    "ebitda": 103464000,
    "ebitdaratio": 0.1886363139,
    "operatingIncome": 89106000,
    "operatingIncomeRatio": 0.1624587044,
    "totalOtherIncomeExpensesNet": -2541000,
    "incomeBeforeTax": 86565000,
    "incomeBeforeTaxRatio": 0.1578259348,
    "incomeTaxExpense": 22194000,
    "netIncome": 64103000,
    "netIncomeRatio": 0.1168730537,
    "eps": 2.12,
    "epsdiluted": 2.13,
    "weightedAverageShsOut": 30145735,
    "weightedAverageShsOutDil": 30145735,
    "link": null,
    "finalLink": null
  }
]