[
  {
    "date": "2024-12-31",
    "symbol": "IR",
    "reportedCurrency": "USD",
    "cik": "0001699150",
    "fillingDate": "2025-02-19",
    "acceptedDate": "2025-02-19 16:32:35",
    "calendarYear": "2024",
    "period": "FY",
    "revenue": 7235000000,
    "costOfRevenue": 4065000000,
    "grossProfit": 3170000000,
    "grossProfitRatio": 0.4381478922,
    "researchAndDevelopmentExpenses": 0,
    "generalAndAdministrativeExpenses": 0,
    "sellingAndMarketingExpenses": 0,
    "sellingGeneralAndAdministrativeExpenses": 1344400000,
    "otherExpenses": 525500000,
    "operatingExpenses": 1869900000,
    "costAndExpenses": 5934900000,
    "interestIncome": 0,
    "interestExpense": 213200000,
    "depreciationAndAmortization": 482000000,
    "ebitda": 1828000000,
    "ebitdaratio": 0.2526606773,
    "operatingIncome": 1300100000,
    "operatingIncomeRatio": 0.1796959226,
    "totalOtherIncomeExpensesNet": -167300000,
    "incomeBeforeTax": 1132800000,
    "incomeBeforeTaxRatio": 0.1565722184,
    "incomeTaxExpense": 262500000,
    "netIncome": 838600000,
    "netIncomeRatio": 0.1159087768,
    "eps": 2.08,
    "epsdiluted": 2.06,
    "weightedAverageShsOut": 403400000,
    "weightedAverageShsOutDil": 407200000,
    "link": "https://www.sec.gov/Archives/edgar/data/1699150/000162828025006391/0001628280-25-006391-index.htm",
    "finalLink": "https://www.sec.gov/Archives/edgar/data/1699150/000162828025006391/iri-20241231.htm"
  },
  {
    "date": "2023-12-31",
    "symbol": "IR",
    "reportedCurrency": "USD",
    "cik": "0001699150",
    "fillingDate": "2024-02-23",
    "acceptedDate": "2024-02-23 16:14:26",
    "calendarYear": "2023",
    "period": "FY",
    "revenue": 6876100000,
    "costOfRevenue": 3993900000,
    "grossProfit": 2882200000,
    "grossProfitRatio": 0.419162025,
    "researchAndDevelopmentExpenses": 0,
    "generalAndAdministrativeExpenses": 0,
    "sellingAndMarketingExpenses": 0,
    "sellingGeneralAndAdministrativeExpenses": 1272700000,
    "otherExpenses": 445200000,
    "operatingExpenses": 1717900000,
    "costAndExpenses": 5711800000,
    "interestIncome": 0,
    "interestExpense": 156700000,
    "depreciationAndAmortization": 459100000,
    "ebitda": 1646900000,
    "ebitdaratio": 0.2395107692,
    "operatingIncome": 1164300000,
    "operatingIncomeRatio": 0.1693256352,
    "totalOtherIncomeExpensesNet": -133200000,
    "incomeBeforeTax": 1031100000,
    "incomeBeforeTaxRatio": 0.1499541891,
    "incomeTaxExpense": 240000000,
    "netIncome": 778700000,
    "netIncomeRatio": 0.113247335,
    "eps": 1.92,
    "epsdiluted": 1.9,
    "weightedAverageShsOut": 404800000,
    "weightedAverageShsOutDil": 409000000,
    "link": "https://www.sec.gov/Archives/edgar/data/1699150/000162828024006642/0001628280-24-006642-index.htm",
    "finalLink": "https://www.sec.gov/Archives/edgar/data/1699150/000162828024006642/iri-20231231.htm"
  },
  {
    "date": "2022-12-31",
    "symbol": "IR",
    "reportedCurrency": "USD",
    "cik": "0001699150",
    "fillingDate": "2023-02-21",
    "acceptedDate": "2023-02-21 16:07:28",
    "calendarYear": "2022",
    "period": "FY",
    "revenue": 5916300000,
    "costOfRevenue": 3590700000,
    "grossProfit": 2325600000,
    "grossProfitRatio": 0.393083515,
    "researchAndDevelopmentExpenses": 0,
    "generalAndAdministrativeExpenses": 0,
    "sellingAndMarketingExpenses": 1095800000,
    "sellingGeneralAndAdministrativeExpenses": 1095800000,
    "otherExpenses": 412500000,
    "operatingExpenses": 1508300000,
    "costAndExpenses": 5099000000,
    "interestIncome": 0,
    "interestExpense": 103200000,
    "depreciationAndAmortization": 432800000,
    "ebitda": 1278200000,
    "ebitdaratio": 0.2160471917,
    "operatingIncome": 817300000,
    "operatingIncomeRatio": 0.1381437723,
    "totalOtherIncomeExpensesNet": -75100000,
    "incomeBeforeTax": 742200000,
    "incomeBeforeTaxRatio": 0.1254500279,
    "incomeTaxExpense": 149600000,
    "netIncome": 604700000,
    "netIncomeRatio": 0.102209151,
    "eps": 1.5,
    "epsdiluted": 1.48,
    "weightedAverageShsOut": 405300000,
    "weightedAverageShsOutDil": 410200000,
    "link": "https://www.sec.gov/Archives/edgar/data/1699150/000162828023004287/0001628280-23-004287-index.htm",
    "finalLink": "https://www.sec.gov/Archives/edgar/data/1699150/000162828023004287/gdi-20221231.htm"
  },
  {
    "date": "2021-12-31",
    "symbol": "IR",
    "reportedCurrency": "USD",
    "cik": "0001699150",
    "fillingDate": "2022-02-25",
    "acceptedDate": "2022-02-25 16:19:50",
    "calendarYear": "2021",
    "period": "FY",
    "revenue": 5152400000,
    "costOfRevenue": 3163900000,
    "grossProfit": 1988500000,
    "grossProfitRatio": 0.3859366509,
    "researchAndDevelopmentExpenses": 0,
    "generalAndAdministrativeExpenses": 0,
    "sellingAndMarketingExpenses": 1028000000,
    "sellingGeneralAndAdministrativeExpenses": 1028000000,
    "otherExpenses": 394800000,
    "operatingExpenses": 1422800000,
    "costAndExpenses": 4586700000,
    "interestIncome": 0,
    "interestExpense": 87700000,
    "depreciationAndAmortization": 422100000,
    "ebitda": 1022800000,
    "ebitdaratio": 0.1985094325,
    "operatingIncome": 565700000,
    "operatingIncomeRatio": 0.1097934943,
    "totalOtherIncomeExpensesNet": -52700000,
    "incomeBeforeTax": 513000000,
    "incomeBeforeTaxRatio": 0.0995652511,
    "incomeTaxExpense": -21800000,
    "netIncome": 562500000,
    "netIncomeRatio": 0.1091724245,
    "eps": 1.36,
    "epsdiluted": 1.34,
    "weightedAverageShsOut": 414800000,
    "weightedAverageShsOutDil": 421200000,
    "link": "https://www.sec.gov/Archives/edgar/data/1699150/000162828022003991/0001628280-22-003991-index.htm",
    "finalLink": "https://www.sec.gov/Archives/edgar/data/1699150/000162828022003991/gdi-20211231.htm"
  },
  {
    "date": "2020-12-31",
    "symbol": "IR",
    "reportedCurrency": "USD",
    "cik": "0001699150",
    "fillingDate": "2021-02-26",
    "acceptedDate": "2021-02-26 16:03:05",
    "calendarYear": "2020",
    "period": "FY",
    "revenue": 3973200000,
    "costOfRevenue": 2568300000,
    "grossProfit": 1404900000,
    "grossProfitRatio": 0.3535940803,
    "researchAndDevelopmentExpenses": 0,
    "generalAndAdministrativeExpenses": 0,
    "sellingAndMarketingExpenses": 789300000,
    "sellingGeneralAndAdministrativeExpenses": 789300000,
    "otherExpenses": 556000000,
    "operatingExpenses": 1345300000,
    "costAndExpenses": 3913600000,
    "interestIncome": 0,
    "interestExpense": 111100000,
    "depreciationAndAmortization": 412500000,
    "ebitda": 478200000,
    "ebitdaratio": 0.1203563878,
    "operatingIncome": 59600000,
    "operatingIncomeRatio": 0.0150005034,
    "totalOtherIncomeExpensesNet": -105000000,
    "incomeBeforeTax": -45400000,
    "incomeBeforeTaxRatio": -0.0114265579,
    "incomeTaxExpense": 13000000,
    "netIncome": -33299999,
    "netIncomeRatio": -0.0083811535,
    "eps": -0.0846,
    "epsdiluted": -0.0846,
    "weightedAverageShsOut": 382800000,
    "weightedAverageShsOutDil": 382800000,
    "link": "https://www.sec.gov/Archives/edgar/data/1699150/000162828021003454/0001628280-21-003454-index.htm",
    "finalLink": "https://www.sec.gov/Archives/edgar/data/1699150/000162828021003454/gdi-20201231.htm"
  },
  {
    "date": "2019-12-31",
    "symbol": "IR",
    "reportedCurrency": "USD",
    "cik": "0001699150",
    "fillingDate": "2020-02-26",
    "acceptedDate": "2020-02-26 16:04:02",
    "calendarYear": "2019",
    "period": "FY",
    "revenue": 2017500000,
    "costOfRevenue": 1239200000,
    "grossProfit": 778300000,
    "grossProfitRatio": 0.3857744734,
    "researchAndDevelopmentExpenses": 0,
    "generalAndAdministrativeExpenses": 0,
    "sellingAndMarketingExpenses": 409600000,
    "sellingGeneralAndAdministrativeExpenses": 409600000,
    "otherExpenses": 174600000,
    "operatingExpenses": 584200000,
    "costAndExpenses": 1823400000,
    "interestIncome": 0,
    "interestExpense": 88400000,
    "depreciationAndAmortization": 146500000,
    "ebitda": 345100000,
    "ebitdaratio": 0.1710532838,
    "operatingIncome": 194100000,
    "operatingIncomeRatio": 0.0962081784,
    "totalOtherIncomeExpensesNet": -83900000,
    "incomeBeforeTax": 110200000,
    "incomeBeforeTaxRatio": 0.054622057,
    "incomeTaxExpense": 31800000,
    "netIncome": 159100000,
    "netIncomeRatio": 0.0788599752,
    "eps": 0.78,
    "epsdiluted": 0.76,
    "weightedAverageShsOut": 203500000,
    "weightedAverageShsOutDil": 208900000,
    "link": "https://www.sec.gov/Archives/edgar/data/1699150/000114036120004146/0001140361-20-004146-index.htm",
    "finalLink": "https://www.sec.gov/Archives/edgar/data/1699150/000114036120004146/form10k.htm"
  },
  {
    "date": "2018-12-31",
    "symbol": "IR",
    "reportedCurrency": "USD",
    "cik": "0001699150",
    "fillingDate": "2019-02-27",
    "acceptedDate": "2019-02-27 17:29:16",
    "calendarYear": "2018",
    "period": "FY",
    "revenue": 2689800000,
    "costOfRevenue": 1677300000,
    "grossProfit": 1012500000,
    "grossProfitRatio": 0.3764220388,
    "researchAndDevelopmentExpenses": 0,
    "generalAndAdministrativeExpenses": -2300000,
    "sellingAndMarketingExpenses": 434600000,
    "sellingGeneralAndAdministrativeExpenses": 434600000,
    "otherExpenses": 134900000,
    "operatingExpenses": 569500000,
    "costAndExpenses": 2246800000,
    "interestIncome": 0,
    "interestExpense": 99600000,
    "depreciationAndAmortization": 180400000,
    "ebitda": 629500000,
    "ebitdaratio": 0.2340322701,
    "operatingIncome": 443000000,
    "operatingIncomeRatio": 0.1646962599,
    "totalOtherIncomeExpensesNet": -93500000,
    "incomeBeforeTax": 349500000,
    "incomeBeforeTaxRatio": 0.1299353112,
    "incomeTaxExpense": 80100000,
    "netIncome": 269400000,
    "netIncomeRatio": 0.1001561454,
    "eps": 1.34,
    "epsdiluted": 1.29,
    "weightedAverageShsOut": 201600000,
    "weightedAverageShsOutDil": 209100000,
    "link": "https://www.sec.gov/Archives/edgar/data/1699150/000114036119004014/0001140361-19-004014-index.htm",
    "finalLink": "https://www.sec.gov/Archives/edgar/data/1699150/000114036119004014/h10061123x1_10k.htm"
  },
  {
    "date": "2017-12-31",
    "symbol": "IR",
    "reportedCurrency": "USD",
    "cik": "0001699150",
    "fillingDate": "2018-02-16",
    "acceptedDate": "2018-02-16 16:48:42",
    "calendarYear": "2017",
    "period": "FY",
    "revenue": 2375400000,
    "costOfRevenue": 1477500000,
    "grossProfit": 897900000,
    "grossProfitRatio": 0.3779994948,
    "researchAndDevelopmentExpenses": 0,
    "generalAndAdministrativeExpenses": 194200000,
    "sellingAndMarketingExpenses": 446200000,
    "sellingGeneralAndAdministrativeExpenses": 640400000,
    "otherExpenses": 148400000,
    "operatingExpenses": 788800000,
    "costAndExpenses": 2266300000,
    "interestIncome": 0,
    "interestExpense": 140700000,
    "depreciationAndAmortization": 173800000,
    "ebitda": 201800000,
    "ebitdaratio": 0.084954113,
    "operatingIncome": 109100000,
    "operatingIncomeRatio": 0.0459291067,
    "totalOtherIncomeExpensesNet": -221800000,
    "incomeBeforeTax": -112700000,
    "incomeBeforeTaxRatio": -0.0474446409,
    "incomeTaxExpense": -131200000,
    "netIncome": 18400000,
    "netIncomeRatio": 0.0077460638,
    "eps": 0.1,
    "epsdiluted": 0.1,
    "weightedAverageShsOut": 184000000,
    "weightedAverageShsOutDil": 184000000,
    "link": "https://www.sec.gov/Archives/edgar/data/1699150/000114036118008833/0001140361-18-008833-index.htm",
    "finalLink": "https://www.sec.gov/Archives/edgar/data/1699150/000114036118008833/form10k.htm"
  },
  {
    "date": "2016-12-31",
    "symbol": "IR",
    "reportedCurrency": "USD",
    "cik": "0001699150",
    "fillingDate": "2016-12-31",
    "acceptedDate": "2016-12-30 19:00:00",
    "calendarYear": "2016",
    "period": "FY",
    "revenue": 1939400000,
    "costOfRevenue": 1222700000,
    "grossProfit": 716700000,
    "grossProfitRatio": 0.3695472827,
    "researchAndDevelopmentExpenses": 0,
    "generalAndAdministrativeExpenses": 0,
    "sellingAndMarketingExpenses": 415100000,
    "sellingGeneralAndAdministrativeExpenses": 415100000,
    "otherExpenses": 198100000,
    "operatingExpenses": 613200000,
    "costAndExpenses": 1835900000,
    "interestIncome": 0,
    "interestExpense": 170338000,
    "depreciationAndAmortization": 172700000,
    "ebitda": 279800000,
    "ebitdaratio": 0.1442714242,
    "operatingIncome": 103500000,
    "operatingIncomeRatio": 0.0533670207,
    "totalOtherIncomeExpensesNet": -166700000,
    "incomeBeforeTax": -63200000,
    "incomeBeforeTaxRatio": -0.0325873982,
    "incomeTaxExpense": -31860000,
    "netIncome": -36620000,
    "netIncomeRatio": -0.0188821285,
    "eps": -0.19,
    "epsdiluted": -0.19,
    "weightedAverageShsOut": 189732248,
    "weightedAverageShsOutDil": 189732248,
    "link": "",
    "finalLink": ""
  },
  {
    "date": "2015-12-31",
    "symbol": "IR",
    "reportedCurrency": "USD",
    "cik": "0001699150",
    "fillingDate": "2015-12-31",
    "acceptedDate": "2015-12-30 19:00:00",
    "calendarYear": "2015",
    "period": "FY",
    "revenue": 2126900000,
    "costOfRevenue": 1347800000,
    "grossProfit": 779100000,
    "grossProfitRatio": 0.3663077719,
    "researchAndDevelopmentExpenses": 0,
    "generalAndAdministrativeExpenses": 0,
    "sellingAndMarketingExpenses": 427000000,
    "sellingGeneralAndAdministrativeExpenses": 427000000,
    "otherExpenses": 557500000,
    "operatingExpenses": 984500000,
    "costAndExpenses": 2332300000,
    "interestIncome": 0,
    "interestExpense": 162900000,
    "depreciationAndAmortization": 163000000,
    "ebitda": -40800000,
    "ebitdaratio": -0.0191828483,
    "operatingIncome": -205400000,
    "operatingIncomeRatio": -0.0965724764,
    "totalOtherIncomeExpensesNet": -161300000,
    "incomeBeforeTax": -366700000,
    "incomeBeforeTaxRatio": -0.1724105506,
    "incomeTaxExpense": -14700000,
    "netIncome": -351200000,
    "netIncomeRatio": -0.1651229489,
    "eps": -1.85,
    "epsdiluted": -1.85,
    "weightedAverageShsOut": 189732248,
    "weightedAverageShsOutDil": 189732248,
    "link": "",
    "finalLink": ""
  },
  {
    "date": "2014-12-31",
    "symbol": "IR",
    "reportedCurrency": "USD",
    "cik": "0001699150",
    "fillingDate": "2014-12-31",
    "acceptedDate": "2014-12-30 19:00:00",
    "calendarYear": "2014",
    "period": "FY",
    "revenue": 2570005000,
    "costOfRevenue": 1633224000,
    "grossProfit": 936781000,
    "grossProfitRatio": 0.3645055165,
    "researchAndDevelopmentExpenses": 0,
    "generalAndAdministrativeExpenses": 0,
    "sellingAndMarketingExpenses": 476000000,
    "sellingGeneralAndAdministrativeExpenses": 476000000,
    "otherExpenses": 412548000,
    "operatingExpenses": 888548000,
    "costAndExpenses": 2521772000,
    "interestIncome": 0,
    "interestExpense": 164376000,
    "depreciationAndAmortization": 160350000,
    "ebitda": 211797000,
    "ebitdaratio": 0.0824111237,
    "operatingIncome": 48233000,
    "operatingIncomeRatio": 0.0187676678,
    "totalOtherIncomeExpensesNet": -161162000,
    "incomeBeforeTax": -112929000,
    "incomeBeforeTaxRatio": -0.0439411596,
    "incomeTaxExpense": 22996000,
    "netIncome": -135023000,
    "netIncomeRatio": -0.0525380301,
    "eps": -0.71,
    "epsdiluted": -0.71,
    "weightedAverageShsOut": 189732248,
    "weightedAverageShsOutDil": 189732248,
    "link": "",
    "finalLink": ""
  },
  {
    "date": "2012-12-31",
    "symbol": "IR",
    "reportedCurrency": "USD",
    "cik": "0001699150",
    "fillingDate": "2012-12-31",
    "acceptedDate": "2012-12-30 19:00:00",
    "calendarYear": "2012",
    "period": "FY",
    "revenue": 2355525000,
    "costOfRevenue": 1547138000,
    "grossProfit": 808387000,
    "grossProfitRatio": 0.3431876121,
    "researchAndDevelopmentExpenses": 39500000,
    "generalAndAdministrativeExpenses": 0,
    "sellingAndMarketingExpenses": 0,
    "sellingGeneralAndAdministrativeExpenses": 402745000,
    "otherExpenses": -10126000,
    "operatingExpenses": 432119000,
    "costAndExpenses": 1979257000,
    "interestIncome": 14706000,
    "interestExpense": 0,
    "depreciationAndAmortization": 63778000,
    "ebitda": 464886000,
    "ebitdaratio": 0.1973598242,
    "operatingIncome": 401108000,
    "operatingIncomeRatio": 0.170283907,
    "totalOtherIncomeExpensesNet": -39546000,
    "incomeBeforeTax": 361562000,
    "incomeBeforeTaxRatio": 0.153495293,
    "incomeTaxExpense": 97069000,
    "netIncome": 263266000,
    "netIncomeRatio": 0.1117653177,
    "eps": 8.62,
    "epsdiluted": 8.63,
    "weightedAverageShsOut": 30504152,
    "weightedAverageShsOutDil": 30504152,
    "link": null,
    "finalLink": null
  }
]