[
  {
    "date": "2025-06-30",
    "symbol": "ISRG",
    "reportedCurrency": "USD",
    "cik": "0001035267",
    "fillingDate": "2025-07-23",
    "acceptedDate": "2025-07-23 16:53:33",
    "calendarYear": "2025",
    "period": "Q2",
    "revenue": 2440000000,
    "costOfRevenue": 818900000,
    "grossProfit": 1621100000,
    "grossProfitRatio": 0.6643852459,
    "researchAndDevelopmentExpenses": 313300000,
    "generalAndAdministrativeExpenses": 0,
    "sellingAndMarketingExpenses": 0,
    "sellingGeneralAndAdministrativeExpenses": 561200000,
    "otherExpenses": 3200000,
    "operatingExpenses": 877700000,
    "costAndExpenses": 1696600000,
    "interestIncome": 88700000,
    "interestExpense": 0,
    "depreciationAndAmortization": 155300000,
    "ebitda": 987400000,
    "ebitdaratio": 0.4046721311,
    "operatingIncome": 743400000,
    "operatingIncomeRatio": 0.3046721311,
    "totalOtherIncomeExpensesNet": 88700000,
    "incomeBeforeTax": 832100000,
    "incomeBeforeTaxRatio": 0.3410245902,
    "incomeTaxExpense": 167900000,
    "netIncome": 658400000,
    "netIncomeRatio": 0.2698360656,
    "eps": 1.84,
    "epsdiluted": 1.81,
    "weightedAverageShsOut": 358500000,
    "weightedAverageShsOutDil": 364100000,
    "link": "https://www.sec.gov/Archives/edgar/data/1035267/000103526725000192/0001035267-25-000192-index.htm",
    "finalLink": "https://www.sec.gov/Archives/edgar/data/1035267/000103526725000192/isrg-20250630.htm"
  },
  {
    "date": "2025-03-31",
    "symbol": "ISRG",
    "reportedCurrency": "USD",
    "cik": "0001035267",
    "fillingDate": "2025-04-23",
    "acceptedDate": "2025-04-23 17:13:16",
    "calendarYear": "2025",
    "period": "Q1",
    "revenue": 2253400000,
    "costOfRevenue": 795700000,
    "grossProfit": 1457700000,
    "grossProfitRatio": 0.6468891453,
    "researchAndDevelopmentExpenses": 316200000,
    "generalAndAdministrativeExpenses": 0,
    "sellingAndMarketingExpenses": 0,
    "sellingGeneralAndAdministrativeExpenses": 563400000,
    "otherExpenses": 0,
    "operatingExpenses": 879600000,
    "costAndExpenses": 1675300000,
    "interestIncome": 90400000,
    "interestExpense": 0,
    "depreciationAndAmortization": 140900000,
    "ebitda": 719000000,
    "ebitdaratio": 0.3190734002,
    "operatingIncome": 578100000,
    "operatingIncomeRatio": 0.2565456643,
    "totalOtherIncomeExpensesNet": 90400000,
    "incomeBeforeTax": 668500000,
    "incomeBeforeTaxRatio": 0.2966628206,
    "incomeTaxExpense": -35200000,
    "netIncome": 698400000,
    "netIncomeRatio": 0.3099316588,
    "eps": 1.95,
    "epsdiluted": 1.92,
    "weightedAverageShsOut": 357500000,
    "weightedAverageShsOutDil": 364600000,
    "link": "https://www.sec.gov/Archives/edgar/data/1035267/000103526725000109/0001035267-25-000109-index.htm",
    "finalLink": "https://www.sec.gov/Archives/edgar/data/1035267/000103526725000109/isrg-20250331.htm"
  },
  {
    "date": "2024-12-31",
    "symbol": "ISRG",
    "reportedCurrency": "USD",
    "cik": "0001035267",
    "fillingDate": "2025-01-31",
    "acceptedDate": "2025-01-31 17:20:49",
    "calendarYear": "2024",
    "period": "Q4",
    "revenue": 2413500000,
    "costOfRevenue": 771300000,
    "grossProfit": 1642200000,
    "grossProfitRatio": 0.6804226227,
    "researchAndDevelopmentExpenses": 294700000,
    "generalAndAdministrativeExpenses": 0,
    "sellingAndMarketingExpenses": 0,
    "sellingGeneralAndAdministrativeExpenses": 612600000,
    "otherExpenses": 0,
    "operatingExpenses": 907300000,
    "costAndExpenses": 1678600000,
    "interestIncome": 74900000,
    "interestExpense": 0,
    "depreciationAndAmortization": 124700000,
    "ebitda": 859600000,
    "ebitdaratio": 0.3561632484,
    "operatingIncome": 734900000,
    "operatingIncomeRatio": 0.3044955459,
    "totalOtherIncomeExpensesNet": 74900000,
    "incomeBeforeTax": 809800000,
    "incomeBeforeTaxRatio": 0.3355293143,
    "incomeTaxExpense": 121800000,
    "netIncome": 685700000,
    "netIncomeRatio": 0.2841102134,
    "eps": 1.92,
    "epsdiluted": 1.88,
    "weightedAverageShsOut": 356400000,
    "weightedAverageShsOutDil": 363900000,
    "link": "https://www.sec.gov/Archives/edgar/data/1035267/000103526725000017/0001035267-25-000017-index.htm",
    "finalLink": "https://www.sec.gov/Archives/edgar/data/1035267/000103526725000017/isrg-20241231.htm"
  },
  {
    "date": "2024-09-30",
    "symbol": "ISRG",
    "reportedCurrency": "USD",
    "cik": "0001035267",
    "fillingDate": "2024-10-18",
    "acceptedDate": "2024-10-18 16:45:39",
    "calendarYear": "2024",
    "period": "Q3",
    "revenue": 2038100000,
    "costOfRevenue": 664200000,
    "grossProfit": 1373900000,
    "grossProfitRatio": 0.6741082381,
    "researchAndDevelopmentExpenses": 286000000,
    "generalAndAdministrativeExpenses": 0,
    "sellingAndMarketingExpenses": 0,
    "sellingGeneralAndAdministrativeExpenses": 510600000,
    "otherExpenses": 0,
    "operatingExpenses": 796600000,
    "costAndExpenses": 1460800000,
    "interestIncome": 93700000,
    "interestExpense": 0,
    "depreciationAndAmortization": 116200000,
    "ebitda": 693500000,
    "ebitdaratio": 0.3402678966,
    "operatingIncome": 577300000,
    "operatingIncomeRatio": 0.2832540111,
    "totalOtherIncomeExpensesNet": 93700000,
    "incomeBeforeTax": 671000000,
    "incomeBeforeTaxRatio": 0.3292282027,
    "incomeTaxExpense": 100400000,
    "netIncome": 565100000,
    "netIncomeRatio": 0.2772680438,
    "eps": 1.59,
    "epsdiluted": 1.56,
    "weightedAverageShsOut": 355800000,
    "weightedAverageShsOutDil": 362700000,
    "link": "https://www.sec.gov/Archives/edgar/data/1035267/000103526724000247/0001035267-24-000247-index.htm",
    "finalLink": "https://www.sec.gov/Archives/edgar/data/1035267/000103526724000247/isrg-20240930.htm"
  },
  {
    "date": "2024-06-30",
    "symbol": "ISRG",
    "reportedCurrency": "USD",
    "cik": "0001035267",
    "fillingDate": "2024-07-19",
    "acceptedDate": "2024-07-19 17:03:43",
    "calendarYear": "2024",
    "period": "Q2",
    "revenue": 2009900000,
    "costOfRevenue": 637200000,
    "grossProfit": 1372700000,
    "grossProfitRatio": 0.682969302,
    "researchAndDevelopmentExpenses": 280100000,
    "generalAndAdministrativeExpenses": 0,
    "sellingAndMarketingExpenses": 0,
    "sellingGeneralAndAdministrativeExpenses": 525300000,
    "otherExpenses": 0,
    "operatingExpenses": 805400000,
    "costAndExpenses": 1442600000,
    "interestIncome": 87200000,
    "interestExpense": 0,
    "depreciationAndAmortization": 111800000,
    "ebitda": 679100000,
    "ebitdaratio": 0.3378775063,
    "operatingIncome": 567300000,
    "operatingIncomeRatio": 0.2822528484,
    "totalOtherIncomeExpensesNet": 87200000,
    "incomeBeforeTax": 654500000,
    "incomeBeforeTaxRatio": 0.3256380914,
    "incomeTaxExpense": 123000000,
    "netIncome": 526900000,
    "netIncomeRatio": 0.2621523459,
    "eps": 1.48,
    "epsdiluted": 1.46,
    "weightedAverageShsOut": 355000000,
    "weightedAverageShsOutDil": 361000000,
    "link": "https://www.sec.gov/Archives/edgar/data/1035267/000103526724000207/0001035267-24-000207-index.htm",
    "finalLink": "https://www.sec.gov/Archives/edgar/data/1035267/000103526724000207/isrg-20240630.htm"
  },
  {
    "date": "2024-03-31",
    "symbol": "ISRG",
    "reportedCurrency": "USD",
    "cik": "0001035267",
    "fillingDate": "2024-04-19",
    "acceptedDate": "2024-04-19 09:00:40",
    "calendarYear": "2024",
    "period": "Q1",
    "revenue": 1890600000,
    "costOfRevenue": 645200000,
    "grossProfit": 1245400000,
    "grossProfitRatio": 0.6587326775,
    "researchAndDevelopmentExpenses": 284500000,
    "generalAndAdministrativeExpenses": 0,
    "sellingAndMarketingExpenses": 0,
    "sellingGeneralAndAdministrativeExpenses": 491500000,
    "otherExpenses": 0,
    "operatingExpenses": 776000000,
    "costAndExpenses": 1421200000,
    "interestIncome": 69100000,
    "interestExpense": 0,
    "depreciationAndAmortization": 109300000,
    "ebitda": 578700000,
    "ebitdaratio": 0.3060933037,
    "operatingIncome": 469400000,
    "operatingIncomeRatio": 0.248280969,
    "totalOtherIncomeExpensesNet": 69100000,
    "incomeBeforeTax": 538500000,
    "incomeBeforeTaxRatio": 0.2848302126,
    "incomeTaxExpense": -8900000,
    "netIncome": 544900000,
    "netIncomeRatio": 0.2882153814,
    "eps": 1.54,
    "epsdiluted": 1.51,
    "weightedAverageShsOut": 353500000,
    "weightedAverageShsOutDil": 360500000,
    "link": "https://www.sec.gov/Archives/edgar/data/1035267/000103526724000137/0001035267-24-000137-index.htm",
    "finalLink": "https://www.sec.gov/Archives/edgar/data/1035267/000103526724000137/isrg-20240331.htm"
  },
  {
    "date": "2023-12-31",
    "symbol": "ISRG",
    "reportedCurrency": "USD",
    "cik": "0001035267",
    "fillingDate": "2024-01-31",
    "acceptedDate": "2024-01-31 17:16:45",
    "calendarYear": "2023",
    "period": "Q4",
    "revenue": 1928300000,
    "costOfRevenue": 650900000,
    "grossProfit": 1277400000,
    "grossProfitRatio": 0.6624487891,
    "researchAndDevelopmentExpenses": 260100000,
    "generalAndAdministrativeExpenses": 0,
    "sellingAndMarketingExpenses": 0,
    "sellingGeneralAndAdministrativeExpenses": 567100000,
    "otherExpenses": 0,
    "operatingExpenses": 827200000,
    "costAndExpenses": 1478100000,
    "interestIncome": 65700000,
    "interestExpense": 0,
    "depreciationAndAmortization": 123200000,
    "ebitda": 573400000,
    "ebitdaratio": 0.2973603692,
    "operatingIncome": 450200000,
    "operatingIncomeRatio": 0.2334698958,
    "totalOtherIncomeExpensesNet": 65700000,
    "incomeBeforeTax": 515900000,
    "incomeBeforeTaxRatio": 0.2675413577,
    "incomeTaxExpense": -94800000,
    "netIncome": 606200000,
    "netIncomeRatio": 0.3143701706,
    "eps": 1.72,
    "epsdiluted": 1.69,
    "weightedAverageShsOut": 352100000,
    "weightedAverageShsOutDil": 358200000,
    "link": "https://www.sec.gov/Archives/edgar/data/1035267/000103526724000021/0001035267-24-000021-index.htm",
    "finalLink": "https://www.sec.gov/Archives/edgar/data/1035267/000103526724000021/isrg-20231231.htm"
  },
  {
    "date": "2023-09-30",
    "symbol": "ISRG",
    "reportedCurrency": "USD",
    "cik": "0001035267",
    "fillingDate": "2023-10-20",
    "acceptedDate": "2023-10-20 17:04:46",
    "calendarYear": "2023",
    "period": "Q3",
    "revenue": 1743700000,
    "costOfRevenue": 576500000,
    "grossProfit": 1167200000,
    "grossProfitRatio": 0.6693812009,
    "researchAndDevelopmentExpenses": 249400000,
    "generalAndAdministrativeExpenses": 0,
    "sellingAndMarketingExpenses": 0,
    "sellingGeneralAndAdministrativeExpenses": 452000000,
    "otherExpenses": 0,
    "operatingExpenses": 701400000,
    "costAndExpenses": 1277900000,
    "interestIncome": 56200000,
    "interestExpense": 0,
    "depreciationAndAmortization": 108600000,
    "ebitda": 574400000,
    "ebitdaratio": 0.3294144635,
    "operatingIncome": 465800000,
    "operatingIncomeRatio": 0.2671331078,
    "totalOtherIncomeExpensesNet": 56200000,
    "incomeBeforeTax": 522000000,
    "incomeBeforeTaxRatio": 0.2993634226,
    "incomeTaxExpense": 102200000,
    "netIncome": 415700000,
    "netIncomeRatio": 0.2384011011,
    "eps": 1.18,
    "epsdiluted": 1.16,
    "weightedAverageShsOut": 351700000,
    "weightedAverageShsOutDil": 358200000,
    "link": "https://www.sec.gov/Archives/edgar/data/1035267/000103526723000196/0001035267-23-000196-index.htm",
    "finalLink": "https://www.sec.gov/Archives/edgar/data/1035267/000103526723000196/isrg-20230930.htm"
  },
  {
    "date": "2023-06-30",
    "symbol": "ISRG",
    "reportedCurrency": "USD",
    "cik": "0001035267",
    "fillingDate": "2023-07-24",
    "acceptedDate": "2023-07-21 19:22:59",
    "calendarYear": "2023",
    "period": "Q2",
    "revenue": 1755900000,
    "costOfRevenue": 584000000,
    "grossProfit": 1171900000,
    "grossProfitRatio": 0.6674070277,
    "researchAndDevelopmentExpenses": 244400000,
    "generalAndAdministrativeExpenses": 0,
    "sellingAndMarketingExpenses": 0,
    "sellingGeneralAndAdministrativeExpenses": 464300000,
    "otherExpenses": 0,
    "operatingExpenses": 708700000,
    "costAndExpenses": 1292700000,
    "interestIncome": 36000000,
    "interestExpense": 0,
    "depreciationAndAmortization": 97300000,
    "ebitda": 560500000,
    "ebitdaratio": 0.3192095222,
    "operatingIncome": 463200000,
    "operatingIncomeRatio": 0.2637963438,
    "totalOtherIncomeExpensesNet": 36000000,
    "incomeBeforeTax": 499200000,
    "incomeBeforeTaxRatio": 0.2842986503,
    "incomeTaxExpense": 73200000,
    "netIncome": 420800000,
    "netIncomeRatio": 0.2396491828,
    "eps": 1.2,
    "epsdiluted": 1.18,
    "weightedAverageShsOut": 350900000,
    "weightedAverageShsOutDil": 357300000,
    "link": "https://www.sec.gov/Archives/edgar/data/1035267/000103526723000159/0001035267-23-000159-index.htm",
    "finalLink": "https://www.sec.gov/Archives/edgar/data/1035267/000103526723000159/isrg-20230630.htm"
  },
  {
    "date": "2023-03-31",
    "symbol": "ISRG",
    "reportedCurrency": "USD",
    "cik": "0001035267",
    "fillingDate": "2023-04-20",
    "acceptedDate": "2023-04-20 16:45:19",
    "calendarYear": "2023",
    "period": "Q1",
    "revenue": 1696200000,
    "costOfRevenue": 583200000,
    "grossProfit": 1113000000,
    "grossProfitRatio": 0.6561726212,
    "researchAndDevelopmentExpenses": 244900000,
    "generalAndAdministrativeExpenses": 0,
    "sellingAndMarketingExpenses": 0,
    "sellingGeneralAndAdministrativeExpenses": 480500000,
    "otherExpenses": 0,
    "operatingExpenses": 725400000,
    "costAndExpenses": 1308600000,
    "interestIncome": 34200000,
    "interestExpense": 0,
    "depreciationAndAmortization": 92700000,
    "ebitda": 480300000,
    "ebitdaratio": 0.2831623629,
    "operatingIncome": 387600000,
    "operatingIncomeRatio": 0.2285107888,
    "totalOtherIncomeExpensesNet": 34200000,
    "incomeBeforeTax": 421800000,
    "incomeBeforeTaxRatio": 0.2486735055,
    "incomeTaxExpense": 61000000,
    "netIncome": 355300000,
    "netIncomeRatio": 0.2094682231,
    "eps": 1.01,
    "epsdiluted": 1,
    "weightedAverageShsOut": 350200000,
    "weightedAverageShsOutDil": 356000000,
    "link": "https://www.sec.gov/Archives/edgar/data/1035267/000103526723000092/0001035267-23-000092-index.htm",
    "finalLink": "https://www.sec.gov/Archives/edgar/data/1035267/000103526723000092/isrg-20230331.htm"
  },
  {
    "date": "2022-12-31",
    "symbol": "ISRG",
    "reportedCurrency": "USD",
    "cik": "0001035267",
    "fillingDate": "2023-02-10",
    "acceptedDate": "2023-02-10 17:11:19",
    "calendarYear": "2022",
    "period": "Q4",
    "revenue": 1655000000,
    "costOfRevenue": 544100000,
    "grossProfit": 1110900000,
    "grossProfitRatio": 0.6712386707,
    "researchAndDevelopmentExpenses": 244100000,
    "generalAndAdministrativeExpenses": 0,
    "sellingAndMarketingExpenses": 0,
    "sellingGeneralAndAdministrativeExpenses": 494300000,
    "otherExpenses": 0,
    "operatingExpenses": 738400000,
    "costAndExpenses": 1282500000,
    "interestIncome": 22200000,
    "interestExpense": 0,
    "depreciationAndAmortization": 106200000,
    "ebitda": 478700000,
    "ebitdaratio": 0.289244713,
    "operatingIncome": 372500000,
    "operatingIncomeRatio": 0.2250755287,
    "totalOtherIncomeExpensesNet": 22200000,
    "incomeBeforeTax": 394700000,
    "incomeBeforeTaxRatio": 0.238489426,
    "incomeTaxExpense": 58000000,
    "netIncome": 324900000,
    "netIncomeRatio": 0.1963141994,
    "eps": 0.93,
    "epsdiluted": 0.91,
    "weightedAverageShsOut": 351100000,
    "weightedAverageShsOutDil": 357000000,
    "link": "https://www.sec.gov/Archives/edgar/data/1035267/000103526723000019/0001035267-23-000019-index.htm",
    "finalLink": "https://www.sec.gov/Archives/edgar/data/1035267/000103526723000019/isrg-20221231.htm"
  },
  {
    "date": "2022-09-30",
    "symbol": "ISRG",
    "reportedCurrency": "USD",
    "cik": "0001035267",
    "fillingDate": "2022-10-21",
    "acceptedDate": "2022-10-21 17:03:02",
    "calendarYear": "2022",
    "period": "Q3",
    "revenue": 1557400000,
    "costOfRevenue": 505300000,
    "grossProfit": 1052100000,
    "grossProfitRatio": 0.6755489919,
    "researchAndDevelopmentExpenses": 217100000,
    "generalAndAdministrativeExpenses": 0,
    "sellingAndMarketingExpenses": 0,
    "sellingGeneralAndAdministrativeExpenses": 436100000,
    "otherExpenses": 0,
    "operatingExpenses": 653200000,
    "costAndExpenses": 1158500000,
    "interestIncome": 3900000,
    "interestExpense": 0,
    "depreciationAndAmortization": 89800000,
    "ebitda": 488700000,
    "ebitdaratio": 0.3137922178,
    "operatingIncome": 398900000,
    "operatingIncomeRatio": 0.2561320149,
    "totalOtherIncomeExpensesNet": 3900000,
    "incomeBeforeTax": 402800000,
    "incomeBeforeTaxRatio": 0.2586361885,
    "incomeTaxExpense": 78100000,
    "netIncome": 324000000,
    "netIncomeRatio": 0.2080390394,
    "eps": 0.91,
    "epsdiluted": 0.9,
    "weightedAverageShsOut": 355300000,
    "weightedAverageShsOutDil": 360500000,
    "link": "https://www.sec.gov/Archives/edgar/data/1035267/000103526722000169/0001035267-22-000169-index.htm",
    "finalLink": "https://www.sec.gov/Archives/edgar/data/1035267/000103526722000169/isrg-20220930.htm"
  },
  {
    "date": "2022-06-30",
    "symbol": "ISRG",
    "reportedCurrency": "USD",
    "cik": "0001035267",
    "fillingDate": "2022-07-22",
    "acceptedDate": "2022-07-22 17:24:57",
    "calendarYear": "2022",
    "period": "Q2",
    "revenue": 1522100000,
    "costOfRevenue": 498800000,
    "grossProfit": 1023300000,
    "grossProfitRatio": 0.6722948558,
    "researchAndDevelopmentExpenses": 207300000,
    "generalAndAdministrativeExpenses": 0,
    "sellingAndMarketingExpenses": 0,
    "sellingGeneralAndAdministrativeExpenses": 418400000,
    "otherExpenses": 0,
    "operatingExpenses": 625700000,
    "costAndExpenses": 1124500000,
    "interestIncome": 9300000,
    "interestExpense": 0,
    "depreciationAndAmortization": 86000000,
    "ebitda": 483600000,
    "ebitdaratio": 0.3177189409,
    "operatingIncome": 397600000,
    "operatingIncomeRatio": 0.261218054,
    "totalOtherIncomeExpensesNet": 9300000,
    "incomeBeforeTax": 406900000,
    "incomeBeforeTaxRatio": 0.2673280336,
    "incomeTaxExpense": 93300000,
    "netIncome": 307800000,
    "netIncomeRatio": 0.2022206163,
    "eps": 0.86,
    "epsdiluted": 0.85,
    "weightedAverageShsOut": 358100000,
    "weightedAverageShsOutDil": 363900000,
    "link": "https://www.sec.gov/Archives/edgar/data/1035267/000103526722000128/0001035267-22-000128-index.htm",
    "finalLink": "https://www.sec.gov/Archives/edgar/data/1035267/000103526722000128/isrg-20220630.htm"
  },
  {
    "date": "2022-03-31",
    "symbol": "ISRG",
    "reportedCurrency": "USD",
    "cik": "0001035267",
    "fillingDate": "2022-04-22",
    "acceptedDate": "2022-04-22 17:26:40",
    "calendarYear": "2022",
    "period": "Q1",
    "revenue": 1487700000,
    "costOfRevenue": 478000000,
    "grossProfit": 1009700000,
    "grossProfitRatio": 0.6786986624,
    "researchAndDevelopmentExpenses": 210500000,
    "generalAndAdministrativeExpenses": 0,
    "sellingAndMarketingExpenses": 0,
    "sellingGeneralAndAdministrativeExpenses": 391100000,
    "otherExpenses": 0,
    "operatingExpenses": 601600000,
    "costAndExpenses": 1079600000,
    "interestIncome": 5700000,
    "interestExpense": 0,
    "depreciationAndAmortization": 83800000,
    "ebitda": 491900000,
    "ebitdaratio": 0.3306446192,
    "operatingIncome": 408100000,
    "operatingIncomeRatio": 0.2743160583,
    "totalOtherIncomeExpensesNet": -5700000,
    "incomeBeforeTax": 402400000,
    "incomeBeforeTaxRatio": 0.2704846407,
    "incomeTaxExpense": 33000000,
    "netIncome": 365600000,
    "netIncomeRatio": 0.2457484708,
    "eps": 1.02,
    "epsdiluted": 1,
    "weightedAverageShsOut": 358400000,
    "weightedAverageShsOutDil": 366700000,
    "link": "https://www.sec.gov/Archives/edgar/data/1035267/000103526722000085/0001035267-22-000085-index.htm",
    "finalLink": "https://www.sec.gov/Archives/edgar/data/1035267/000103526722000085/isrg-20220331.htm"
  },
  {
    "date": "2021-12-31",
    "symbol": "ISRG",
    "reportedCurrency": "USD",
    "cik": "0001035267",
    "fillingDate": "2022-02-03",
    "acceptedDate": "2022-02-03 16:59:03",
    "calendarYear": "2021",
    "period": "Q4",
    "revenue": 1550700000,
    "costOfRevenue": 489900000,
    "grossProfit": 1060800000,
    "grossProfitRatio": 0.6840781583,
    "researchAndDevelopmentExpenses": 183400000,
    "generalAndAdministrativeExpenses": 0,
    "sellingAndMarketingExpenses": 0,
    "sellingGeneralAndAdministrativeExpenses": 427000000,
    "otherExpenses": 0,
    "operatingExpenses": 610400000,
    "costAndExpenses": 1100300000,
    "interestIncome": 3800000,
    "interestExpense": 0,
    "depreciationAndAmortization": 80900000,
    "ebitda": 531300000,
    "ebitdaratio": 0.3426194622,
    "operatingIncome": 450400000,
    "operatingIncomeRatio": 0.2904494744,
    "totalOtherIncomeExpensesNet": 3800000,
    "incomeBeforeTax": 454200000,
    "incomeBeforeTaxRatio": 0.2928999807,
    "incomeTaxExpense": 71500000,
    "netIncome": 380600000,
    "netIncomeRatio": 0.2454375443,
    "eps": 1.06,
    "epsdiluted": 1.04,
    "weightedAverageShsOut": 357500000,
    "weightedAverageShsOutDil": 367400000,
    "link": "https://www.sec.gov/Archives/edgar/data/1035267/000103526722000014/0001035267-22-000014-index.htm",
    "finalLink": "https://www.sec.gov/Archives/edgar/data/1035267/000103526722000014/isrg-20211231.htm"
  },
  {
    "date": "2021-09-30",
    "symbol": "ISRG",
    "reportedCurrency": "USD",
    "cik": "0001035267",
    "fillingDate": "2021-10-20",
    "acceptedDate": "2021-10-20 17:01:06",
    "calendarYear": "2021",
    "period": "Q3",
    "revenue": 1403300000,
    "costOfRevenue": 431900000,
    "grossProfit": 971400000,
    "grossProfitRatio": 0.6922254685,
    "researchAndDevelopmentExpenses": 165500000,
    "generalAndAdministrativeExpenses": 0,
    "sellingAndMarketingExpenses": 0,
    "sellingGeneralAndAdministrativeExpenses": 363300000,
    "otherExpenses": 0,
    "operatingExpenses": 528800000,
    "costAndExpenses": 960700000,
    "interestIncome": 18500000,
    "interestExpense": 0,
    "depreciationAndAmortization": 82100000,
    "ebitda": 524600000,
    "ebitdaratio": 0.3738331077,
    "operatingIncome": 442600000,
    "operatingIncomeRatio": 0.3153994157,
    "totalOtherIncomeExpensesNet": 18500000,
    "incomeBeforeTax": 461100000,
    "incomeBeforeTaxRatio": 0.3285826267,
    "incomeTaxExpense": 73900000,
    "netIncome": 380500000,
    "netIncomeRatio": 0.2711465831,
    "eps": 1.07,
    "epsdiluted": 1.04,
    "weightedAverageShsOut": 356799999,
    "weightedAverageShsOutDil": 366800000,
    "link": "https://www.sec.gov/Archives/edgar/data/1035267/000103526721000178/0001035267-21-000178-index.htm",
    "finalLink": "https://www.sec.gov/Archives/edgar/data/1035267/000103526721000178/isrg-20210930.htm"
  },
  {
    "date": "2021-06-30",
    "symbol": "ISRG",
    "reportedCurrency": "USD",
    "cik": "0001035267",
    "fillingDate": "2021-07-21",
    "acceptedDate": "2021-07-21 17:14:15",
    "calendarYear": "2021",
    "period": "Q2",
    "revenue": 1464000000,
    "costOfRevenue": 440300000,
    "grossProfit": 1023700000,
    "grossProfitRatio": 0.6992486339,
    "researchAndDevelopmentExpenses": 162300000,
    "generalAndAdministrativeExpenses": 0,
    "sellingAndMarketingExpenses": 0,
    "sellingGeneralAndAdministrativeExpenses": 350200000,
    "otherExpenses": 0,
    "operatingExpenses": 512500000,
    "costAndExpenses": 952800000,
    "interestIncome": 15000000,
    "interestExpense": 0,
    "depreciationAndAmortization": 75600000,
    "ebitda": 586800000,
    "ebitdaratio": 0.4008196721,
    "operatingIncome": 511200000,
    "operatingIncomeRatio": 0.3491803279,
    "totalOtherIncomeExpensesNet": 15000000,
    "incomeBeforeTax": 526200000,
    "incomeBeforeTaxRatio": 0.3594262295,
    "incomeTaxExpense": 3200000,
    "netIncome": 517200000,
    "netIncomeRatio": 0.3532786885,
    "eps": 1.45,
    "epsdiluted": 1.42,
    "weightedAverageShsOut": 355800000,
    "weightedAverageShsOutDil": 364800000,
    "link": "https://www.sec.gov/Archives/edgar/data/1035267/000103526721000119/0001035267-21-000119-index.htm",
    "finalLink": "https://www.sec.gov/Archives/edgar/data/1035267/000103526721000119/isrg-20210630.htm"
  },
  {
    "date": "2021-03-31",
    "symbol": "ISRG",
    "reportedCurrency": "USD",
    "cik": "0001035267",
    "fillingDate": "2021-04-21",
    "acceptedDate": "2021-04-21 16:25:33",
    "calendarYear": "2021",
    "period": "Q1",
    "revenue": 1292100000,
    "costOfRevenue": 389500000,
    "grossProfit": 902600000,
    "grossProfitRatio": 0.6985527436,
    "researchAndDevelopmentExpenses": 159800000,
    "generalAndAdministrativeExpenses": 0,
    "sellingAndMarketingExpenses": 0,
    "sellingGeneralAndAdministrativeExpenses": 326000000,
    "otherExpenses": 0,
    "operatingExpenses": 485800000,
    "costAndExpenses": 875300000,
    "interestIncome": 32000000,
    "interestExpense": 0,
    "depreciationAndAmortization": 71700000,
    "ebitda": 488500000,
    "ebitdaratio": 0.3780667131,
    "operatingIncome": 416800000,
    "operatingIncomeRatio": 0.322575652,
    "totalOtherIncomeExpensesNet": 32000000,
    "incomeBeforeTax": 448800000,
    "incomeBeforeTaxRatio": 0.347341537,
    "incomeTaxExpense": 13600000,
    "netIncome": 426300000,
    "netIncomeRatio": 0.3299280241,
    "eps": 1.2,
    "epsdiluted": 1.17,
    "weightedAverageShsOut": 353400012,
    "weightedAverageShsOutDil": 362850013,
    "link": "https://www.sec.gov/Archives/edgar/data/1035267/000103526721000067/0001035267-21-000067-index.htm",
    "finalLink": "https://www.sec.gov/Archives/edgar/data/1035267/000103526721000067/isrg-20210331.htm"
  },
  {
    "date": "2020-12-31",
    "symbol": "ISRG",
    "reportedCurrency": "USD",
    "cik": "0001035267",
    "fillingDate": "2021-02-10",
    "acceptedDate": "2021-02-09 21:47:57",
    "calendarYear": "2020",
    "period": "Q4",
    "revenue": 1329100000,
    "costOfRevenue": 433300000,
    "grossProfit": 895800000,
    "grossProfitRatio": 0.673989918,
    "researchAndDevelopmentExpenses": 149800000,
    "generalAndAdministrativeExpenses": 308100000,
    "sellingAndMarketingExpenses": 22100000,
    "sellingGeneralAndAdministrativeExpenses": 330200000,
    "otherExpenses": 0,
    "operatingExpenses": 480000000,
    "costAndExpenses": 913300000,
    "interestIncome": 20700000,
    "interestExpense": 0,
    "depreciationAndAmortization": 79800000,
    "ebitda": 495600000,
    "ebitdaratio": 0.3728839064,
    "operatingIncome": 415800000,
    "operatingIncomeRatio": 0.3128432774,
    "totalOtherIncomeExpensesNet": 20700000,
    "incomeBeforeTax": 436500000,
    "incomeBeforeTaxRatio": 0.3284177263,
    "incomeTaxExpense": 72900000,
    "netIncome": 365200000,
    "netIncomeRatio": 0.2747724024,
    "eps": 1.04,
    "epsdiluted": 1.01,
    "weightedAverageShsOut": 352800000,
    "weightedAverageShsOutDil": 363300000,
    "link": "https://www.sec.gov/Archives/edgar/data/1035267/000103526721000028/0001035267-21-000028-index.htm",
    "finalLink": "https://www.sec.gov/Archives/edgar/data/1035267/000103526721000028/isrg-20201231.htm"
  },
  {
    "date": "2020-09-30",
    "symbol": "ISRG",
    "reportedCurrency": "USD",
    "cik": "0001035267",
    "fillingDate": "2020-10-19",
    "acceptedDate": "2020-10-19 17:22:39",
    "calendarYear": "2020",
    "period": "Q3",
    "revenue": 1077700000,
    "costOfRevenue": 353400000,
    "grossProfit": 724300000,
    "grossProfitRatio": 0.6720794284,
    "researchAndDevelopmentExpenses": 155000000,
    "generalAndAdministrativeExpenses": 0,
    "sellingAndMarketingExpenses": 0,
    "sellingGeneralAndAdministrativeExpenses": 298900000,
    "otherExpenses": 0,
    "operatingExpenses": 453900000,
    "costAndExpenses": 807300000,
    "interestIncome": 84800000,
    "interestExpense": 0,
    "depreciationAndAmortization": 69200000,
    "ebitda": 339600000,
    "ebitdaratio": 0.3151155238,
    "operatingIncome": 270400000,
    "operatingIncomeRatio": 0.2509047045,
    "totalOtherIncomeExpensesNet": 84800000,
    "incomeBeforeTax": 355200000,
    "incomeBeforeTaxRatio": 0.3295907952,
    "incomeTaxExpense": 38400000,
    "netIncome": 313900000,
    "netIncomeRatio": 0.2912684421,
    "eps": 0.89,
    "epsdiluted": 0.87,
    "weightedAverageShsOut": 351900000,
    "weightedAverageShsOutDil": 361800000,
    "link": "https://www.sec.gov/Archives/edgar/data/1035267/000103526720000166/0001035267-20-000166-index.htm",
    "finalLink": "https://www.sec.gov/Archives/edgar/data/1035267/000103526720000166/isrg-20200930.htm"
  },
  {
    "date": "2020-06-30",
    "symbol": "ISRG",
    "reportedCurrency": "USD",
    "cik": "0001035267",
    "fillingDate": "2020-07-23",
    "acceptedDate": "2020-07-23 16:23:34",
    "calendarYear": "2020",
    "period": "Q2",
    "revenue": 852100000,
    "costOfRevenue": 349200000,
    "grossProfit": 502900000,
    "grossProfitRatio": 0.590188945,
    "researchAndDevelopmentExpenses": 143200000,
    "generalAndAdministrativeExpenses": 0,
    "sellingAndMarketingExpenses": 0,
    "sellingGeneralAndAdministrativeExpenses": 279100000,
    "otherExpenses": 0,
    "operatingExpenses": 422300000,
    "costAndExpenses": 771500000,
    "interestIncome": 26600000,
    "interestExpense": 0,
    "depreciationAndAmortization": 63800000,
    "ebitda": 144400000,
    "ebitdaratio": 0.169463678,
    "operatingIncome": 80600000,
    "operatingIncomeRatio": 0.0945898369,
    "totalOtherIncomeExpensesNet": 26600000,
    "incomeBeforeTax": 107200000,
    "incomeBeforeTaxRatio": 0.1258068302,
    "incomeTaxExpense": 37000000,
    "netIncome": 68000000,
    "netIncomeRatio": 0.07980284,
    "eps": 0.19,
    "epsdiluted": 0.19,
    "weightedAverageShsOut": 350400000,
    "weightedAverageShsOutDil": 359100000,
    "link": "https://www.sec.gov/Archives/edgar/data/1035267/000103526720000122/0001035267-20-000122-index.htm",
    "finalLink": "https://www.sec.gov/Archives/edgar/data/1035267/000103526720000122/isrg-20200630.htm"
  },
  {
    "date": "2020-03-31",
    "symbol": "ISRG",
    "reportedCurrency": "USD",
    "cik": "0001035267",
    "fillingDate": "2020-04-17",
    "acceptedDate": "2020-04-17 17:22:31",
    "calendarYear": "2020",
    "period": "Q1",
    "revenue": 1099500000,
    "costOfRevenue": 361300000,
    "grossProfit": 738200000,
    "grossProfitRatio": 0.6713960891,
    "researchAndDevelopmentExpenses": 147100000,
    "generalAndAdministrativeExpenses": 308100000,
    "sellingAndMarketingExpenses": 0,
    "sellingGeneralAndAdministrativeExpenses": 308100000,
    "otherExpenses": 0,
    "operatingExpenses": 455200000,
    "costAndExpenses": 816500000,
    "interestIncome": 25100000,
    "interestExpense": 0,
    "depreciationAndAmortization": 63400000,
    "ebitda": 346400000,
    "ebitdaratio": 0.3150522965,
    "operatingIncome": 283000000,
    "operatingIncomeRatio": 0.2573897226,
    "totalOtherIncomeExpensesNet": 25100000,
    "incomeBeforeTax": 308100000,
    "incomeBeforeTaxRatio": 0.280218281,
    "incomeTaxExpense": -8100000,
    "netIncome": 313500000,
    "netIncomeRatio": 0.2851296044,
    "eps": 0.9,
    "epsdiluted": 0.87,
    "weightedAverageShsOut": 349200000,
    "weightedAverageShsOutDil": 359400000,
    "link": "https://www.sec.gov/Archives/edgar/data/1035267/000103526720000075/0001035267-20-000075-index.htm",
    "finalLink": "https://www.sec.gov/Archives/edgar/data/1035267/000103526720000075/isrg-20200331.htm"
  },
  {
    "date": "2019-12-31",
    "symbol": "ISRG",
    "reportedCurrency": "USD",
    "cik": "0001035267",
    "fillingDate": "2020-02-07",
    "acceptedDate": "2020-02-07 17:18:28",
    "calendarYear": "2019",
    "period": "Q4",
    "revenue": 1277700000,
    "costOfRevenue": 381700000,
    "grossProfit": 896000000,
    "grossProfitRatio": 0.7012600767,
    "researchAndDevelopmentExpenses": 156600000,
    "generalAndAdministrativeExpenses": 341800000,
    "sellingAndMarketingExpenses": 0,
    "sellingGeneralAndAdministrativeExpenses": 341800000,
    "otherExpenses": 0,
    "operatingExpenses": 498400000,
    "costAndExpenses": 880100000,
    "interestIncome": 34100000,
    "interestExpense": 0,
    "depreciationAndAmortization": 63800000,
    "ebitda": 461400000,
    "ebitdaratio": 0.3611176332,
    "operatingIncome": 397600000,
    "operatingIncomeRatio": 0.311184159,
    "totalOtherIncomeExpensesNet": 34100000,
    "incomeBeforeTax": 431700000,
    "incomeBeforeTaxRatio": 0.3378727401,
    "incomeTaxExpense": 69000000,
    "netIncome": 357700000,
    "netIncomeRatio": 0.2799561712,
    "eps": 1.03,
    "epsdiluted": 1,
    "weightedAverageShsOut": 347400000,
    "weightedAverageShsOutDil": 359100000,
    "link": "https://www.sec.gov/Archives/edgar/data/1035267/000103526720000032/0001035267-20-000032-index.htm",
    "finalLink": "https://www.sec.gov/Archives/edgar/data/1035267/000103526720000032/isrg-20191231.htm"
  },
  {
    "date": "2019-09-30",
    "symbol": "ISRG",
    "reportedCurrency": "USD",
    "cik": "0001035267",
    "fillingDate": "2019-10-18",
    "acceptedDate": "2019-10-18 17:18:46",
    "calendarYear": "2019",
    "period": "Q3",
    "revenue": 1128200000,
    "costOfRevenue": 342600000,
    "grossProfit": 785600000,
    "grossProfitRatio": 0.6963304379,
    "researchAndDevelopmentExpenses": 135900000,
    "generalAndAdministrativeExpenses": 284000000,
    "sellingAndMarketingExpenses": 0,
    "sellingGeneralAndAdministrativeExpenses": 284000000,
    "otherExpenses": 0,
    "operatingExpenses": 419900000,
    "costAndExpenses": 762500000,
    "interestIncome": 33300000,
    "interestExpense": 0,
    "depreciationAndAmortization": 50900000,
    "ebitda": 416600000,
    "ebitdaratio": 0.3692607694,
    "operatingIncome": 365700000,
    "operatingIncomeRatio": 0.3241446552,
    "totalOtherIncomeExpensesNet": 33300000,
    "incomeBeforeTax": 399000000,
    "incomeBeforeTaxRatio": 0.3536606985,
    "incomeTaxExpense": 300000,
    "netIncome": 396800000,
    "netIncomeRatio": 0.3517106896,
    "eps": 1.15,
    "epsdiluted": 1.11,
    "weightedAverageShsOut": 346200000,
    "weightedAverageShsOutDil": 357900000,
    "link": "https://www.sec.gov/Archives/edgar/data/1035267/000103526719000139/0001035267-19-000139-index.htm",
    "finalLink": "https://www.sec.gov/Archives/edgar/data/1035267/000103526719000139/isrg-20190930.htm"
  },
  {
    "date": "2019-06-30",
    "symbol": "ISRG",
    "reportedCurrency": "USD",
    "cik": "0001035267",
    "fillingDate": "2019-07-22",
    "acceptedDate": "2019-07-19 17:35:46",
    "calendarYear": "2019",
    "period": "Q2",
    "revenue": 1098900000,
    "costOfRevenue": 339900000,
    "grossProfit": 759000000,
    "grossProfitRatio": 0.6906906907,
    "researchAndDevelopmentExpenses": 120800000,
    "generalAndAdministrativeExpenses": 279200000,
    "sellingAndMarketingExpenses": 0,
    "sellingGeneralAndAdministrativeExpenses": 279200000,
    "otherExpenses": 0,
    "operatingExpenses": 400000000,
    "costAndExpenses": 739900000,
    "interestIncome": 32800000,
    "interestExpense": 0,
    "depreciationAndAmortization": 46700000,
    "ebitda": 405700000,
    "ebitdaratio": 0.3691873692,
    "operatingIncome": 359000000,
    "operatingIncomeRatio": 0.3266903267,
    "totalOtherIncomeExpensesNet": 32800000,
    "incomeBeforeTax": 391800000,
    "incomeBeforeTaxRatio": 0.3565383565,
    "incomeTaxExpense": 75400000,
    "netIncome": 318300000,
    "netIncomeRatio": 0.2896532897,
    "eps": 0.92,
    "epsdiluted": 0.89,
    "weightedAverageShsOut": 346200000,
    "weightedAverageShsOutDil": 357900000,
    "link": "https://www.sec.gov/Archives/edgar/data/1035267/000103526719000088/0001035267-19-000088-index.htm",
    "finalLink": "https://www.sec.gov/Archives/edgar/data/1035267/000103526719000088/isrg-20190630x10q.htm"
  },
  {
    "date": "2019-03-31",
    "symbol": "ISRG",
    "reportedCurrency": "USD",
    "cik": "0001035267",
    "fillingDate": "2019-04-19",
    "acceptedDate": "2019-04-19 16:57:32",
    "calendarYear": "2019",
    "period": "Q1",
    "revenue": 973700000,
    "costOfRevenue": 304100000,
    "grossProfit": 669600000,
    "grossProfitRatio": 0.6876861456,
    "researchAndDevelopmentExpenses": 144000000,
    "generalAndAdministrativeExpenses": 273400000,
    "sellingAndMarketingExpenses": 0,
    "sellingGeneralAndAdministrativeExpenses": 273400000,
    "otherExpenses": 0,
    "operatingExpenses": 417400000,
    "costAndExpenses": 721500000,
    "interestIncome": 27500000,
    "interestExpense": 0,
    "depreciationAndAmortization": 41600000,
    "ebitda": 293800000,
    "ebitdaratio": 0.3017356475,
    "operatingIncome": 252200000,
    "operatingIncomeRatio": 0.259012016,
    "totalOtherIncomeExpensesNet": 27500000,
    "incomeBeforeTax": 279700000,
    "incomeBeforeTaxRatio": 0.2872548013,
    "incomeTaxExpense": -24300000,
    "netIncome": 306500000,
    "netIncomeRatio": 0.3147786793,
    "eps": 0.89,
    "epsdiluted": 0.85,
    "weightedAverageShsOut": 345000000,
    "weightedAverageShsOutDil": 358800000,
    "link": "https://www.sec.gov/Archives/edgar/data/1035267/000103526719000038/0001035267-19-000038-index.htm",
    "finalLink": "https://www.sec.gov/Archives/edgar/data/1035267/000103526719000038/isrg-20190331x10q.htm"
  },
  {
    "date": "2018-12-31",
    "symbol": "ISRG",
    "reportedCurrency": "USD",
    "cik": "0001035267",
    "fillingDate": "2019-02-04",
    "acceptedDate": "2019-02-04 17:27:54",
    "calendarYear": "2018",
    "period": "Q4",
    "revenue": 1046500000,
    "costOfRevenue": 310800000,
    "grossProfit": 735700000,
    "grossProfitRatio": 0.7030100334,
    "researchAndDevelopmentExpenses": 119900000,
    "generalAndAdministrativeExpenses": 283800000,
    "sellingAndMarketingExpenses": 0,
    "sellingGeneralAndAdministrativeExpenses": 283800000,
    "otherExpenses": 0,
    "operatingExpenses": 403700000,
    "costAndExpenses": 714500000,
    "interestIncome": 26800000,
    "interestExpense": 0,
    "depreciationAndAmortization": 36300000,
    "ebitda": 364900000,
    "ebitdaratio": 0.3486860965,
    "operatingIncome": 332000000,
    "operatingIncomeRatio": 0.3172479694,
    "totalOtherIncomeExpensesNet": 26800000,
    "incomeBeforeTax": 358800000,
    "incomeBeforeTaxRatio": 0.3428571429,
    "incomeTaxExpense": 67500000,
    "netIncome": 292500000,
    "netIncomeRatio": 0.2795031056,
    "eps": 0.85,
    "epsdiluted": 0.85,
    "weightedAverageShsOut": 343800000,
    "weightedAverageShsOutDil": 345000000,
    "link": "https://www.sec.gov/Archives/edgar/data/1035267/000103526719000012/0001035267-19-000012-index.htm",
    "finalLink": "https://www.sec.gov/Archives/edgar/data/1035267/000103526719000012/isrg-20181231x10k.htm"
  },
  {
    "date": "2018-09-30",
    "symbol": "ISRG",
    "reportedCurrency": "USD",
    "cik": "0001035267",
    "fillingDate": "2018-10-22",
    "acceptedDate": "2018-10-19 19:30:07",
    "calendarYear": "2018",
    "period": "Q3",
    "revenue": 920900000,
    "costOfRevenue": 278600000,
    "grossProfit": 642300000,
    "grossProfitRatio": 0.6974698664,
    "researchAndDevelopmentExpenses": 107600000,
    "generalAndAdministrativeExpenses": 221400000,
    "sellingAndMarketingExpenses": 0,
    "sellingGeneralAndAdministrativeExpenses": 221400000,
    "otherExpenses": 0,
    "operatingExpenses": 329000000,
    "costAndExpenses": 607600000,
    "interestIncome": 21900000,
    "interestExpense": 0,
    "depreciationAndAmortization": 31000000,
    "ebitda": 342500000,
    "ebitdaratio": 0.3719187751,
    "operatingIncome": 313300000,
    "operatingIncomeRatio": 0.3402106635,
    "totalOtherIncomeExpensesNet": 21900000,
    "incomeBeforeTax": 335200000,
    "incomeBeforeTaxRatio": 0.3639917472,
    "incomeTaxExpense": 43400000,
    "netIncome": 292500000,
    "netIncomeRatio": 0.3176240634,
    "eps": 0.86,
    "epsdiluted": 0.82,
    "weightedAverageShsOut": 342000000,
    "weightedAverageShsOutDil": 357600000,
    "link": "https://www.sec.gov/Archives/edgar/data/1035267/000103526718000127/0001035267-18-000127-index.htm",
    "finalLink": "https://www.sec.gov/Archives/edgar/data/1035267/000103526718000127/isrg-20180930x10q.htm"
  },
  {
    "date": "2018-06-30",
    "symbol": "ISRG",
    "reportedCurrency": "USD",
    "cik": "0001035267",
    "fillingDate": "2018-07-20",
    "acceptedDate": "2018-07-20 16:34:50",
    "calendarYear": "2018",
    "period": "Q2",
    "revenue": 909300000,
    "costOfRevenue": 277000000,
    "grossProfit": 632300000,
    "grossProfitRatio": 0.6953700649,
    "researchAndDevelopmentExpenses": 95100000,
    "generalAndAdministrativeExpenses": 259800000,
    "sellingAndMarketingExpenses": 0,
    "sellingGeneralAndAdministrativeExpenses": 259800000,
    "otherExpenses": 0,
    "operatingExpenses": 354900000,
    "costAndExpenses": 631900000,
    "interestIncome": 18200000,
    "interestExpense": 0,
    "depreciationAndAmortization": 29200000,
    "ebitda": 306600000,
    "ebitdaratio": 0.337182448,
    "operatingIncome": 277400000,
    "operatingIncomeRatio": 0.3050698339,
    "totalOtherIncomeExpensesNet": 18200000,
    "incomeBeforeTax": 295600000,
    "incomeBeforeTaxRatio": 0.3250852304,
    "incomeTaxExpense": 41000000,
    "netIncome": 255300000,
    "netIncomeRatio": 0.280765424,
    "eps": 0.75,
    "epsdiluted": 0.72,
    "weightedAverageShsOut": 341100000,
    "weightedAverageShsOutDil": 341100000,
    "link": "https://www.sec.gov/Archives/edgar/data/1035267/000103526718000084/0001035267-18-000084-index.htm",
    "finalLink": "https://www.sec.gov/Archives/edgar/data/1035267/000103526718000084/isrg-20180630x10q.htm"
  },
  {
    "date": "2018-03-31",
    "symbol": "ISRG",
    "reportedCurrency": "USD",
    "cik": "0001035267",
    "fillingDate": "2018-04-18",
    "acceptedDate": "2018-04-18 17:23:18",
    "calendarYear": "2018",
    "period": "Q1",
    "revenue": 847500000,
    "costOfRevenue": 253700000,
    "grossProfit": 593800000,
    "grossProfitRatio": 0.7006489676,
    "researchAndDevelopmentExpenses": 95500000,
    "generalAndAdministrativeExpenses": 221600000,
    "sellingAndMarketingExpenses": 0,
    "sellingGeneralAndAdministrativeExpenses": 221600000,
    "otherExpenses": 0,
    "operatingExpenses": 317100000,
    "costAndExpenses": 570800000,
    "interestIncome": 13200000,
    "interestExpense": 0,
    "depreciationAndAmortization": 26300000,
    "ebitda": 303000000,
    "ebitdaratio": 0.3575221239,
    "operatingIncome": 276700000,
    "operatingIncomeRatio": 0.3264896755,
    "totalOtherIncomeExpensesNet": 13200000,
    "incomeBeforeTax": 289900000,
    "incomeBeforeTaxRatio": 0.3420648968,
    "incomeTaxExpense": 2600000,
    "netIncome": 287600000,
    "netIncomeRatio": 0.3393510324,
    "eps": 0.85,
    "epsdiluted": 0.81,
    "weightedAverageShsOut": 338400000,
    "weightedAverageShsOutDil": 354000000,
    "link": "https://www.sec.gov/Archives/edgar/data/1035267/000103526718000048/0001035267-18-000048-index.htm",
    "finalLink": "https://www.sec.gov/Archives/edgar/data/1035267/000103526718000048/isrg-20180331x10q.htm"
  },
  {
    "date": "2017-12-31",
    "symbol": "ISRG",
    "reportedCurrency": "USD",
    "cik": "0001035267",
    "fillingDate": "2018-02-02",
    "acceptedDate": "2018-02-02 17:18:02",
    "calendarYear": "2017",
    "period": "Q4",
    "revenue": 892400000,
    "costOfRevenue": 259100000,
    "grossProfit": 633300000,
    "grossProfitRatio": 0.7096593456,
    "researchAndDevelopmentExpenses": 87100000,
    "generalAndAdministrativeExpenses": 219200000,
    "sellingAndMarketingExpenses": 0,
    "sellingGeneralAndAdministrativeExpenses": 219200000,
    "otherExpenses": 0,
    "operatingExpenses": 306300000,
    "costAndExpenses": 565400000,
    "interestIncome": 12300000,
    "interestExpense": 0,
    "depreciationAndAmortization": 27600000,
    "ebitda": 351300000,
    "ebitdaratio": 0.3936575527,
    "operatingIncome": 327000000,
    "operatingIncomeRatio": 0.3664276109,
    "totalOtherIncomeExpensesNet": 12300000,
    "incomeBeforeTax": 339300000,
    "incomeBeforeTaxRatio": 0.3802106679,
    "incomeTaxExpense": 378100000,
    "netIncome": -38800000,
    "netIncomeRatio": -0.0434782609,
    "eps": -0.12,
    "epsdiluted": -0.12,
    "weightedAverageShsOut": 336600000,
    "weightedAverageShsOutDil": 336600000,
    "link": "https://www.sec.gov/Archives/edgar/data/1035267/000103526718000013/0001035267-18-000013-index.htm",
    "finalLink": "https://www.sec.gov/Archives/edgar/data/1035267/000103526718000013/isrg-20171231x10k.htm"
  },
  {
    "date": "2017-09-30",
    "symbol": "ISRG",
    "reportedCurrency": "USD",
    "cik": "0001035267",
    "fillingDate": "2017-10-20",
    "acceptedDate": "2017-10-20 16:49:57",
    "calendarYear": "2017",
    "period": "Q3",
    "revenue": 806100000,
    "costOfRevenue": 239300000,
    "grossProfit": 566800000,
    "grossProfitRatio": 0.7031385684,
    "researchAndDevelopmentExpenses": 83400000,
    "generalAndAdministrativeExpenses": 204800000,
    "sellingAndMarketingExpenses": 0,
    "sellingGeneralAndAdministrativeExpenses": 204800000,
    "otherExpenses": 0,
    "operatingExpenses": 288200000,
    "costAndExpenses": 527500000,
    "interestIncome": 10800000,
    "interestExpense": 0,
    "depreciationAndAmortization": 24900000,
    "ebitda": 305500000,
    "ebitdaratio": 0.3789852376,
    "operatingIncome": 278600000,
    "operatingIncomeRatio": 0.345614688,
    "totalOtherIncomeExpensesNet": 10800000,
    "incomeBeforeTax": 289400000,
    "incomeBeforeTaxRatio": 0.3590125295,
    "incomeTaxExpense": -8100000,
    "netIncome": 297500000,
    "netIncomeRatio": 0.3690609106,
    "eps": 0.89,
    "epsdiluted": 0.85,
    "weightedAverageShsOut": 335400000,
    "weightedAverageShsOutDil": 350399999,
    "link": "https://www.sec.gov/Archives/edgar/data/1035267/000103526717000147/0001035267-17-000147-index.htm",
    "finalLink": "https://www.sec.gov/Archives/edgar/data/1035267/000103526717000147/isrg-20170930x10q.htm"
  },
  {
    "date": "2017-06-30",
    "symbol": "ISRG",
    "reportedCurrency": "USD",
    "cik": "0001035267",
    "fillingDate": "2017-07-21",
    "acceptedDate": "2017-07-21 16:39:38",
    "calendarYear": "2017",
    "period": "Q2",
    "revenue": 756200000,
    "costOfRevenue": 228300000,
    "grossProfit": 527900000,
    "grossProfitRatio": 0.6980957419,
    "researchAndDevelopmentExpenses": 84600000,
    "generalAndAdministrativeExpenses": 185800000,
    "sellingAndMarketingExpenses": 0,
    "sellingGeneralAndAdministrativeExpenses": 185800000,
    "otherExpenses": 0,
    "operatingExpenses": 270400000,
    "costAndExpenses": 498700000,
    "interestIncome": 10100000,
    "interestExpense": 0,
    "depreciationAndAmortization": 23900000,
    "ebitda": 283800000,
    "ebitdaratio": 0.3752975403,
    "operatingIncome": 257500000,
    "operatingIncomeRatio": 0.3405183814,
    "totalOtherIncomeExpensesNet": 7700000,
    "incomeBeforeTax": 267600000,
    "incomeBeforeTaxRatio": 0.3538746363,
    "incomeTaxExpense": 46100000,
    "netIncome": 221500000,
    "netIncomeRatio": 0.2929119281,
    "eps": 0.67,
    "epsdiluted": 0.64,
    "weightedAverageShsOut": 333000000,
    "weightedAverageShsOutDil": 345600000,
    "link": "https://www.sec.gov/Archives/edgar/data/1035267/000103526717000101/0001035267-17-000101-index.htm",
    "finalLink": "https://www.sec.gov/Archives/edgar/data/1035267/000103526717000101/isrg-20170630x10q.htm"
  },
  {
    "date": "2017-03-31",
    "symbol": "ISRG",
    "reportedCurrency": "USD",
    "cik": "0001035267",
    "fillingDate": "2017-04-19",
    "acceptedDate": "2017-04-19 17:29:20",
    "calendarYear": "2017",
    "period": "Q1",
    "revenue": 674200000,
    "costOfRevenue": 208100000,
    "grossProfit": 466100000,
    "grossProfitRatio": 0.6913378819,
    "researchAndDevelopmentExpenses": 73500000,
    "generalAndAdministrativeExpenses": 201100000,
    "sellingAndMarketingExpenses": 0,
    "sellingGeneralAndAdministrativeExpenses": 201100000,
    "otherExpenses": 0,
    "operatingExpenses": 274600000,
    "costAndExpenses": 482700000,
    "interestIncome": 8700000,
    "interestExpense": 0,
    "depreciationAndAmortization": 22700000,
    "ebitda": 216100000,
    "ebitdaratio": 0.3205280332,
    "operatingIncome": 191500000,
    "operatingIncomeRatio": 0.2840403441,
    "totalOtherIncomeExpensesNet": 8700000,
    "incomeBeforeTax": 200200000,
    "incomeBeforeTaxRatio": 0.2969445268,
    "incomeTaxExpense": 20400000,
    "netIncome": 179800000,
    "netIncomeRatio": 0.2666864432,
    "eps": 0.54,
    "epsdiluted": 0.52,
    "weightedAverageShsOut": 335700000,
    "weightedAverageShsOutDil": 346500000,
    "link": "https://www.sec.gov/Archives/edgar/data/1035267/000103526717000063/0001035267-17-000063-index.htm",
    "finalLink": "https://www.sec.gov/Archives/edgar/data/1035267/000103526717000063/isrg-20170331x10q.htm"
  },
  {
    "date": "2016-12-31",
    "symbol": "ISRG",
    "reportedCurrency": "USD",
    "cik": "0001035267",
    "fillingDate": "2017-02-06",
    "acceptedDate": "2017-02-03 18:05:19",
    "calendarYear": "2016",
    "period": "Q4",
    "revenue": 756900000,
    "costOfRevenue": 229700000,
    "grossProfit": 527200000,
    "grossProfitRatio": 0.6965253006,
    "researchAndDevelopmentExpenses": 69100000,
    "generalAndAdministrativeExpenses": 193700000,
    "sellingAndMarketingExpenses": 0,
    "sellingGeneralAndAdministrativeExpenses": 193700000,
    "otherExpenses": 0,
    "operatingExpenses": 262800000,
    "costAndExpenses": 492500000,
    "interestIncome": 11700000,
    "interestExpense": 0,
    "depreciationAndAmortization": 24100000,
    "ebitda": 288500000,
    "ebitdaratio": 0.3811599947,
    "operatingIncome": 264400000,
    "operatingIncomeRatio": 0.3493195931,
    "totalOtherIncomeExpensesNet": 11700000,
    "incomeBeforeTax": 276100000,
    "incomeBeforeTaxRatio": 0.3647773814,
    "incomeTaxExpense": 72100000,
    "netIncome": 204000000,
    "netIncomeRatio": 0.2695204122,
    "eps": 0.58,
    "epsdiluted": 0.57,
    "weightedAverageShsOut": 349200000,
    "weightedAverageShsOutDil": 358200000,
    "link": "https://www.sec.gov/Archives/edgar/data/1035267/000103526717000021/0001035267-17-000021-index.htm",
    "finalLink": "https://www.sec.gov/Archives/edgar/data/1035267/000103526717000021/isrg-20161231x10k.htm"
  },
  {
    "date": "2016-09-30",
    "symbol": "ISRG",
    "reportedCurrency": "USD",
    "cik": "0001035267",
    "fillingDate": "2016-10-19",
    "acceptedDate": "2016-10-19 16:15:36",
    "calendarYear": "2016",
    "period": "Q3",
    "revenue": 682900000,
    "costOfRevenue": 195900000,
    "grossProfit": 487000000,
    "grossProfitRatio": 0.7131351589,
    "researchAndDevelopmentExpenses": 62600000,
    "generalAndAdministrativeExpenses": 168000000,
    "sellingAndMarketingExpenses": 0,
    "sellingGeneralAndAdministrativeExpenses": 168000000,
    "otherExpenses": 0,
    "operatingExpenses": 230600000,
    "costAndExpenses": 426500000,
    "interestIncome": 10400000,
    "interestExpense": 0,
    "depreciationAndAmortization": 22300000,
    "ebitda": 278700000,
    "ebitdaratio": 0.4081124616,
    "operatingIncome": 256400000,
    "operatingIncomeRatio": 0.3754576073,
    "totalOtherIncomeExpensesNet": 10400000,
    "incomeBeforeTax": 266800000,
    "incomeBeforeTaxRatio": 0.390686777,
    "incomeTaxExpense": 55800000,
    "netIncome": 211000000,
    "netIncomeRatio": 0.3089764241,
    "eps": 0.61,
    "epsdiluted": 0.59,
    "weightedAverageShsOut": 348300000,
    "weightedAverageShsOutDil": 357300000,
    "link": "https://www.sec.gov/Archives/edgar/data/1035267/000103526716000240/0001035267-16-000240-index.htm",
    "finalLink": "https://www.sec.gov/Archives/edgar/data/1035267/000103526716000240/isrg-20160930x10q.htm"
  },
  {
    "date": "2016-06-30",
    "symbol": "ISRG",
    "reportedCurrency": "USD",
    "cik": "0001035267",
    "fillingDate": "2016-07-20",
    "acceptedDate": "2016-07-20 16:50:02",
    "calendarYear": "2016",
    "period": "Q2",
    "revenue": 670100000,
    "costOfRevenue": 199200000,
    "grossProfit": 470900000,
    "grossProfitRatio": 0.7027309357,
    "researchAndDevelopmentExpenses": 54700000,
    "generalAndAdministrativeExpenses": 170800000,
    "sellingAndMarketingExpenses": 0,
    "sellingGeneralAndAdministrativeExpenses": 170800000,
    "otherExpenses": 0,
    "operatingExpenses": 225500000,
    "costAndExpenses": 424700000,
    "interestIncome": 8000000,
    "interestExpense": 0,
    "depreciationAndAmortization": 22300000,
    "ebitda": 267700000,
    "ebitdaratio": 0.399492613,
    "operatingIncome": 245400000,
    "operatingIncomeRatio": 0.3662139979,
    "totalOtherIncomeExpensesNet": 8000000,
    "incomeBeforeTax": 253400000,
    "incomeBeforeTaxRatio": 0.3781525146,
    "incomeTaxExpense": 68900000,
    "netIncome": 184500000,
    "netIncomeRatio": 0.27533204,
    "eps": 0.54,
    "epsdiluted": 0.52,
    "weightedAverageShsOut": 344700000,
    "weightedAverageShsOutDil": 352800000,
    "link": "https://www.sec.gov/Archives/edgar/data/1035267/000103526716000215/0001035267-16-000215-index.htm",
    "finalLink": "https://www.sec.gov/Archives/edgar/data/1035267/000103526716000215/isrg-20160630x10q.htm"
  },
  {
    "date": "2016-03-31",
    "symbol": "ISRG",
    "reportedCurrency": "USD",
    "cik": "0001035267",
    "fillingDate": "2016-04-19",
    "acceptedDate": "2016-04-19 16:08:30",
    "calendarYear": "2016",
    "period": "Q1",
    "revenue": 594500000,
    "costOfRevenue": 189500000,
    "grossProfit": 405000000,
    "grossProfitRatio": 0.6812447435,
    "researchAndDevelopmentExpenses": 53200000,
    "generalAndAdministrativeExpenses": 172800000,
    "sellingAndMarketingExpenses": 0,
    "sellingGeneralAndAdministrativeExpenses": 172800000,
    "otherExpenses": 0,
    "operatingExpenses": 226000000,
    "costAndExpenses": 415500000,
    "interestIncome": 5500000,
    "interestExpense": 0,
    "depreciationAndAmortization": 23400000,
    "ebitda": 204600000,
    "ebitdaratio": 0.3441547519,
    "operatingIncome": 179000000,
    "operatingIncomeRatio": 0.3010933558,
    "totalOtherIncomeExpensesNet": 5500000,
    "incomeBeforeTax": 184500000,
    "incomeBeforeTaxRatio": 0.3103448276,
    "incomeTaxExpense": 48100000,
    "netIncome": 136400000,
    "netIncomeRatio": 0.2294365013,
    "eps": 0.4,
    "epsdiluted": 0.39,
    "weightedAverageShsOut": 339300000,
    "weightedAverageShsOutDil": 346500000,
    "link": "https://www.sec.gov/Archives/edgar/data/1035267/000103526716000174/0001035267-16-000174-index.htm",
    "finalLink": "https://www.sec.gov/Archives/edgar/data/1035267/000103526716000174/isrg-20160331x10q.htm"
  },
  {
    "date": "2015-12-31",
    "symbol": "ISRG",
    "reportedCurrency": "USD",
    "cik": "0001035267",
    "fillingDate": "2016-02-02",
    "acceptedDate": "2016-02-02 17:22:41",
    "calendarYear": "2015",
    "period": "Q4",
    "revenue": 676500000,
    "costOfRevenue": 217700000,
    "grossProfit": 458800000,
    "grossProfitRatio": 0.6781966001,
    "researchAndDevelopmentExpenses": 52600000,
    "generalAndAdministrativeExpenses": 160300000,
    "sellingAndMarketingExpenses": 0,
    "sellingGeneralAndAdministrativeExpenses": 160300000,
    "otherExpenses": 0,
    "operatingExpenses": 212900000,
    "costAndExpenses": 430600000,
    "interestIncome": 5900000,
    "interestExpense": 0,
    "depreciationAndAmortization": 24600000,
    "ebitda": 270500000,
    "ebitdaratio": 0.3998521803,
    "operatingIncome": 245900000,
    "operatingIncomeRatio": 0.363488544,
    "totalOtherIncomeExpensesNet": 5900000,
    "incomeBeforeTax": 251800000,
    "incomeBeforeTaxRatio": 0.3722099039,
    "incomeTaxExpense": 61800000,
    "netIncome": 190000000,
    "netIncomeRatio": 0.280857354,
    "eps": 0.57,
    "epsdiluted": 0.55,
    "weightedAverageShsOut": 335700000,
    "weightedAverageShsOutDil": 342900000,
    "link": "https://www.sec.gov/Archives/edgar/data/1035267/000103526716000130/0001035267-16-000130-index.htm",
    "finalLink": "https://www.sec.gov/Archives/edgar/data/1035267/000103526716000130/isrg-20151231x10k.htm"
  },
  {
    "date": "2015-09-30",
    "symbol": "ISRG",
    "reportedCurrency": "USD",
    "cik": "0001035267",
    "fillingDate": "2015-10-21",
    "acceptedDate": "2015-10-21 15:09:04",
    "calendarYear": "2015",
    "period": "Q3",
    "revenue": 589700000,
    "costOfRevenue": 193900000,
    "grossProfit": 395800000,
    "grossProfitRatio": 0.67118874,
    "researchAndDevelopmentExpenses": 51000000,
    "generalAndAdministrativeExpenses": 154900000,
    "sellingAndMarketingExpenses": 0,
    "sellingGeneralAndAdministrativeExpenses": 154900000,
    "otherExpenses": 0,
    "operatingExpenses": 205900000,
    "costAndExpenses": 399800000,
    "interestIncome": 3700000,
    "interestExpense": 0,
    "depreciationAndAmortization": 23600000,
    "ebitda": 213500000,
    "ebitdaratio": 0.3620484992,
    "operatingIncome": 189900000,
    "operatingIncomeRatio": 0.3220281499,
    "totalOtherIncomeExpensesNet": 3700000,
    "incomeBeforeTax": 193600000,
    "incomeBeforeTaxRatio": 0.3283025267,
    "incomeTaxExpense": 26300000,
    "netIncome": 167300000,
    "netIncomeRatio": 0.2837035781,
    "eps": 0.5,
    "epsdiluted": 0.49,
    "weightedAverageShsOut": 335700000,
    "weightedAverageShsOutDil": 342000000,
    "link": "https://www.sec.gov/Archives/edgar/data/1035267/000103526715000104/0001035267-15-000104-index.htm",
    "finalLink": "https://www.sec.gov/Archives/edgar/data/1035267/000103526715000104/isrg-20150930x10q.htm"
  },
  {
    "date": "2015-06-30",
    "symbol": "ISRG",
    "reportedCurrency": "USD",
    "cik": "0001035267",
    "fillingDate": "2015-07-22",
    "acceptedDate": "2015-07-22 16:21:31",
    "calendarYear": "2015",
    "period": "Q2",
    "revenue": 586100000,
    "costOfRevenue": 199600000,
    "grossProfit": 386500000,
    "grossProfitRatio": 0.6594437809,
    "researchAndDevelopmentExpenses": 49400000,
    "generalAndAdministrativeExpenses": 163300000,
    "sellingAndMarketingExpenses": 0,
    "sellingGeneralAndAdministrativeExpenses": 163300000,
    "otherExpenses": 0,
    "operatingExpenses": 212700000,
    "costAndExpenses": 412300000,
    "interestIncome": 0,
    "interestExpense": 4600000,
    "depreciationAndAmortization": 21100000,
    "ebitda": 194900000,
    "ebitdaratio": 0.3325371097,
    "operatingIncome": 173800000,
    "operatingIncomeRatio": 0.2965364272,
    "totalOtherIncomeExpensesNet": 4600000,
    "incomeBeforeTax": 178400000,
    "incomeBeforeTaxRatio": 0.3043849172,
    "incomeTaxExpense": 43900000,
    "netIncome": 134500000,
    "netIncomeRatio": 0.2294830234,
    "eps": 0.4,
    "epsdiluted": 0.4,
    "weightedAverageShsOut": 332100000,
    "weightedAverageShsOutDil": 340200000,
    "link": "https://www.sec.gov/Archives/edgar/data/1035267/000103526715000071/0001035267-15-000071-index.htm",
    "finalLink": "https://www.sec.gov/Archives/edgar/data/1035267/000103526715000071/isrg-20150630x10q.htm"
  },
  {
    "date": "2015-03-31",
    "symbol": "ISRG",
    "reportedCurrency": "USD",
    "cik": "0001035267",
    "fillingDate": "2015-04-22",
    "acceptedDate": "2015-04-22 16:07:42",
    "calendarYear": "2015",
    "period": "Q1",
    "revenue": 532100000,
    "costOfRevenue": 195300000,
    "grossProfit": 336800000,
    "grossProfitRatio": 0.6329637286,
    "researchAndDevelopmentExpenses": 44400000,
    "generalAndAdministrativeExpenses": 162000000,
    "sellingAndMarketingExpenses": 0,
    "sellingGeneralAndAdministrativeExpenses": 162000000,
    "otherExpenses": 0,
    "operatingExpenses": 206400000,
    "costAndExpenses": 401700000,
    "interestIncome": 4300000,
    "interestExpense": 0,
    "depreciationAndAmortization": 20200000,
    "ebitda": 150600000,
    "ebitdaratio": 0.2830295057,
    "operatingIncome": 130400000,
    "operatingIncomeRatio": 0.2450667168,
    "totalOtherIncomeExpensesNet": 4300000,
    "incomeBeforeTax": 134700000,
    "incomeBeforeTaxRatio": 0.2531479045,
    "incomeTaxExpense": 37700000,
    "netIncome": 97000000,
    "netIncomeRatio": 0.1822965608,
    "eps": 0.29,
    "epsdiluted": 0.29,
    "weightedAverageShsOut": 330300000,
    "weightedAverageShsOutDil": 339300000,
    "link": "https://www.sec.gov/Archives/edgar/data/1035267/000103526715000036/0001035267-15-000036-index.htm",
    "finalLink": "https://www.sec.gov/Archives/edgar/data/1035267/000103526715000036/isrg-20150331x10q.htm"
  },
  {
    "date": "2014-12-31",
    "symbol": "ISRG",
    "reportedCurrency": "USD",
    "cik": "0001035267",
    "fillingDate": "2015-02-06",
    "acceptedDate": "2015-02-05 19:35:06",
    "calendarYear": "2014",
    "period": "Q4",
    "revenue": 604700000,
    "costOfRevenue": 211300000,
    "grossProfit": 393400000,
    "grossProfitRatio": 0.6505705308,
    "researchAndDevelopmentExpenses": 47300000,
    "generalAndAdministrativeExpenses": 160000000,
    "sellingAndMarketingExpenses": 0,
    "sellingGeneralAndAdministrativeExpenses": 160000000,
    "otherExpenses": 0,
    "operatingExpenses": 207300000,
    "costAndExpenses": 418600000,
    "interestIncome": 0,
    "interestExpense": 0,
    "depreciationAndAmortization": 20300000,
    "ebitda": 211800000,
    "ebitdaratio": 0.3502563255,
    "operatingIncome": 186100000,
    "operatingIncomeRatio": 0.307755912,
    "totalOtherIncomeExpensesNet": -1300000,
    "incomeBeforeTax": 184800000,
    "incomeBeforeTaxRatio": 0.3056060857,
    "incomeTaxExpense": 38000000,
    "netIncome": 146800000,
    "netIncomeRatio": 0.2427650074,
    "eps": 0.44,
    "epsdiluted": 0.44,
    "weightedAverageShsOut": 326700000,
    "weightedAverageShsOutDil": 330300000,
    "link": "https://www.sec.gov/Archives/edgar/data/1035267/000103526715000014/0001035267-15-000014-index.htm",
    "finalLink": "https://www.sec.gov/Archives/edgar/data/1035267/000103526715000014/isrg-20141231x10k.htm"
  },
  {
    "date": "2014-09-30",
    "symbol": "ISRG",
    "reportedCurrency": "USD",
    "cik": "0001035267",
    "fillingDate": "2014-10-23",
    "acceptedDate": "2014-10-23 15:42:30",
    "calendarYear": "2014",
    "period": "Q3",
    "revenue": 550100000,
    "costOfRevenue": 189500000,
    "grossProfit": 360600000,
    "grossProfitRatio": 0.6555171787,
    "researchAndDevelopmentExpenses": 47500000,
    "generalAndAdministrativeExpenses": 154000000,
    "sellingAndMarketingExpenses": 0,
    "sellingGeneralAndAdministrativeExpenses": 154000000,
    "otherExpenses": 0,
    "operatingExpenses": 201500000,
    "costAndExpenses": 391000000,
    "interestIncome": 0,
    "interestExpense": 0,
    "depreciationAndAmortization": 19900000,
    "ebitda": 179000000,
    "ebitdaratio": 0.3253953827,
    "operatingIncome": 159100000,
    "operatingIncomeRatio": 0.2892201418,
    "totalOtherIncomeExpensesNet": 2000000,
    "incomeBeforeTax": 161100000,
    "incomeBeforeTaxRatio": 0.2928558444,
    "incomeTaxExpense": 37400000,
    "netIncome": 123700000,
    "netIncomeRatio": 0.2248682058,
    "eps": 0.38,
    "epsdiluted": 0.37,
    "weightedAverageShsOut": 324900000,
    "weightedAverageShsOutDil": 332100000,
    "link": "https://www.sec.gov/Archives/edgar/data/1035267/000103526714000104/0001035267-14-000104-index.htm",
    "finalLink": "https://www.sec.gov/Archives/edgar/data/1035267/000103526714000104/isrg-20140930x10q.htm"
  },
  {
    "date": "2014-06-30",
    "symbol": "ISRG",
    "reportedCurrency": "USD",
    "cik": "0001035267",
    "fillingDate": "2014-07-24",
    "acceptedDate": "2014-07-23 20:19:14",
    "calendarYear": "2014",
    "period": "Q2",
    "revenue": 512200000,
    "costOfRevenue": 167800000,
    "grossProfit": 344400000,
    "grossProfitRatio": 0.6723935963,
    "researchAndDevelopmentExpenses": 40200000,
    "generalAndAdministrativeExpenses": 161200000,
    "sellingAndMarketingExpenses": 0,
    "sellingGeneralAndAdministrativeExpenses": 161200000,
    "otherExpenses": 0,
    "operatingExpenses": 201400000,
    "costAndExpenses": 369200000,
    "interestIncome": 0,
    "interestExpense": 0,
    "depreciationAndAmortization": 17200000,
    "ebitda": 160200000,
    "ebitdaratio": 0.3127684498,
    "operatingIncome": 143000000,
    "operatingIncomeRatio": 0.2791878173,
    "totalOtherIncomeExpensesNet": -400000,
    "incomeBeforeTax": 142600000,
    "incomeBeforeTaxRatio": 0.2784068723,
    "incomeTaxExpense": 38600000,
    "netIncome": 104000000,
    "netIncomeRatio": 0.2030456853,
    "eps": 0.31,
    "epsdiluted": 0.31,
    "weightedAverageShsOut": 332100000,
    "weightedAverageShsOutDil": 338400000,
    "link": "https://www.sec.gov/Archives/edgar/data/1035267/000103526714000072/0001035267-14-000072-index.htm",
    "finalLink": "https://www.sec.gov/Archives/edgar/data/1035267/000103526714000072/isrg-20140630x10q.htm"
  },
  {
    "date": "2014-03-31",
    "symbol": "ISRG",
    "reportedCurrency": "USD",
    "cik": "0001035267",
    "fillingDate": "2014-04-25",
    "acceptedDate": "2014-04-25 15:24:07",
    "calendarYear": "2014",
    "period": "Q1",
    "revenue": 464700000,
    "costOfRevenue": 149300000,
    "grossProfit": 315400000,
    "grossProfitRatio": 0.6787174521,
    "researchAndDevelopmentExpenses": 43000000,
    "generalAndAdministrativeExpenses": 215800000,
    "sellingAndMarketingExpenses": 0,
    "sellingGeneralAndAdministrativeExpenses": 215800000,
    "otherExpenses": 0,
    "operatingExpenses": 258800000,
    "costAndExpenses": 258800000,
    "interestIncome": 3900000,
    "interestExpense": 0,
    "depreciationAndAmortization": 17000000,
    "ebitda": 73600000,
    "ebitdaratio": 0.1583817517,
    "operatingIncome": 56600000,
    "operatingIncomeRatio": 0.1217990101,
    "totalOtherIncomeExpensesNet": 3900000,
    "incomeBeforeTax": 60500000,
    "incomeBeforeTaxRatio": 0.1301915214,
    "incomeTaxExpense": 16200000,
    "netIncome": 44300000,
    "netIncomeRatio": 0.0953303206,
    "eps": 0.13,
    "epsdiluted": 0.13,
    "weightedAverageShsOut": 352707006,
    "weightedAverageShsOutDil": 352831858,
    "link": "https://www.sec.gov/Archives/edgar/data/1035267/000103526714000053/0001035267-14-000053-index.htm",
    "finalLink": "https://www.sec.gov/Archives/edgar/data/1035267/000103526714000053/isrg-20140331x10q.htm"
  },
  {
    "date": "2013-12-31",
    "symbol": "ISRG",
    "reportedCurrency": "USD",
    "cik": "0001035267",
    "fillingDate": "2014-02-03",
    "acceptedDate": "2014-02-03 17:13:14",
    "calendarYear": "2013",
    "period": "Q4",
    "revenue": 576200000,
    "costOfRevenue": 178200000,
    "grossProfit": 398000000,
    "grossProfitRatio": 0.6907323846,
    "researchAndDevelopmentExpenses": 41700000,
    "generalAndAdministrativeExpenses": 147700000,
    "sellingAndMarketingExpenses": 0,
    "sellingGeneralAndAdministrativeExpenses": 147700000,
    "otherExpenses": 0,
    "operatingExpenses": 189400000,
    "costAndExpenses": 189400000,
    "interestIncome": 5900000,
    "interestExpense": 0,
    "depreciationAndAmortization": 18100000,
    "ebitda": 226700000,
    "ebitdaratio": 0.3934397779,
    "operatingIncome": 208600000,
    "operatingIncomeRatio": 0.3620270739,
    "totalOtherIncomeExpensesNet": 5900000,
    "incomeBeforeTax": 214500000,
    "incomeBeforeTaxRatio": 0.3722665741,
    "incomeTaxExpense": 48300000,
    "netIncome": 166200000,
    "netIncomeRatio": 0.2884415134,
    "eps": 0.48,
    "epsdiluted": 0.48,
    "weightedAverageShsOut": 349067263,
    "weightedAverageShsOutDil": 349485981,
    "link": "https://www.sec.gov/Archives/edgar/data/1035267/000103526714000009/0001035267-14-000009-index.htm",
    "finalLink": "https://www.sec.gov/Archives/edgar/data/1035267/000103526714000009/isrg-20131231x10k.htm"
  },
  {
    "date": "2013-09-30",
    "symbol": "ISRG",
    "reportedCurrency": "USD",
    "cik": "0001035267",
    "fillingDate": "2013-10-18",
    "acceptedDate": "2013-10-18 13:43:10",
    "calendarYear": "2013",
    "period": "Q3",
    "revenue": 499000000,
    "costOfRevenue": 142300000,
    "grossProfit": 356700000,
    "grossProfitRatio": 0.7148296593,
    "researchAndDevelopmentExpenses": 43200000,
    "generalAndAdministrativeExpenses": 139300000,
    "sellingAndMarketingExpenses": 0,
    "sellingGeneralAndAdministrativeExpenses": 139300000,
    "otherExpenses": 0,
    "operatingExpenses": 182500000,
    "costAndExpenses": 324800000,
    "interestIncome": 3900000,
    "interestExpense": 0,
    "depreciationAndAmortization": 16600000,
    "ebitda": 190800000,
    "ebitdaratio": 0.3823647295,
    "operatingIncome": 174200000,
    "operatingIncomeRatio": 0.3490981964,
    "totalOtherIncomeExpensesNet": 3900000,
    "incomeBeforeTax": 178100000,
    "incomeBeforeTaxRatio": 0.3569138277,
    "incomeTaxExpense": 21300000,
    "netIncome": 156800000,
    "netIncomeRatio": 0.3142284569,
    "eps": 0.45,
    "epsdiluted": 0.44,
    "weightedAverageShsOut": 347400000,
    "weightedAverageShsOutDil": 353700000,
    "link": "https://www.sec.gov/Archives/edgar/data/1035267/000103526713000040/0001035267-13-000040-index.htm",
    "finalLink": "https://www.sec.gov/Archives/edgar/data/1035267/000103526713000040/isrg-2013930x10q.htm"
  },
  {
    "date": "2013-06-30",
    "symbol": "ISRG",
    "reportedCurrency": "USD",
    "cik": "0001035267",
    "fillingDate": "2013-07-22",
    "acceptedDate": "2013-07-22 17:16:15",
    "calendarYear": "2013",
    "period": "Q2",
    "revenue": 578500000,
    "costOfRevenue": 173300000,
    "grossProfit": 405200000,
    "grossProfitRatio": 0.7004321521,
    "researchAndDevelopmentExpenses": 41200000,
    "generalAndAdministrativeExpenses": 145500000,
    "sellingAndMarketingExpenses": 0,
    "sellingGeneralAndAdministrativeExpenses": 145500000,
    "otherExpenses": 0,
    "operatingExpenses": 186700000,
    "costAndExpenses": 360000000,
    "interestIncome": 0,
    "interestExpense": 4300000,
    "depreciationAndAmortization": 16600000,
    "ebitda": 235100000,
    "ebitdaratio": 0.4063958513,
    "operatingIncome": 218500000,
    "operatingIncomeRatio": 0.3777009507,
    "totalOtherIncomeExpensesNet": 4300000,
    "incomeBeforeTax": 222800000,
    "incomeBeforeTaxRatio": 0.3851339672,
    "incomeTaxExpense": 63700000,
    "netIncome": 159100000,
    "netIncomeRatio": 0.2750216076,
    "eps": 0.44,
    "epsdiluted": 0.43,
    "weightedAverageShsOut": 359100000,
    "weightedAverageShsOutDil": 367200000,
    "link": "https://www.sec.gov/Archives/edgar/data/1035267/000119312513297410/0001193125-13-297410-index.htm",
    "finalLink": "https://www.sec.gov/Archives/edgar/data/1035267/000119312513297410/d551118d10q.htm"
  },
  {
    "date": "2013-03-31",
    "symbol": "ISRG",
    "reportedCurrency": "USD",
    "cik": "0001035267",
    "fillingDate": "2013-04-19",
    "acceptedDate": "2013-04-19 12:48:18",
    "calendarYear": "2013",
    "period": "Q1",
    "revenue": 611400000,
    "costOfRevenue": 177100000,
    "grossProfit": 434300000,
    "grossProfitRatio": 0.7103369316,
    "researchAndDevelopmentExpenses": 41600000,
    "generalAndAdministrativeExpenses": 141500000,
    "sellingAndMarketingExpenses": 0,
    "sellingGeneralAndAdministrativeExpenses": 141500000,
    "otherExpenses": 0,
    "operatingExpenses": 183100000,
    "costAndExpenses": 360200000,
    "interestIncome": 0,
    "interestExpense": 4300000,
    "depreciationAndAmortization": 16000000,
    "ebitda": 267200000,
    "ebitdaratio": 0.4370297677,
    "operatingIncome": 251200000,
    "operatingIncomeRatio": 0.4108603206,
    "totalOtherIncomeExpensesNet": 4300000,
    "incomeBeforeTax": 255500000,
    "incomeBeforeTaxRatio": 0.4178933595,
    "incomeTaxExpense": 66600000,
    "netIncome": 188900000,
    "netIncomeRatio": 0.3089630357,
    "eps": 0.52,
    "epsdiluted": 0.51,
    "weightedAverageShsOut": 362700000,
    "weightedAverageShsOutDil": 372600000,
    "link": "https://www.sec.gov/Archives/edgar/data/1035267/000119312513162385/0001193125-13-162385-index.htm",
    "finalLink": "https://www.sec.gov/Archives/edgar/data/1035267/000119312513162385/d508282d10q.htm"
  },
  {
    "date": "2012-12-31",
    "symbol": "ISRG",
    "reportedCurrency": "USD",
    "cik": "0001035267",
    "fillingDate": "2013-02-04",
    "acceptedDate": "2013-02-04 16:09:03",
    "calendarYear": "2012",
    "period": "Q4",
    "revenue": 609300000,
    "costOfRevenue": 171400000,
    "grossProfit": 437900000,
    "grossProfitRatio": 0.7186935828,
    "researchAndDevelopmentExpenses": 41700000,
    "generalAndAdministrativeExpenses": 148100000,
    "sellingAndMarketingExpenses": 0,
    "sellingGeneralAndAdministrativeExpenses": 148100000,
    "otherExpenses": 0,
    "operatingExpenses": 189800000,
    "costAndExpenses": 361200000,
    "interestIncome": 3500000,
    "interestExpense": 0,
    "depreciationAndAmortization": 15400000,
    "ebitda": 263500000,
    "ebitdaratio": 0.4324634827,
    "operatingIncome": 248100000,
    "operatingIncomeRatio": 0.4071885771,
    "totalOtherIncomeExpensesNet": 3700000,
    "incomeBeforeTax": 251800000,
    "incomeBeforeTaxRatio": 0.4132611193,
    "incomeTaxExpense": 76900000,
    "netIncome": 174900000,
    "netIncomeRatio": 0.2870507139,
    "eps": 0.49,
    "epsdiluted": 0.47,
    "weightedAverageShsOut": 360000000,
    "weightedAverageShsOutDil": 370800000,
    "link": "https://www.sec.gov/Archives/edgar/data/1035267/000119312513036675/0001193125-13-036675-index.htm",
    "finalLink": "https://www.sec.gov/Archives/edgar/data/1035267/000119312513036675/d445195d10k.htm"
  },
  {
    "date": "2012-09-30",
    "symbol": "ISRG",
    "reportedCurrency": "USD",
    "cik": "0001035267",
    "fillingDate": "2012-10-18",
    "acceptedDate": "2012-10-18 16:10:11",
    "calendarYear": "2012",
    "period": "Q3",
    "revenue": 537800000,
    "costOfRevenue": 147700000,
    "grossProfit": 390100000,
    "grossProfitRatio": 0.7253625883,
    "researchAndDevelopmentExpenses": 49700000,
    "generalAndAdministrativeExpenses": 129000000,
    "sellingAndMarketingExpenses": 0,
    "sellingGeneralAndAdministrativeExpenses": 129000000,
    "otherExpenses": 0,
    "operatingExpenses": 178700000,
    "costAndExpenses": 326400000,
    "interestIncome": 0,
    "interestExpense": 4300000,
    "depreciationAndAmortization": 15200000,
    "ebitda": 226600000,
    "ebitdaratio": 0.4213462254,
    "operatingIncome": 211400000,
    "operatingIncomeRatio": 0.3930829305,
    "totalOtherIncomeExpensesNet": 4300000,
    "incomeBeforeTax": 215700000,
    "incomeBeforeTaxRatio": 0.4010784678,
    "incomeTaxExpense": 32400000,
    "netIncome": 183300000,
    "netIncomeRatio": 0.3408330234,
    "eps": 0.51,
    "epsdiluted": 0.5,
    "weightedAverageShsOut": 359100000,
    "weightedAverageShsOutDil": 369900000,
    "link": "https://www.sec.gov/Archives/edgar/data/1035267/000119312512427223/0001193125-12-427223-index.htm",
    "finalLink": "https://www.sec.gov/Archives/edgar/data/1035267/000119312512427223/d410790d10q.htm"
  },
  {
    "date": "2012-06-30",
    "symbol": "ISRG",
    "reportedCurrency": "USD",
    "cik": "0001035267",
    "fillingDate": "2012-07-23",
    "acceptedDate": "2012-07-20 19:51:13",
    "calendarYear": "2012",
    "period": "Q2",
    "revenue": 536500000,
    "costOfRevenue": 150100000,
    "grossProfit": 386400000,
    "grossProfitRatio": 0.7202236719,
    "researchAndDevelopmentExpenses": 40200000,
    "generalAndAdministrativeExpenses": 120900000,
    "sellingAndMarketingExpenses": 0,
    "sellingGeneralAndAdministrativeExpenses": 120900000,
    "otherExpenses": 0,
    "operatingExpenses": 161100000,
    "costAndExpenses": 311200000,
    "interestIncome": 0,
    "interestExpense": 4000000,
    "depreciationAndAmortization": 13900000,
    "ebitda": 239200000,
    "ebitdaratio": 0.4458527493,
    "operatingIncome": 225300000,
    "operatingIncomeRatio": 0.419944082,
    "totalOtherIncomeExpensesNet": 4000000,
    "incomeBeforeTax": 229300000,
    "incomeBeforeTaxRatio": 0.4273998136,
    "incomeTaxExpense": 74400000,
    "netIncome": 154900000,
    "netIncomeRatio": 0.288723206,
    "eps": 0.43,
    "epsdiluted": 0.42,
    "weightedAverageShsOut": 359100000,
    "weightedAverageShsOutDil": 371700000,
    "link": "https://www.sec.gov/Archives/edgar/data/1035267/000119312512309316/0001193125-12-309316-index.htm",
    "finalLink": "https://www.sec.gov/Archives/edgar/data/1035267/000119312512309316/d361804d10q.htm"
  },
  {
    "date": "2012-03-31",
    "symbol": "ISRG",
    "reportedCurrency": "USD",
    "cik": "0001035267",
    "fillingDate": "2012-04-19",
    "acceptedDate": "2012-04-18 18:49:11",
    "calendarYear": "2012",
    "period": "Q1",
    "revenue": 495200000,
    "costOfRevenue": 139300000,
    "grossProfit": 355900000,
    "grossProfitRatio": 0.7186995153,
    "researchAndDevelopmentExpenses": 38400000,
    "generalAndAdministrativeExpenses": 124200000,
    "sellingAndMarketingExpenses": 0,
    "sellingGeneralAndAdministrativeExpenses": 124200000,
    "otherExpenses": 0,
    "operatingExpenses": 162600000,
    "costAndExpenses": 301900000,
    "interestIncome": 0,
    "interestExpense": 3800000,
    "depreciationAndAmortization": 13300000,
    "ebitda": 206600000,
    "ebitdaratio": 0.4172051696,
    "operatingIncome": 193300000,
    "operatingIncomeRatio": 0.3903473344,
    "totalOtherIncomeExpensesNet": 3800000,
    "incomeBeforeTax": 197100000,
    "incomeBeforeTaxRatio": 0.3980210016,
    "incomeTaxExpense": 53600000,
    "netIncome": 143500000,
    "netIncomeRatio": 0.2897819063,
    "eps": 0.4,
    "epsdiluted": 0.39,
    "weightedAverageShsOut": 355500000,
    "weightedAverageShsOutDil": 369000000,
    "link": "https://www.sec.gov/Archives/edgar/data/1035267/000119312512168803/0001193125-12-168803-index.htm",
    "finalLink": "https://www.sec.gov/Archives/edgar/data/1035267/000119312512168803/d317048d10q.htm"
  },
  {
    "date": "2011-12-31",
    "symbol": "ISRG",
    "reportedCurrency": "USD",
    "cik": "0001035267",
    "fillingDate": "2012-02-06",
    "acceptedDate": "2012-02-03 19:13:36",
    "calendarYear": "2011",
    "period": "Q4",
    "revenue": 496800000,
    "costOfRevenue": 133900000,
    "grossProfit": 362900000,
    "grossProfitRatio": 0.7304750403,
    "researchAndDevelopmentExpenses": 41400000,
    "generalAndAdministrativeExpenses": 122000000,
    "sellingAndMarketingExpenses": 0,
    "sellingGeneralAndAdministrativeExpenses": 122000000,
    "otherExpenses": 0,
    "operatingExpenses": 163400000,
    "costAndExpenses": 297300000,
    "interestIncome": -1900000,
    "interestExpense": 0,
    "depreciationAndAmortization": 12500000,
    "ebitda": 212000000,
    "ebitdaratio": 0.4267310789,
    "operatingIncome": 199500000,
    "operatingIncomeRatio": 0.4015700483,
    "totalOtherIncomeExpensesNet": 3600000,
    "incomeBeforeTax": 203100000,
    "incomeBeforeTaxRatio": 0.4088164251,
    "incomeTaxExpense": 51900000,
    "netIncome": 151200000,
    "netIncomeRatio": 0.3043478261,
    "eps": 0.43,
    "epsdiluted": 0.43,
    "weightedAverageShsOut": 352800000,
    "weightedAverageShsOutDil": 355500000,
    "link": "https://www.sec.gov/Archives/edgar/data/1035267/000119312512039226/0001193125-12-039226-index.htm",
    "finalLink": "https://www.sec.gov/Archives/edgar/data/1035267/000119312512039226/d263902d10k.htm"
  },
  {
    "date": "2011-09-30",
    "symbol": "ISRG",
    "reportedCurrency": "USD",
    "cik": "0001035267",
    "fillingDate": "2011-10-19",
    "acceptedDate": "2011-10-19 17:09:13",
    "calendarYear": "2011",
    "period": "Q3",
    "revenue": 446700000,
    "costOfRevenue": 121200000,
    "grossProfit": 325500000,
    "grossProfitRatio": 0.7286769644,
    "researchAndDevelopmentExpenses": 35400000,
    "generalAndAdministrativeExpenses": 111200000,
    "sellingAndMarketingExpenses": 0,
    "sellingGeneralAndAdministrativeExpenses": 111200000,
    "otherExpenses": 0,
    "operatingExpenses": 146600000,
    "costAndExpenses": 267800000,
    "interestIncome": 1900000,
    "interestExpense": 0,
    "depreciationAndAmortization": 11500000,
    "ebitda": 190400000,
    "ebitdaratio": 0.426236848,
    "operatingIncome": 178900000,
    "operatingIncomeRatio": 0.4004925006,
    "totalOtherIncomeExpensesNet": 1900000,
    "incomeBeforeTax": 180800000,
    "incomeBeforeTaxRatio": 0.4047459145,
    "incomeTaxExpense": 58400000,
    "netIncome": 122400000,
    "netIncomeRatio": 0.2740094023,
    "eps": 0.35,
    "epsdiluted": 0.34,
    "weightedAverageShsOut": 351900000,
    "weightedAverageShsOutDil": 360900000,
    "link": "https://www.sec.gov/Archives/edgar/data/1035267/000119312511274983/0001193125-11-274983-index.htm",
    "finalLink": "https://www.sec.gov/Archives/edgar/data/1035267/000119312511274983/d228501d10q.htm"
  },
  {
    "date": "2011-06-30",
    "symbol": "ISRG",
    "reportedCurrency": "USD",
    "cik": "0001035267",
    "fillingDate": "2011-07-20",
    "acceptedDate": "2011-07-20 16:53:08",
    "calendarYear": "2011",
    "period": "Q2",
    "revenue": 425700000,
    "costOfRevenue": 119100000,
    "grossProfit": 306600000,
    "grossProfitRatio": 0.7202255109,
    "researchAndDevelopmentExpenses": 32000000,
    "generalAndAdministrativeExpenses": 106500000,
    "sellingAndMarketingExpenses": 0,
    "sellingGeneralAndAdministrativeExpenses": 106500000,
    "otherExpenses": 0,
    "operatingExpenses": 138500000,
    "costAndExpenses": 257600000,
    "interestIncome": 0,
    "interestExpense": 0,
    "depreciationAndAmortization": 11200000,
    "ebitda": 179300000,
    "ebitdaratio": 0.4211886305,
    "operatingIncome": 168100000,
    "operatingIncomeRatio": 0.3948790228,
    "totalOtherIncomeExpensesNet": 4100000,
    "incomeBeforeTax": 172200000,
    "incomeBeforeTaxRatio": 0.4045102185,
    "incomeTaxExpense": 54800000,
    "netIncome": 117400000,
    "netIncomeRatio": 0.2757810665,
    "eps": 0.33,
    "epsdiluted": 0.32,
    "weightedAverageShsOut": 352800000,
    "weightedAverageShsOutDil": 362700000,
    "link": "https://www.sec.gov/Archives/edgar/data/1035267/000119312511192512/0001193125-11-192512-index.htm",
    "finalLink": "https://www.sec.gov/Archives/edgar/data/1035267/000119312511192512/d10q.htm"
  },
  {
    "date": "2011-03-31",
    "symbol": "ISRG",
    "reportedCurrency": "USD",
    "cik": "0001035267",
    "fillingDate": "2011-04-20",
    "acceptedDate": "2011-04-20 16:29:08",
    "calendarYear": "2011",
    "period": "Q1",
    "revenue": 388100000,
    "costOfRevenue": 109300000,
    "grossProfit": 278800000,
    "grossProfitRatio": 0.7183715537,
    "researchAndDevelopmentExpenses": 31400000,
    "generalAndAdministrativeExpenses": 99100000,
    "sellingAndMarketingExpenses": 0,
    "sellingGeneralAndAdministrativeExpenses": 99100000,
    "otherExpenses": 0,
    "operatingExpenses": 130500000,
    "costAndExpenses": 239800000,
    "interestIncome": 0,
    "interestExpense": 0,
    "depreciationAndAmortization": 11300000,
    "ebitda": 159600000,
    "ebitdaratio": 0.411234218,
    "operatingIncome": 148300000,
    "operatingIncomeRatio": 0.3821180108,
    "totalOtherIncomeExpensesNet": 5300000,
    "incomeBeforeTax": 153600000,
    "incomeBeforeTaxRatio": 0.395774285,
    "incomeTaxExpense": 49500000,
    "netIncome": 104100000,
    "netIncomeRatio": 0.2682298377,
    "eps": 0.3,
    "epsdiluted": 0.29,
    "weightedAverageShsOut": 351900000,
    "weightedAverageShsOutDil": 361800000,
    "link": "https://www.sec.gov/Archives/edgar/data/1035267/000119312511103731/0001193125-11-103731-index.htm",
    "finalLink": "https://www.sec.gov/Archives/edgar/data/1035267/000119312511103731/d10q.htm"
  },
  {
    "date": "2010-12-31",
    "symbol": "ISRG",
    "reportedCurrency": "USD",
    "cik": "0001035267",
    "fillingDate": "2011-02-01",
    "acceptedDate": "2011-02-01 15:32:22",
    "calendarYear": "2010",
    "period": "Q4",
    "revenue": 389300000,
    "costOfRevenue": 107200000,
    "grossProfit": 282100000,
    "grossProfitRatio": 0.7246339584,
    "researchAndDevelopmentExpenses": 32600000,
    "generalAndAdministrativeExpenses": 95800000,
    "sellingAndMarketingExpenses": 0,
    "sellingGeneralAndAdministrativeExpenses": 95800000,
    "otherExpenses": 0,
    "operatingExpenses": 128400000,
    "costAndExpenses": 235600000,
    "interestIncome": -4500000,
    "interestExpense": 0,
    "depreciationAndAmortization": 10800000,
    "ebitda": 164500000,
    "ebitdaratio": 0.4225533008,
    "operatingIncome": 153700000,
    "operatingIncomeRatio": 0.3948111996,
    "totalOtherIncomeExpensesNet": 3500000,
    "incomeBeforeTax": 157200000,
    "incomeBeforeTaxRatio": 0.4038016954,
    "incomeTaxExpense": 36000000,
    "netIncome": 121200000,
    "netIncomeRatio": 0.3113280247,
    "eps": 0.34,
    "epsdiluted": 0.34,
    "weightedAverageShsOut": 351900000,
    "weightedAverageShsOutDil": 351900000,
    "link": "https://www.sec.gov/Archives/edgar/data/1035267/000119312511020229/0001193125-11-020229-index.htm",
    "finalLink": "https://www.sec.gov/Archives/edgar/data/1035267/000119312511020229/d10k.htm"
  },
  {
    "date": "2010-09-30",
    "symbol": "ISRG",
    "reportedCurrency": "USD",
    "cik": "0001035267",
    "fillingDate": "2010-10-20",
    "acceptedDate": "2010-10-20 17:27:05",
    "calendarYear": "2010",
    "period": "Q3",
    "revenue": 344400000,
    "costOfRevenue": 93800000,
    "grossProfit": 250600000,
    "grossProfitRatio": 0.7276422764,
    "researchAndDevelopmentExpenses": 26900000,
    "generalAndAdministrativeExpenses": 91600000,
    "sellingAndMarketingExpenses": 0,
    "sellingGeneralAndAdministrativeExpenses": 91600000,
    "otherExpenses": 0,
    "operatingExpenses": 118500000,
    "costAndExpenses": 212300000,
    "interestIncome": 5000000,
    "interestExpense": 0,
    "depreciationAndAmortization": 10300000,
    "ebitda": 142400000,
    "ebitdaratio": 0.4134727062,
    "operatingIncome": 132100000,
    "operatingIncomeRatio": 0.3835656214,
    "totalOtherIncomeExpensesNet": 5000000,
    "incomeBeforeTax": 137100000,
    "incomeBeforeTaxRatio": 0.3980836237,
    "incomeTaxExpense": 50500000,
    "netIncome": 86600000,
    "netIncomeRatio": 0.2514518002,
    "eps": 0.24,
    "epsdiluted": 0.24,
    "weightedAverageShsOut": 354600000,
    "weightedAverageShsOutDil": 364500000,
    "link": "https://www.sec.gov/Archives/edgar/data/1035267/000119312510232766/0001193125-10-232766-index.htm",
    "finalLink": "https://www.sec.gov/Archives/edgar/data/1035267/000119312510232766/d10q.htm"
  },
  {
    "date": "2010-06-30",
    "symbol": "ISRG",
    "reportedCurrency": "USD",
    "cik": "0001035267",
    "fillingDate": "2010-07-23",
    "acceptedDate": "2010-07-22 20:49:59",
    "calendarYear": "2010",
    "period": "Q2",
    "revenue": 350700000,
    "costOfRevenue": 93900000,
    "grossProfit": 256800000,
    "grossProfitRatio": 0.7322497861,
    "researchAndDevelopmentExpenses": 28500000,
    "generalAndAdministrativeExpenses": 88600000,
    "sellingAndMarketingExpenses": 0,
    "sellingGeneralAndAdministrativeExpenses": 88600000,
    "otherExpenses": 0,
    "operatingExpenses": 117100000,
    "costAndExpenses": 211000000,
    "interestIncome": 4500000,
    "interestExpense": 0,
    "depreciationAndAmortization": 9800000,
    "ebitda": 149500000,
    "ebitdaratio": 0.4262902766,
    "operatingIncome": 139700000,
    "operatingIncomeRatio": 0.3983461648,
    "totalOtherIncomeExpensesNet": 4500000,
    "incomeBeforeTax": 144200000,
    "incomeBeforeTaxRatio": 0.4111776447,
    "incomeTaxExpense": 55500000,
    "netIncome": 88700000,
    "netIncomeRatio": 0.252922726,
    "eps": 0.25,
    "epsdiluted": 0.24,
    "weightedAverageShsOut": 353700000,
    "weightedAverageShsOutDil": 364500000,
    "link": "https://www.sec.gov/Archives/edgar/data/1035267/000119312510164132/0001193125-10-164132-index.htm",
    "finalLink": "https://www.sec.gov/Archives/edgar/data/1035267/000119312510164132/d10q.htm"
  },
  {
    "date": "2010-03-31",
    "symbol": "ISRG",
    "reportedCurrency": "USD",
    "cik": "0001035267",
    "fillingDate": "2010-04-20",
    "acceptedDate": "2010-04-20 16:52:35",
    "calendarYear": "2010",
    "period": "Q1",
    "revenue": 328600000,
    "costOfRevenue": 88100000,
    "grossProfit": 240500000,
    "grossProfitRatio": 0.7318928789,
    "researchAndDevelopmentExpenses": 28000000,
    "generalAndAdministrativeExpenses": 82800000,
    "sellingAndMarketingExpenses": 0,
    "sellingGeneralAndAdministrativeExpenses": 82800000,
    "otherExpenses": 0,
    "operatingExpenses": 110800000,
    "costAndExpenses": 198900000,
    "interestIncome": 0,
    "interestExpense": 0,
    "depreciationAndAmortization": 9500000,
    "ebitda": 139200000,
    "ebitdaratio": 0.4236153378,
    "operatingIncome": 129700000,
    "operatingIncomeRatio": 0.3947048083,
    "totalOtherIncomeExpensesNet": 4100000,
    "incomeBeforeTax": 133800000,
    "incomeBeforeTaxRatio": 0.4071819842,
    "incomeTaxExpense": 48500000,
    "netIncome": 85300000,
    "netIncomeRatio": 0.2595861229,
    "eps": 0.24,
    "epsdiluted": 0.24,
    "weightedAverageShsOut": 349200000,
    "weightedAverageShsOutDil": 361800000,
    "link": "https://www.sec.gov/Archives/edgar/data/1035267/000119312510087846/0001193125-10-087846-index.htm",
    "finalLink": "https://www.sec.gov/Archives/edgar/data/1035267/000119312510087846/d10q.htm"
  },
  {
    "date": "2009-12-31",
    "symbol": "ISRG",
    "reportedCurrency": "USD",
    "cik": "0001035267",
    "fillingDate": "2010-01-29",
    "acceptedDate": "2010-01-29 15:05:27",
    "calendarYear": "2009",
    "period": "Q4",
    "revenue": 323038000,
    "costOfRevenue": 89879000,
    "grossProfit": 233159000,
    "grossProfitRatio": 0.7217695751,
    "researchAndDevelopmentExpenses": 25771000,
    "generalAndAdministrativeExpenses": 79006000,
    "sellingAndMarketingExpenses": 0,
    "sellingGeneralAndAdministrativeExpenses": 79006000,
    "otherExpenses": 0,
    "operatingExpenses": 104777000,
    "costAndExpenses": 194656000,
    "interestIncome": 0,
    "interestExpense": 0,
    "depreciationAndAmortization": 8679000,
    "ebitda": 137061000,
    "ebitdaratio": 0.4242875451,
    "operatingIncome": 128382000,
    "operatingIncomeRatio": 0.3974207369,
    "totalOtherIncomeExpensesNet": 4123000,
    "incomeBeforeTax": 132505000,
    "incomeBeforeTaxRatio": 0.4101839412,
    "incomeTaxExpense": 54953000,
    "netIncome": 77552000,
    "netIncomeRatio": 0.2400708276,
    "eps": 0.22,
    "epsdiluted": 0.22,
    "weightedAverageShsOut": 344700000,
    "weightedAverageShsOutDil": 349200000,
    "link": "https://www.sec.gov/Archives/edgar/data/1035267/000119312510016932/0001193125-10-016932-index.htm",
    "finalLink": "https://www.sec.gov/Archives/edgar/data/1035267/000119312510016932/d10k.htm"
  },
  {
    "date": "2009-09-30",
    "symbol": "ISRG",
    "reportedCurrency": "USD",
    "cik": "0001035267",
    "fillingDate": "2009-10-21",
    "acceptedDate": "2009-10-21 16:16:34",
    "calendarYear": "2009",
    "period": "Q3",
    "revenue": 280134000,
    "costOfRevenue": 81130000,
    "grossProfit": 199004000,
    "grossProfitRatio": 0.7103885997,
    "researchAndDevelopmentExpenses": 24650000,
    "generalAndAdministrativeExpenses": 69863000,
    "sellingAndMarketingExpenses": 0,
    "sellingGeneralAndAdministrativeExpenses": 69863000,
    "otherExpenses": 0,
    "operatingExpenses": 94513000,
    "costAndExpenses": 175643000,
    "interestIncome": 0,
    "interestExpense": 0,
    "depreciationAndAmortization": 8952000,
    "ebitda": 113400000,
    "ebitdaratio": 0.4048062713,
    "operatingIncome": 104491000,
    "operatingIncomeRatio": 0.373003634,
    "totalOtherIncomeExpensesNet": 4309000,
    "incomeBeforeTax": 108853000,
    "incomeBeforeTaxRatio": 0.3885747535,
    "incomeTaxExpense": 44329000,
    "netIncome": 64524000,
    "netIncomeRatio": 0.2303326265,
    "eps": 0.19,
    "epsdiluted": 0.18,
    "weightedAverageShsOut": 342747000,
    "weightedAverageShsOutDil": 353205000,
    "link": "https://www.sec.gov/Archives/edgar/data/1035267/000119312509211111/0001193125-09-211111-index.htm",
    "finalLink": "https://www.sec.gov/Archives/edgar/data/1035267/000119312509211111/d10q.htm"
  },
  {
    "date": "2009-06-30",
    "symbol": "ISRG",
    "reportedCurrency": "USD",
    "cik": "0001035267",
    "fillingDate": "2009-07-23",
    "acceptedDate": "2009-07-23 16:07:31",
    "calendarYear": "2009",
    "period": "Q2",
    "revenue": 260624000,
    "costOfRevenue": 70439000,
    "grossProfit": 190185000,
    "grossProfitRatio": 0.7297294186,
    "researchAndDevelopmentExpenses": 23369000,
    "generalAndAdministrativeExpenses": 67276000,
    "sellingAndMarketingExpenses": 0,
    "sellingGeneralAndAdministrativeExpenses": 67276000,
    "otherExpenses": 0,
    "operatingExpenses": 90645000,
    "costAndExpenses": 161084000,
    "interestIncome": 5200000,
    "interestExpense": 0,
    "depreciationAndAmortization": 8949000,
    "ebitda": 108500000,
    "ebitdaratio": 0.4163085518,
    "operatingIncome": 99540000,
    "operatingIncomeRatio": 0.381929523,
    "totalOtherIncomeExpensesNet": 5171000,
    "incomeBeforeTax": 104711000,
    "incomeBeforeTaxRatio": 0.4017703665,
    "incomeTaxExpense": 42323000,
    "netIncome": 62388000,
    "netIncomeRatio": 0.2393793357,
    "eps": 0.18,
    "epsdiluted": 0.18,
    "weightedAverageShsOut": 341073000,
    "weightedAverageShsOutDil": 347013000,
    "link": "https://www.sec.gov/Archives/edgar/data/1035267/000119312509154009/0001193125-09-154009-index.htm",
    "finalLink": "https://www.sec.gov/Archives/edgar/data/1035267/000119312509154009/d10q.htm"
  },
  {
    "date": "2009-03-31",
    "symbol": "ISRG",
    "reportedCurrency": "USD",
    "cik": "0001035267",
    "fillingDate": "2009-04-17",
    "acceptedDate": "2009-04-17 17:18:37",
    "calendarYear": "2009",
    "period": "Q1",
    "revenue": 188372000,
    "costOfRevenue": 59668000,
    "grossProfit": 128704000,
    "grossProfitRatio": 0.6832437942,
    "researchAndDevelopmentExpenses": 21312000,
    "generalAndAdministrativeExpenses": 62366000,
    "sellingAndMarketingExpenses": 0,
    "sellingGeneralAndAdministrativeExpenses": 62366000,
    "otherExpenses": 0,
    "operatingExpenses": 83678000,
    "costAndExpenses": 143346000,
    "interestIncome": 0,
    "interestExpense": 0,
    "depreciationAndAmortization": 7997000,
    "ebitda": 53000000,
    "ebitdaratio": 0.2813581636,
    "operatingIncome": 45026000,
    "operatingIncomeRatio": 0.2390270316,
    "totalOtherIncomeExpensesNet": 5016000,
    "incomeBeforeTax": 50042000,
    "incomeBeforeTaxRatio": 0.2656551929,
    "incomeTaxExpense": 21900000,
    "netIncome": 28142000,
    "netIncomeRatio": 0.1493958762,
    "eps": 0.08,
    "epsdiluted": 0.08,
    "weightedAverageShsOut": 350100000,
    "weightedAverageShsOutDil": 353700000,
    "link": "https://www.sec.gov/Archives/edgar/data/1035267/000119312509081807/0001193125-09-081807-index.htm",
    "finalLink": "https://www.sec.gov/Archives/edgar/data/1035267/000119312509081807/d10q.htm"
  },
  {
    "date": "2008-12-31",
    "symbol": "ISRG",
    "reportedCurrency": "USD",
    "cik": "0001035267",
    "fillingDate": "2009-02-06",
    "acceptedDate": "2009-02-06 16:59:30",
    "calendarYear": "2008",
    "period": "Q4",
    "revenue": 231545000,
    "costOfRevenue": 66205000,
    "grossProfit": 165340000,
    "grossProfitRatio": 0.7140728584,
    "researchAndDevelopmentExpenses": 20863000,
    "generalAndAdministrativeExpenses": 61740000,
    "sellingAndMarketingExpenses": 0,
    "sellingGeneralAndAdministrativeExpenses": 61740000,
    "otherExpenses": 0,
    "operatingExpenses": 82603000,
    "costAndExpenses": 148808000,
    "interestIncome": 0,
    "interestExpense": 0,
    "depreciationAndAmortization": 7505000,
    "ebitda": 90242000,
    "ebitdaratio": 0.3897384958,
    "operatingIncome": 82737000,
    "operatingIncomeRatio": 0.3573257898,
    "totalOtherIncomeExpensesNet": 5525000,
    "incomeBeforeTax": 88262000,
    "incomeBeforeTaxRatio": 0.3811872422,
    "incomeTaxExpense": 37504000,
    "netIncome": 50758000,
    "netIncomeRatio": 0.2192144076,
    "eps": 0.15,
    "epsdiluted": 0.15,
    "weightedAverageShsOut": 349947000,
    "weightedAverageShsOutDil": 349947000,
    "link": "https://www.sec.gov/Archives/edgar/data/1035267/000119312509021360/0001193125-09-021360-index.htm",
    "finalLink": "https://www.sec.gov/Archives/edgar/data/1035267/000119312509021360/d10k.htm"
  },
  {
    "date": "2008-09-30",
    "symbol": "ISRG",
    "reportedCurrency": "USD",
    "cik": "0001035267",
    "fillingDate": "2008-10-17",
    "acceptedDate": "2008-10-17 17:01:06",
    "calendarYear": "2008",
    "period": "Q3",
    "revenue": 235992000,
    "costOfRevenue": 66417000,
    "grossProfit": 169575000,
    "grossProfitRatio": 0.7185624936,
    "researchAndDevelopmentExpenses": 21851000,
    "generalAndAdministrativeExpenses": 62692000,
    "sellingAndMarketingExpenses": 0,
    "sellingGeneralAndAdministrativeExpenses": 62692000,
    "otherExpenses": 0,
    "operatingExpenses": 84543000,
    "costAndExpenses": 150960000,
    "interestIncome": 0,
    "interestExpense": 0,
    "depreciationAndAmortization": 6785000,
    "ebitda": 91817000,
    "ebitdaratio": 0.3890682735,
    "operatingIncome": 85032000,
    "operatingIncomeRatio": 0.3603172989,
    "totalOtherIncomeExpensesNet": 4594000,
    "incomeBeforeTax": 89626000,
    "incomeBeforeTaxRatio": 0.3797840605,
    "incomeTaxExpense": 32032000,
    "netIncome": 57594000,
    "netIncomeRatio": 0.2440506458,
    "eps": 0.16,
    "epsdiluted": 0.16,
    "weightedAverageShsOut": 351135000,
    "weightedAverageShsOutDil": 360972000,
    "link": "https://www.sec.gov/Archives/edgar/data/1035267/000119312508212329/0001193125-08-212329-index.htm",
    "finalLink": "https://www.sec.gov/Archives/edgar/data/1035267/000119312508212329/d10q.htm"
  },
  {
    "date": "2008-06-30",
    "symbol": "ISRG",
    "reportedCurrency": "USD",
    "cik": "0001035267",
    "fillingDate": "2008-07-25",
    "acceptedDate": "2008-07-25 17:17:05",
    "calendarYear": "2008",
    "period": "Q2",
    "revenue": 219189000,
    "costOfRevenue": 63133000,
    "grossProfit": 156056000,
    "grossProfitRatio": 0.711970035,
    "researchAndDevelopmentExpenses": 20357000,
    "generalAndAdministrativeExpenses": 57504000,
    "sellingAndMarketingExpenses": 0,
    "sellingGeneralAndAdministrativeExpenses": 57504000,
    "otherExpenses": 0,
    "operatingExpenses": 77861000,
    "costAndExpenses": 140994000,
    "interestIncome": 0,
    "interestExpense": 0,
    "depreciationAndAmortization": 6166000,
    "ebitda": 84361000,
    "ebitdaratio": 0.3848778908,
    "operatingIncome": 78195000,
    "operatingIncomeRatio": 0.356746917,
    "totalOtherIncomeExpensesNet": 5707000,
    "incomeBeforeTax": 83902000,
    "incomeBeforeTaxRatio": 0.3827838076,
    "incomeTaxExpense": 32720000,
    "netIncome": 51182000,
    "netIncomeRatio": 0.2335062435,
    "eps": 0.15,
    "epsdiluted": 0.14,
    "weightedAverageShsOut": 348957000,
    "weightedAverageShsOutDil": 359820000,
    "link": "https://www.sec.gov/Archives/edgar/data/1035267/000119312508158146/0001193125-08-158146-index.htm",
    "finalLink": "https://www.sec.gov/Archives/edgar/data/1035267/000119312508158146/d10q.htm"
  },
  {
    "date": "2008-03-31",
    "symbol": "ISRG",
    "reportedCurrency": "USD",
    "cik": "0001035267",
    "fillingDate": "2008-04-18",
    "acceptedDate": "2008-04-18 16:18:17",
    "calendarYear": "2008",
    "period": "Q1",
    "revenue": 188194000,
    "costOfRevenue": 58387000,
    "grossProfit": 129807000,
    "grossProfitRatio": 0.6897510016,
    "researchAndDevelopmentExpenses": 16301000,
    "generalAndAdministrativeExpenses": 48634000,
    "sellingAndMarketingExpenses": 0,
    "sellingGeneralAndAdministrativeExpenses": 48634000,
    "otherExpenses": 0,
    "operatingExpenses": 64935000,
    "costAndExpenses": 123322000,
    "interestIncome": 0,
    "interestExpense": 0,
    "depreciationAndAmortization": 4628000,
    "ebitda": 69500000,
    "ebitdaratio": 0.3692997651,
    "operatingIncome": 64872000,
    "operatingIncomeRatio": 0.3447081203,
    "totalOtherIncomeExpensesNet": 8541000,
    "incomeBeforeTax": 73413000,
    "incomeBeforeTaxRatio": 0.390092139,
    "incomeTaxExpense": 28632000,
    "netIncome": 44781000,
    "netIncomeRatio": 0.2379512631,
    "eps": 0.13,
    "epsdiluted": 0.12,
    "weightedAverageShsOut": 347238000,
    "weightedAverageShsOutDil": 358623000,
    "link": "https://www.sec.gov/Archives/edgar/data/1035267/000119312508084815/0001193125-08-084815-index.htm",
    "finalLink": "https://www.sec.gov/Archives/edgar/data/1035267/000119312508084815/d10q.htm"
  },
  {
    "date": "2007-12-31",
    "symbol": "ISRG",
    "reportedCurrency": "USD",
    "cik": "0001035267",
    "fillingDate": "2008-02-14",
    "acceptedDate": "2008-02-14 16:21:41",
    "calendarYear": "2007",
    "period": "Q4",
    "revenue": 189446000,
    "costOfRevenue": 54246000,
    "grossProfit": 135200000,
    "grossProfitRatio": 0.7136598292,
    "researchAndDevelopmentExpenses": 16123000,
    "generalAndAdministrativeExpenses": 45696000,
    "sellingAndMarketingExpenses": 0,
    "sellingGeneralAndAdministrativeExpenses": 45696000,
    "otherExpenses": 0,
    "operatingExpenses": 61819000,
    "costAndExpenses": 116065000,
    "interestIncome": 0,
    "interestExpense": 0,
    "depreciationAndAmortization": 3721000,
    "ebitda": 77102000,
    "ebitdaratio": 0.4069866875,
    "operatingIncome": 73381000,
    "operatingIncomeRatio": 0.3873452065,
    "totalOtherIncomeExpensesNet": 8432000,
    "incomeBeforeTax": 81813000,
    "incomeBeforeTaxRatio": 0.431853932,
    "incomeTaxExpense": 32660000,
    "netIncome": 49153000,
    "netIncomeRatio": 0.2594565206,
    "eps": 0.14,
    "epsdiluted": 0.14,
    "weightedAverageShsOut": 345285000,
    "weightedAverageShsOutDil": 347238000,
    "link": "https://www.sec.gov/Archives/edgar/data/1035267/000119312508031448/0001193125-08-031448-index.htm",
    "finalLink": "https://www.sec.gov/Archives/edgar/data/1035267/000119312508031448/d10k.htm"
  },
  {
    "date": "2007-09-30",
    "symbol": "ISRG",
    "reportedCurrency": "USD",
    "cik": "0001035267",
    "fillingDate": "2007-10-19",
    "acceptedDate": "2007-10-19 16:52:50",
    "calendarYear": "2007",
    "period": "Q3",
    "revenue": 156904000,
    "costOfRevenue": 48434000,
    "grossProfit": 108470000,
    "grossProfitRatio": 0.6913144343,
    "researchAndDevelopmentExpenses": 14319000,
    "generalAndAdministrativeExpenses": 40163000,
    "sellingAndMarketingExpenses": 0,
    "sellingGeneralAndAdministrativeExpenses": 40163000,
    "otherExpenses": 0,
    "operatingExpenses": 54482000,
    "costAndExpenses": 102916000,
    "interestIncome": 0,
    "interestExpense": 0,
    "depreciationAndAmortization": 3386000,
    "ebitda": 57374000,
    "ebitdaratio": 0.3656630806,
    "operatingIncome": 53988000,
    "operatingIncomeRatio": 0.3440830062,
    "totalOtherIncomeExpensesNet": 12220000,
    "incomeBeforeTax": 66208000,
    "incomeBeforeTaxRatio": 0.4219650232,
    "incomeTaxExpense": 25289000,
    "netIncome": 40919000,
    "netIncomeRatio": 0.2607900372,
    "eps": 0.12,
    "epsdiluted": 0.12,
    "weightedAverageShsOut": 342297000,
    "weightedAverageShsOutDil": 353439000,
    "link": "https://www.sec.gov/Archives/edgar/data/1035267/000119312507222158/0001193125-07-222158-index.htm",
    "finalLink": "https://www.sec.gov/Archives/edgar/data/1035267/000119312507222158/d10q.htm"
  },
  {
    "date": "2007-06-30",
    "symbol": "ISRG",
    "reportedCurrency": "USD",
    "cik": "0001035267",
    "fillingDate": "2007-07-20",
    "acceptedDate": "2007-07-20 16:08:19",
    "calendarYear": "2007",
    "period": "Q2",
    "revenue": 140249000,
    "costOfRevenue": 46141000,
    "grossProfit": 94108000,
    "grossProfitRatio": 0.6710065669,
    "researchAndDevelopmentExpenses": 10192000,
    "generalAndAdministrativeExpenses": 38883000,
    "sellingAndMarketingExpenses": 0,
    "sellingGeneralAndAdministrativeExpenses": 38883000,
    "otherExpenses": 0,
    "operatingExpenses": 49075000,
    "costAndExpenses": 95216000,
    "interestIncome": 0,
    "interestExpense": 0,
    "depreciationAndAmortization": 3068000,
    "ebitda": 48101000,
    "ebitdaratio": 0.3429685773,
    "operatingIncome": 45033000,
    "operatingIncomeRatio": 0.3210931985,
    "totalOtherIncomeExpensesNet": 5232000,
    "incomeBeforeTax": 50265000,
    "incomeBeforeTaxRatio": 0.3583982773,
    "incomeTaxExpense": 19602000,
    "netIncome": 30663000,
    "netIncomeRatio": 0.2186325749,
    "eps": 0.09,
    "epsdiluted": 0.0878,
    "weightedAverageShsOut": 338724000,
    "weightedAverageShsOutDil": 347913000,
    "link": "https://www.sec.gov/Archives/edgar/data/1035267/000119312507158965/0001193125-07-158965-index.htm",
    "finalLink": "https://www.sec.gov/Archives/edgar/data/1035267/000119312507158965/d10q.htm"
  },
  {
    "date": "2007-03-31",
    "symbol": "ISRG",
    "reportedCurrency": "USD",
    "cik": "0001035267",
    "fillingDate": "2007-04-23",
    "acceptedDate": "2007-04-20 20:52:49",
    "calendarYear": "2007",
    "period": "Q1",
    "revenue": 114229000,
    "costOfRevenue": 37721000,
    "grossProfit": 76508000,
    "grossProfitRatio": 0.669777377,
    "researchAndDevelopmentExpenses": 8224000,
    "generalAndAdministrativeExpenses": 33945000,
    "sellingAndMarketingExpenses": 0,
    "sellingGeneralAndAdministrativeExpenses": 33945000,
    "otherExpenses": 0,
    "operatingExpenses": 42169000,
    "costAndExpenses": 79890000,
    "interestIncome": 0,
    "interestExpense": 0,
    "depreciationAndAmortization": 2852000,
    "ebitda": 37191000,
    "ebitdaratio": 0.3255828205,
    "operatingIncome": 34339000,
    "operatingIncomeRatio": 0.3006154304,
    "totalOtherIncomeExpensesNet": 4608000,
    "incomeBeforeTax": 38947000,
    "incomeBeforeTaxRatio": 0.3409554491,
    "incomeTaxExpense": 15145000,
    "netIncome": 23802000,
    "netIncomeRatio": 0.2083709041,
    "eps": 0.0711,
    "epsdiluted": 0.0689,
    "weightedAverageShsOut": 335601000,
    "weightedAverageShsOutDil": 345582000,
    "link": "https://www.sec.gov/Archives/edgar/data/1035267/000119312507086724/0001193125-07-086724-index.htm",
    "finalLink": "https://www.sec.gov/Archives/edgar/data/1035267/000119312507086724/d10q.htm"
  },
  {
    "date": "2006-12-31",
    "symbol": "ISRG",
    "reportedCurrency": "USD",
    "cik": "0001035267",
    "fillingDate": "2007-02-15",
    "acceptedDate": "2007-02-15 15:33:18",
    "calendarYear": "2006",
    "period": "Q4",
    "revenue": 112567000,
    "costOfRevenue": 37622000,
    "grossProfit": 74945000,
    "grossProfitRatio": 0.665781268,
    "researchAndDevelopmentExpenses": 8448000,
    "generalAndAdministrativeExpenses": 31051000,
    "sellingAndMarketingExpenses": 0,
    "sellingGeneralAndAdministrativeExpenses": 31051000,
    "otherExpenses": 0,
    "operatingExpenses": 39499000,
    "costAndExpenses": 77121000,
    "interestIncome": 0,
    "interestExpense": 0,
    "depreciationAndAmortization": 28303000,
    "ebitda": 63749000,
    "ebitdaratio": 0.5663205025,
    "operatingIncome": 35446000,
    "operatingIncomeRatio": 0.3148880222,
    "totalOtherIncomeExpensesNet": 4181000,
    "incomeBeforeTax": 39627000,
    "incomeBeforeTaxRatio": 0.3520303464,
    "incomeTaxExpense": 15986000,
    "netIncome": 23641000,
    "netIncomeRatio": 0.2100171453,
    "eps": 0.0704,
    "epsdiluted": 0.0704,
    "weightedAverageShsOut": 333090000,
    "weightedAverageShsOutDil": 335601000,
    "link": "https://www.sec.gov/Archives/edgar/data/1035267/000119312507032981/0001193125-07-032981-index.htm",
    "finalLink": "https://www.sec.gov/Archives/edgar/data/1035267/000119312507032981/d10k.htm"
  },
  {
    "date": "2006-09-30",
    "symbol": "ISRG",
    "reportedCurrency": "USD",
    "cik": "0001035267",
    "fillingDate": "2006-10-27",
    "acceptedDate": "2006-10-27 16:21:02",
    "calendarYear": "2006",
    "period": "Q3",
    "revenue": 95832000,
    "costOfRevenue": 33599000,
    "grossProfit": 62233000,
    "grossProfitRatio": 0.6493968612,
    "researchAndDevelopmentExpenses": 7979000,
    "generalAndAdministrativeExpenses": 28578000,
    "sellingAndMarketingExpenses": 0,
    "sellingGeneralAndAdministrativeExpenses": 28578000,
    "otherExpenses": 0,
    "operatingExpenses": 36557000,
    "costAndExpenses": 70156000,
    "interestIncome": 0,
    "interestExpense": 0,
    "depreciationAndAmortization": 2603000,
    "ebitda": 28279000,
    "ebitdaratio": 0.295089323,
    "operatingIncome": 25676000,
    "operatingIncomeRatio": 0.2679272059,
    "totalOtherIncomeExpensesNet": 3146000,
    "incomeBeforeTax": 28822000,
    "incomeBeforeTaxRatio": 0.3007554888,
    "incomeTaxExpense": 11559000,
    "netIncome": 17263000,
    "netIncomeRatio": 0.1801381584,
    "eps": 0.0522,
    "epsdiluted": 0.05,
    "weightedAverageShsOut": 331875000,
    "weightedAverageShsOutDil": 343656000,
    "link": "https://www.sec.gov/Archives/edgar/data/1035267/000119312506217047/0001193125-06-217047-index.htm",
    "finalLink": "https://www.sec.gov/Archives/edgar/data/1035267/000119312506217047/d10q.htm"
  },
  {
    "date": "2006-06-30",
    "symbol": "ISRG",
    "reportedCurrency": "USD",
    "cik": "0001035267",
    "fillingDate": "2006-07-31",
    "acceptedDate": "2006-07-31 15:05:39",
    "calendarYear": "2006",
    "period": "Q2",
    "revenue": 87025000,
    "costOfRevenue": 28048000,
    "grossProfit": 58977000,
    "grossProfitRatio": 0.6777018098,
    "researchAndDevelopmentExpenses": 7205000,
    "generalAndAdministrativeExpenses": 27265000,
    "sellingAndMarketingExpenses": 0,
    "sellingGeneralAndAdministrativeExpenses": 27265000,
    "otherExpenses": 0,
    "operatingExpenses": 34470000,
    "costAndExpenses": 62518000,
    "interestIncome": 0,
    "interestExpense": 0,
    "depreciationAndAmortization": 2189000,
    "ebitda": 26696000,
    "ebitdaratio": 0.3067624246,
    "operatingIncome": 24507000,
    "operatingIncomeRatio": 0.2816087331,
    "totalOtherIncomeExpensesNet": 3255000,
    "incomeBeforeTax": 27762000,
    "incomeBeforeTaxRatio": 0.3190117782,
    "incomeTaxExpense": 11080000,
    "netIncome": 16682000,
    "netIncomeRatio": 0.1916920425,
    "eps": 0.05,
    "epsdiluted": 0.0489,
    "weightedAverageShsOut": 330156000,
    "weightedAverageShsOutDil": 343116000,
    "link": "https://www.sec.gov/Archives/edgar/data/1035267/000119312506156931/0001193125-06-156931-index.htm",
    "finalLink": "https://www.sec.gov/Archives/edgar/data/1035267/000119312506156931/d10q.htm"
  },
  {
    "date": "2006-03-31",
    "symbol": "ISRG",
    "reportedCurrency": "USD",
    "cik": "0001035267",
    "fillingDate": "2006-05-10",
    "acceptedDate": "2006-05-10 14:09:29",
    "calendarYear": "2006",
    "period": "Q1",
    "revenue": 77258000,
    "costOfRevenue": 25577000,
    "grossProfit": 51681000,
    "grossProfitRatio": 0.6689404334,
    "researchAndDevelopmentExpenses": 6145000,
    "generalAndAdministrativeExpenses": 23810000,
    "sellingAndMarketingExpenses": 0,
    "sellingGeneralAndAdministrativeExpenses": 23810000,
    "otherExpenses": 0,
    "operatingExpenses": 29955000,
    "costAndExpenses": 55532000,
    "interestIncome": 0,
    "interestExpense": 0,
    "depreciationAndAmortization": 2174000,
    "ebitda": 23900000,
    "ebitdaratio": 0.3093530767,
    "operatingIncome": 21726000,
    "operatingIncomeRatio": 0.281213596,
    "totalOtherIncomeExpensesNet": 2201000,
    "incomeBeforeTax": 23927000,
    "incomeBeforeTaxRatio": 0.3097025551,
    "incomeTaxExpense": 9469000,
    "netIncome": 14458000,
    "netIncomeRatio": 0.1871391959,
    "eps": 0.0444,
    "epsdiluted": 0.0422,
    "weightedAverageShsOut": 327411000,
    "weightedAverageShsOutDil": 340416000,
    "link": "https://www.sec.gov/Archives/edgar/data/1035267/000103526706000002/0001035267-06-000002-index.htm",
    "finalLink": "https://www.sec.gov/Archives/edgar/data/1035267/000103526706000002/body10q.htm"
  },
  {
    "date": "2005-12-31",
    "symbol": "ISRG",
    "reportedCurrency": "USD",
    "cik": "0001035267",
    "fillingDate": "2006-03-15",
    "acceptedDate": "2006-03-15 16:25:48",
    "calendarYear": "2005",
    "period": "Q4",
    "revenue": 72094000,
    "costOfRevenue": 23532000,
    "grossProfit": 48562000,
    "grossProfitRatio": 0.6735928094,
    "researchAndDevelopmentExpenses": 4267000,
    "generalAndAdministrativeExpenses": 20784000,
    "sellingAndMarketingExpenses": 0,
    "sellingGeneralAndAdministrativeExpenses": 20784000,
    "otherExpenses": 0,
    "operatingExpenses": 25051000,
    "costAndExpenses": 48583000,
    "interestIncome": 0,
    "interestExpense": 0,
    "depreciationAndAmortization": 1791000,
    "ebitda": 25302000,
    "ebitdaratio": 0.3509584709,
    "operatingIncome": 23511000,
    "operatingIncomeRatio": 0.3261159042,
    "totalOtherIncomeExpensesNet": 1928000,
    "incomeBeforeTax": 25439000,
    "incomeBeforeTaxRatio": 0.3528587677,
    "incomeTaxExpense": -24087000,
    "netIncome": 49526000,
    "netIncomeRatio": 0.6869642411,
    "eps": 0.15,
    "epsdiluted": 0.15,
    "weightedAverageShsOut": 322380000,
    "weightedAverageShsOutDil": 327411000,
    "link": "https://www.sec.gov/Archives/edgar/data/1035267/000119312506055046/0001193125-06-055046-index.htm",
    "finalLink": "https://www.sec.gov/Archives/edgar/data/1035267/000119312506055046/d10k.htm"
  },
  {
    "date": "2005-09-30",
    "symbol": "ISRG",
    "reportedCurrency": "USD",
    "cik": "0001035267",
    "fillingDate": "2005-11-09",
    "acceptedDate": "2005-11-09 14:47:37",
    "calendarYear": "2005",
    "period": "Q3",
    "revenue": 60874000,
    "costOfRevenue": 18757000,
    "grossProfit": 42117000,
    "grossProfitRatio": 0.6918717351,
    "researchAndDevelopmentExpenses": 4587000,
    "generalAndAdministrativeExpenses": 16521000,
    "sellingAndMarketingExpenses": 0,
    "sellingGeneralAndAdministrativeExpenses": 16521000,
    "otherExpenses": 0,
    "operatingExpenses": 21108000,
    "costAndExpenses": 39865000,
    "interestIncome": 0,
    "interestExpense": 0,
    "depreciationAndAmortization": 1639000,
    "ebitda": 22648000,
    "ebitdaratio": 0.3720471794,
    "operatingIncome": 21009000,
    "operatingIncomeRatio": 0.3451227125,
    "totalOtherIncomeExpensesNet": 1430000,
    "incomeBeforeTax": 22439000,
    "incomeBeforeTaxRatio": 0.3686138581,
    "incomeTaxExpense": 1719000,
    "netIncome": 20720000,
    "netIncomeRatio": 0.3403752012,
    "eps": 0.0656,
    "epsdiluted": 0.0611,
    "weightedAverageShsOut": 316386000,
    "weightedAverageShsOutDil": 342117000,
    "link": "https://www.sec.gov/Archives/edgar/data/1035267/000103526705000009/0001035267-05-000009-index.htm",
    "finalLink": "https://www.sec.gov/Archives/edgar/data/1035267/000103526705000009/body10q.htm"
  },
  {
    "date": "2005-06-30",
    "symbol": "ISRG",
    "reportedCurrency": "USD",
    "cik": "0001035267",
    "fillingDate": "2005-08-08",
    "acceptedDate": "2005-08-08 16:47:05",
    "calendarYear": "2005",
    "period": "Q2",
    "revenue": 52756000,
    "costOfRevenue": 17129000,
    "grossProfit": 35627000,
    "grossProfitRatio": 0.6753165517,
    "researchAndDevelopmentExpenses": 4355000,
    "generalAndAdministrativeExpenses": 15934000,
    "sellingAndMarketingExpenses": 0,
    "sellingGeneralAndAdministrativeExpenses": 15934000,
    "otherExpenses": 0,
    "operatingExpenses": 20289000,
    "costAndExpenses": 37418000,
    "interestIncome": 0,
    "interestExpense": 0,
    "depreciationAndAmortization": 1630000,
    "ebitda": 16968000,
    "ebitdaratio": 0.3216316627,
    "operatingIncome": 15338000,
    "operatingIncomeRatio": 0.2907347032,
    "totalOtherIncomeExpensesNet": 954000,
    "incomeBeforeTax": 16292000,
    "incomeBeforeTaxRatio": 0.3088179544,
    "incomeTaxExpense": 1508000,
    "netIncome": 14784000,
    "netIncomeRatio": 0.2802335279,
    "eps": 0.0467,
    "epsdiluted": 0.0444,
    "weightedAverageShsOut": 313110000,
    "weightedAverageShsOutDil": 335196000,
    "link": "https://www.sec.gov/Archives/edgar/data/1035267/000103526705000007/0001035267-05-000007-index.htm",
    "finalLink": "https://www.sec.gov/Archives/edgar/data/1035267/000103526705000007/body10q.htm"
  },
  {
    "date": "2005-03-31",
    "symbol": "ISRG",
    "reportedCurrency": "USD",
    "cik": "0001035267",
    "fillingDate": "2005-05-10",
    "acceptedDate": "2005-05-10 14:58:57",
    "calendarYear": "2005",
    "period": "Q1",
    "revenue": 41614000,
    "costOfRevenue": 14351000,
    "grossProfit": 27263000,
    "grossProfitRatio": 0.6551400971,
    "researchAndDevelopmentExpenses": 4145000,
    "generalAndAdministrativeExpenses": 14204000,
    "sellingAndMarketingExpenses": 0,
    "sellingGeneralAndAdministrativeExpenses": 14204000,
    "otherExpenses": 0,
    "operatingExpenses": 18349000,
    "costAndExpenses": 32700000,
    "interestIncome": 0,
    "interestExpense": 0,
    "depreciationAndAmortization": 1667000,
    "ebitda": 10581000,
    "ebitdaratio": 0.2542653915,
    "operatingIncome": 8914000,
    "operatingIncomeRatio": 0.2142067573,
    "totalOtherIncomeExpensesNet": 723000,
    "incomeBeforeTax": 9637000,
    "incomeBeforeTaxRatio": 0.231580718,
    "incomeTaxExpense": 533000,
    "netIncome": 9104000,
    "netIncomeRatio": 0.2187725285,
    "eps": 0.0289,
    "epsdiluted": 0.0278,
    "weightedAverageShsOut": 310653000,
    "weightedAverageShsOutDil": 333189000,
    "link": "https://www.sec.gov/Archives/edgar/data/1035267/000103526705000002/0001035267-05-000002-index.htm",
    "finalLink": "https://www.sec.gov/Archives/edgar/data/1035267/000103526705000002/body10q.htm"
  },
  {
    "date": "2004-12-31",
    "symbol": "ISRG",
    "reportedCurrency": "USD",
    "cik": "0001035267",
    "fillingDate": "2005-03-16",
    "acceptedDate": "2005-03-16 14:48:06",
    "calendarYear": "2004",
    "period": "Q4",
    "revenue": 45194000,
    "costOfRevenue": 15390000,
    "grossProfit": 29804000,
    "grossProfitRatio": 0.659468071,
    "researchAndDevelopmentExpenses": 4241000,
    "generalAndAdministrativeExpenses": 14616000,
    "sellingAndMarketingExpenses": 0,
    "sellingGeneralAndAdministrativeExpenses": 14616000,
    "otherExpenses": 0,
    "operatingExpenses": 18857000,
    "costAndExpenses": 34247000,
    "interestIncome": 0,
    "interestExpense": 0,
    "depreciationAndAmortization": 1752000,
    "ebitda": 12699000,
    "ebitdaratio": 0.2809886268,
    "operatingIncome": 10947000,
    "operatingIncomeRatio": 0.2422224189,
    "totalOtherIncomeExpensesNet": 1096000,
    "incomeBeforeTax": 12043000,
    "incomeBeforeTaxRatio": 0.2664734257,
    "incomeTaxExpense": 361000,
    "netIncome": 11682000,
    "netIncomeRatio": 0.2584856397,
    "eps": 0.0376,
    "epsdiluted": 0.0376,
    "weightedAverageShsOut": 306936000,
    "weightedAverageShsOutDil": 310653000,
    "link": "https://www.sec.gov/Archives/edgar/data/1035267/000119312505052547/0001193125-05-052547-index.htm",
    "finalLink": "https://www.sec.gov/Archives/edgar/data/1035267/000119312505052547/d10k.htm"
  },
  {
    "date": "2004-09-30",
    "symbol": "ISRG",
    "reportedCurrency": "USD",
    "cik": "0001035267",
    "fillingDate": "2004-11-08",
    "acceptedDate": "2004-11-08 15:10:54",
    "calendarYear": "2004",
    "period": "Q3",
    "revenue": 35493000,
    "costOfRevenue": 12771000,
    "grossProfit": 22722000,
    "grossProfitRatio": 0.6401825712,
    "researchAndDevelopmentExpenses": 4635000,
    "generalAndAdministrativeExpenses": 12600000,
    "sellingAndMarketingExpenses": 0,
    "sellingGeneralAndAdministrativeExpenses": 12600000,
    "otherExpenses": 0,
    "operatingExpenses": 17235000,
    "costAndExpenses": 30006000,
    "interestIncome": 0,
    "interestExpense": 0,
    "depreciationAndAmortization": 1720000,
    "ebitda": 7207000,
    "ebitdaratio": 0.2030541233,
    "operatingIncome": 5487000,
    "operatingIncomeRatio": 0.1545938636,
    "totalOtherIncomeExpensesNet": 692000,
    "incomeBeforeTax": 6179000,
    "incomeBeforeTaxRatio": 0.1740906658,
    "incomeTaxExpense": 66000,
    "netIncome": 6113000,
    "netIncomeRatio": 0.1722311442,
    "eps": 0.02,
    "epsdiluted": 0.0189,
    "weightedAverageShsOut": 304407000,
    "weightedAverageShsOutDil": 317745000,
    "link": "https://www.sec.gov/Archives/edgar/data/1035267/000103526704000003/0001035267-04-000003-index.htm",
    "finalLink": "https://www.sec.gov/Archives/edgar/data/1035267/000103526704000003/body10q.htm"
  },
  {
    "date": "2004-06-30",
    "symbol": "ISRG",
    "reportedCurrency": "USD",
    "cik": "0001035267",
    "fillingDate": "2004-08-06",
    "acceptedDate": "2004-08-06 15:11:02",
    "calendarYear": "2004",
    "period": "Q2",
    "revenue": 31057000,
    "costOfRevenue": 11429000,
    "grossProfit": 19628000,
    "grossProfitRatio": 0.6319992272,
    "researchAndDevelopmentExpenses": 3626000,
    "generalAndAdministrativeExpenses": 11535000,
    "sellingAndMarketingExpenses": 0,
    "sellingGeneralAndAdministrativeExpenses": 11535000,
    "otherExpenses": 0,
    "operatingExpenses": 15161000,
    "costAndExpenses": 26590000,
    "interestIncome": 0,
    "interestExpense": 0,
    "depreciationAndAmortization": 1783000,
    "ebitda": 6250000,
    "ebitdaratio": 0.201242876,
    "operatingIncome": 4467000,
    "operatingIncomeRatio": 0.1438323083,
    "totalOtherIncomeExpensesNet": 626000,
    "incomeBeforeTax": 5093000,
    "incomeBeforeTaxRatio": 0.1639887948,
    "incomeTaxExpense": 263000,
    "netIncome": 4830000,
    "netIncomeRatio": 0.1555204946,
    "eps": 0.0156,
    "epsdiluted": 0.0156,
    "weightedAverageShsOut": 302031000,
    "weightedAverageShsOutDil": 307890000,
    "link": "https://www.sec.gov/Archives/edgar/data/1035267/000103526704000002/0001035267-04-000002-index.htm",
    "finalLink": "https://www.sec.gov/Archives/edgar/data/1035267/000103526704000002/body10q.htm"
  },
  {
    "date": "2004-03-31",
    "symbol": "ISRG",
    "reportedCurrency": "USD",
    "cik": "0001035267",
    "fillingDate": "2004-05-07",
    "acceptedDate": "2004-05-07 15:55:53",
    "calendarYear": "2004",
    "period": "Q1",
    "revenue": 27059000,
    "costOfRevenue": 11223000,
    "grossProfit": 15836000,
    "grossProfitRatio": 0.5852396615,
    "researchAndDevelopmentExpenses": 5310000,
    "generalAndAdministrativeExpenses": 10243000,
    "sellingAndMarketingExpenses": 0,
    "sellingGeneralAndAdministrativeExpenses": 10243000,
    "otherExpenses": 0,
    "operatingExpenses": 15553000,
    "costAndExpenses": 26776000,
    "interestIncome": 0,
    "interestExpense": 0,
    "depreciationAndAmortization": 1856000,
    "ebitda": 2139000,
    "ebitdaratio": 0.0790494845,
    "operatingIncome": 283000,
    "operatingIncomeRatio": 0.0104586274,
    "totalOtherIncomeExpensesNet": 606000,
    "incomeBeforeTax": 889000,
    "incomeBeforeTaxRatio": 0.0328541336,
    "incomeTaxExpense": 36000,
    "netIncome": 853000,
    "netIncomeRatio": 0.0315237075,
    "eps": 0.0033,
    "epsdiluted": 0.0022,
    "weightedAverageShsOut": 299538000,
    "weightedAverageShsOutDil": 307233000,
    "link": "https://www.sec.gov/Archives/edgar/data/1035267/000103526704000001/0001035267-04-000001-index.htm",
    "finalLink": "https://www.sec.gov/Archives/edgar/data/1035267/000103526704000001/body10q.htm"
  },
  {
    "date": "2003-12-31",
    "symbol": "ISRG",
    "reportedCurrency": "USD",
    "cik": "0001035267",
    "fillingDate": "2004-03-12",
    "acceptedDate": "2004-03-12 16:00:01",
    "calendarYear": "2003",
    "period": "Q4",
    "revenue": 27594000,
    "costOfRevenue": 20595000,
    "grossProfit": 6999000,
    "grossProfitRatio": 0.2536420961,
    "researchAndDevelopmentExpenses": 4733000,
    "generalAndAdministrativeExpenses": 7879000,
    "sellingAndMarketingExpenses": 0,
    "sellingGeneralAndAdministrativeExpenses": 7879000,
    "otherExpenses": 0,
    "operatingExpenses": 12612000,
    "costAndExpenses": 33207000,
    "interestIncome": 0,
    "interestExpense": 0,
    "depreciationAndAmortization": 5879000,
    "ebitda": 266000,
    "ebitdaratio": 0.0096397768,
    "operatingIncome": -5613000,
    "operatingIncomeRatio": -0.2034137856,
    "totalOtherIncomeExpensesNet": -4010000,
    "incomeBeforeTax": -9623000,
    "incomeBeforeTaxRatio": -0.3487352323,
    "incomeTaxExpense": -4768000,
    "netIncome": -4855000,
    "netIncomeRatio": -0.1759440458,
    "eps": -0.0162,
    "epsdiluted": -0.0162,
    "weightedAverageShsOut": 299538000,
    "weightedAverageShsOutDil": 299538000,
    "link": "https://www.sec.gov/Archives/edgar/data/1035267/000119312504040493/0001193125-04-040493-index.htm",
    "finalLink": "https://www.sec.gov/Archives/edgar/data/1035267/000119312504040493/d10k.htm"
  },
  {
    "date": "2003-09-30",
    "symbol": "ISRG",
    "reportedCurrency": "USD",
    "cik": "0001035267",
    "fillingDate": "2003-11-14",
    "acceptedDate": "2003-11-14 14:47:01",
    "calendarYear": "2003",
    "period": "Q3",
    "revenue": 23393000,
    "costOfRevenue": 10407000,
    "grossProfit": 12986000,
    "grossProfitRatio": 0.5551233275,
    "researchAndDevelopmentExpenses": 4407000,
    "generalAndAdministrativeExpenses": 12242000,
    "sellingAndMarketingExpenses": 0,
    "sellingGeneralAndAdministrativeExpenses": 12242000,
    "otherExpenses": 0,
    "operatingExpenses": 16649000,
    "costAndExpenses": 27056000,
    "interestIncome": 0,
    "interestExpense": 0,
    "depreciationAndAmortization": 2182000,
    "ebitda": -1481000,
    "ebitdaratio": -0.063309537,
    "operatingIncome": -3663000,
    "operatingIncomeRatio": -0.1565853033,
    "totalOtherIncomeExpensesNet": 310000,
    "incomeBeforeTax": -3353000,
    "incomeBeforeTaxRatio": -0.1433334758,
    "incomeTaxExpense": 0,
    "netIncome": -3353000,
    "netIncomeRatio": -0.1433334758,
    "eps": -0.0139,
    "epsdiluted": -0.0139,
    "weightedAverageShsOut": 241902000,
    "weightedAverageShsOutDil": 241902000,
    "link": "https://www.sec.gov/Archives/edgar/data/1035267/000103526703000004/0001035267-03-000004-index.htm",
    "finalLink": "https://www.sec.gov/Archives/edgar/data/1035267/000103526703000004/body10q.htm"
  },
  {
    "date": "2003-06-30",
    "symbol": "ISRG",
    "reportedCurrency": "USD",
    "cik": "0001035267",
    "fillingDate": "2003-08-14",
    "acceptedDate": "2003-08-14 14:29:04",
    "calendarYear": "2003",
    "period": "Q2",
    "revenue": 21453000,
    "costOfRevenue": 7906000,
    "grossProfit": 13547000,
    "grossProfitRatio": 0.6314734536,
    "researchAndDevelopmentExpenses": 3627000,
    "generalAndAdministrativeExpenses": 9389000,
    "sellingAndMarketingExpenses": 0,
    "sellingGeneralAndAdministrativeExpenses": 9389000,
    "otherExpenses": 0,
    "operatingExpenses": 13016000,
    "costAndExpenses": 20922000,
    "interestIncome": 0,
    "interestExpense": 0,
    "depreciationAndAmortization": 1334000,
    "ebitda": 1865000,
    "ebitdaratio": 0.0869342283,
    "operatingIncome": 531000,
    "operatingIncomeRatio": 0.024751783,
    "totalOtherIncomeExpensesNet": 347000,
    "incomeBeforeTax": 878000,
    "incomeBeforeTaxRatio": 0.0409266769,
    "incomeTaxExpense": 0,
    "netIncome": 878000,
    "netIncomeRatio": 0.0409266769,
    "eps": 0.0056,
    "epsdiluted": 0.0056,
    "weightedAverageShsOut": 167220000,
    "weightedAverageShsOutDil": 170757000,
    "link": "https://www.sec.gov/Archives/edgar/data/1035267/000103526703000003/0001035267-03-000003-index.htm",
    "finalLink": "https://www.sec.gov/Archives/edgar/data/1035267/000103526703000003/body10q.htm"
  },
  {
    "date": "2003-03-31",
    "symbol": "ISRG",
    "reportedCurrency": "USD",
    "cik": "0001035267",
    "fillingDate": "2003-05-15",
    "acceptedDate": "2003-05-15 16:23:21",
    "calendarYear": "2003",
    "period": "Q1",
    "revenue": 19235000,
    "costOfRevenue": 8738000,
    "grossProfit": 10497000,
    "grossProfitRatio": 0.5457239407,
    "researchAndDevelopmentExpenses": 3423000,
    "generalAndAdministrativeExpenses": 10209000,
    "sellingAndMarketingExpenses": 0,
    "sellingGeneralAndAdministrativeExpenses": 10209000,
    "otherExpenses": 0,
    "operatingExpenses": 13632000,
    "costAndExpenses": 22370000,
    "interestIncome": 0,
    "interestExpense": 0,
    "depreciationAndAmortization": 1234000,
    "ebitda": -1901000,
    "ebitdaratio": -0.0988302573,
    "operatingIncome": -3135000,
    "operatingIncomeRatio": -0.1629841435,
    "totalOtherIncomeExpensesNet": 842000,
    "incomeBeforeTax": -2293000,
    "incomeBeforeTaxRatio": -0.1192097738,
    "incomeTaxExpense": 0,
    "netIncome": -2293000,
    "netIncomeRatio": -0.1192097738,
    "eps": -0.0138,
    "epsdiluted": -0.0138,
    "weightedAverageShsOut": 165879000,
    "weightedAverageShsOutDil": 165879000,
    "link": "https://www.sec.gov/Archives/edgar/data/1035267/000103526703000002/0001035267-03-000002-index.htm",
    "finalLink": "https://www.sec.gov/Archives/edgar/data/1035267/000103526703000002/body10q.htm"
  },
  {
    "date": "2002-12-31",
    "symbol": "ISRG",
    "reportedCurrency": "USD",
    "cik": "0001035267",
    "fillingDate": "2003-03-28",
    "acceptedDate": "2003-03-28 08:44:02",
    "calendarYear": "2002",
    "period": "Q4",
    "revenue": 21145000,
    "costOfRevenue": 9512000,
    "grossProfit": 11633000,
    "grossProfitRatio": 0.5501537006,
    "researchAndDevelopmentExpenses": 4026000,
    "generalAndAdministrativeExpenses": 10602000,
    "sellingAndMarketingExpenses": 0,
    "sellingGeneralAndAdministrativeExpenses": 10602000,
    "otherExpenses": 0,
    "operatingExpenses": 14628000,
    "costAndExpenses": 24140000,
    "interestIncome": 0,
    "interestExpense": 0,
    "depreciationAndAmortization": 1175000,
    "ebitda": -1820000,
    "ebitdaratio": -0.0860723575,
    "operatingIncome": -2995000,
    "operatingIncomeRatio": -0.1416410499,
    "totalOtherIncomeExpensesNet": -15426000,
    "incomeBeforeTax": -18421000,
    "incomeBeforeTaxRatio": -0.8711752187,
    "incomeTaxExpense": -15821000,
    "netIncome": -2600000,
    "netIncomeRatio": -0.1229605108,
    "eps": -0.0158,
    "epsdiluted": -0.0157,
    "weightedAverageShsOut": 164884500,
    "weightedAverageShsOutDil": 165879000,
    "link": "https://www.sec.gov/Archives/edgar/data/1035267/000089161803001487/0000891618-03-001487-index.htm",
    "finalLink": "https://www.sec.gov/Archives/edgar/data/1035267/000089161803001487/f88817ore10vk.txt"
  },
  {
    "date": "2002-09-30",
    "symbol": "ISRG",
    "reportedCurrency": "USD",
    "cik": "0001035267",
    "fillingDate": "2002-11-08",
    "acceptedDate": "2002-11-08 13:43:07",
    "calendarYear": "2002",
    "period": "Q3",
    "revenue": 17081000,
    "costOfRevenue": 8340000,
    "grossProfit": 8741000,
    "grossProfitRatio": 0.5117381886,
    "researchAndDevelopmentExpenses": 3890000,
    "generalAndAdministrativeExpenses": 11693000,
    "sellingAndMarketingExpenses": 0,
    "sellingGeneralAndAdministrativeExpenses": 11693000,
    "otherExpenses": 0,
    "operatingExpenses": 15583000,
    "costAndExpenses": 23923000,
    "interestIncome": 0,
    "interestExpense": 0,
    "depreciationAndAmortization": 1180000,
    "ebitda": -5662000,
    "ebitdaratio": -0.3314794216,
    "operatingIncome": -6842000,
    "operatingIncomeRatio": -0.400562028,
    "totalOtherIncomeExpensesNet": 378000,
    "incomeBeforeTax": -6464000,
    "incomeBeforeTaxRatio": -0.3784321761,
    "incomeTaxExpense": 0,
    "netIncome": -6464000,
    "netIncomeRatio": -0.3784321761,
    "eps": -0.0394,
    "epsdiluted": -0.0394,
    "weightedAverageShsOut": 164245500,
    "weightedAverageShsOutDil": 164245500,
    "link": "https://www.sec.gov/Archives/edgar/data/1035267/000103526702000004/0001035267-02-000004-index.htm",
    "finalLink": "https://www.sec.gov/Archives/edgar/data/1035267/000103526702000004/body10q.htm"
  },
  {
    "date": "2002-06-30",
    "symbol": "ISRG",
    "reportedCurrency": "USD",
    "cik": "0001035267",
    "fillingDate": "2002-08-14",
    "acceptedDate": "2002-08-14 13:25:46",
    "calendarYear": "2002",
    "period": "Q2",
    "revenue": 19387000,
    "costOfRevenue": 9225000,
    "grossProfit": 10162000,
    "grossProfitRatio": 0.524165678,
    "researchAndDevelopmentExpenses": 4645000,
    "generalAndAdministrativeExpenses": 9784000,
    "sellingAndMarketingExpenses": 0,
    "sellingGeneralAndAdministrativeExpenses": 9784000,
    "otherExpenses": 0,
    "operatingExpenses": 14429000,
    "costAndExpenses": 23654000,
    "interestIncome": 0,
    "interestExpense": 0,
    "depreciationAndAmortization": 1161000,
    "ebitda": -3106000,
    "ebitdaratio": -0.1602104503,
    "operatingIncome": -4267000,
    "operatingIncomeRatio": -0.2200959406,
    "totalOtherIncomeExpensesNet": 527000,
    "incomeBeforeTax": -3740000,
    "incomeBeforeTaxRatio": -0.1929127766,
    "incomeTaxExpense": 0,
    "netIncome": -3740000,
    "netIncomeRatio": -0.1929127766,
    "eps": -0.0228,
    "epsdiluted": -0.0228,
    "weightedAverageShsOut": 163723500,
    "weightedAverageShsOutDil": 163723500,
    "link": "https://www.sec.gov/Archives/edgar/data/1035267/000113626102000008/0001136261-02-000008-index.htm",
    "finalLink": "https://www.sec.gov/Archives/edgar/data/1035267/000113626102000008/body10q.htm"
  },
  {
    "date": "2002-03-31",
    "symbol": "ISRG",
    "reportedCurrency": "USD",
    "cik": "0001035267",
    "fillingDate": "2002-05-14",
    "acceptedDate": "2002-05-14 11:37:52",
    "calendarYear": "2002",
    "period": "Q1",
    "revenue": 14409000,
    "costOfRevenue": 7507000,
    "grossProfit": 6902000,
    "grossProfitRatio": 0.4790061767,
    "researchAndDevelopmentExpenses": 4232000,
    "generalAndAdministrativeExpenses": 8785000,
    "sellingAndMarketingExpenses": 0,
    "sellingGeneralAndAdministrativeExpenses": 8785000,
    "otherExpenses": 0,
    "operatingExpenses": 13017000,
    "costAndExpenses": 20524000,
    "interestIncome": 0,
    "interestExpense": 0,
    "depreciationAndAmortization": 1033000,
    "ebitda": -5082000,
    "ebitdaratio": -0.3526962315,
    "operatingIncome": -6115000,
    "operatingIncomeRatio": -0.4243875356,
    "totalOtherIncomeExpensesNet": 498000,
    "incomeBeforeTax": -5617000,
    "incomeBeforeTaxRatio": -0.3898258033,
    "incomeTaxExpense": 0,
    "netIncome": -5617000,
    "netIncomeRatio": -0.3898258033,
    "eps": -0.0344,
    "epsdiluted": -0.0344,
    "weightedAverageShsOut": 163386000,
    "weightedAverageShsOutDil": 163386000,
    "link": "https://www.sec.gov/Archives/edgar/data/1035267/000103526702000002/0001035267-02-000002-index.htm",
    "finalLink": "https://www.sec.gov/Archives/edgar/data/1035267/000103526702000002/body10q.htm"
  },
  {
    "date": "2001-12-31",
    "symbol": "ISRG",
    "reportedCurrency": "USD",
    "cik": "0001035267",
    "fillingDate": "2002-04-01",
    "acceptedDate": "2002-04-01 00:00:00",
    "calendarYear": "2001",
    "period": "Q4",
    "revenue": 16013000,
    "costOfRevenue": 9246000,
    "grossProfit": 6767000,
    "grossProfitRatio": 0.4225941423,
    "researchAndDevelopmentExpenses": 3791000,
    "generalAndAdministrativeExpenses": 8035000,
    "sellingAndMarketingExpenses": 0,
    "sellingGeneralAndAdministrativeExpenses": 8035000,
    "otherExpenses": 0,
    "operatingExpenses": 11826000,
    "costAndExpenses": 21072000,
    "interestIncome": 0,
    "interestExpense": 0,
    "depreciationAndAmortization": 1152000,
    "ebitda": -3907000,
    "ebitdaratio": -0.2439892587,
    "operatingIncome": -5059000,
    "operatingIncomeRatio": -0.3159308062,
    "totalOtherIncomeExpensesNet": -2834000,
    "incomeBeforeTax": -7893000,
    "incomeBeforeTaxRatio": -0.492912009,
    "incomeTaxExpense": -807000,
    "netIncome": -4252000,
    "netIncomeRatio": -0.2655342534,
    "eps": -0.0261,
    "epsdiluted": -0.026,
    "weightedAverageShsOut": 162684000,
    "weightedAverageShsOutDil": 163386000,
    "link": "https://www.sec.gov/Archives/edgar/data/1035267/000103526702000001/0001035267-02-000001-index.htm",
    "finalLink": "https://www.sec.gov/Archives/edgar/data/1035267/000103526702000001/body10k.htm"
  },
  {
    "date": "2001-09-30",
    "symbol": "ISRG",
    "reportedCurrency": "USD",
    "cik": "0001035267",
    "fillingDate": "2001-11-14",
    "acceptedDate": "2001-11-14 00:00:00",
    "calendarYear": "2001",
    "period": "Q3",
    "revenue": 10861000,
    "costOfRevenue": 5750000,
    "grossProfit": 5111000,
    "grossProfitRatio": 0.4705828193,
    "researchAndDevelopmentExpenses": 3493000,
    "generalAndAdministrativeExpenses": 7452000,
    "sellingAndMarketingExpenses": 0,
    "sellingGeneralAndAdministrativeExpenses": 7452000,
    "otherExpenses": 0,
    "operatingExpenses": 10945000,
    "costAndExpenses": 16695000,
    "interestIncome": 0,
    "interestExpense": 0,
    "depreciationAndAmortization": 1147000,
    "ebitda": -4687000,
    "ebitdaratio": -0.4315440567,
    "operatingIncome": -5834000,
    "operatingIncomeRatio": -0.5371512752,
    "totalOtherIncomeExpensesNet": 1036000,
    "incomeBeforeTax": -4798000,
    "incomeBeforeTaxRatio": -0.4417641101,
    "incomeTaxExpense": 0,
    "netIncome": -4798000,
    "netIncomeRatio": -0.4417641101,
    "eps": -0.0296,
    "epsdiluted": -0.0296,
    "weightedAverageShsOut": 162252000,
    "weightedAverageShsOutDil": 162252000,
    "link": "https://www.sec.gov/Archives/edgar/data/1035267/000103526701500007/0001035267-01-500007-index.htm",
    "finalLink": "https://www.sec.gov/Archives/edgar/data/1035267/000103526701500007/body10q.htm"
  },
  {
    "date": "2001-06-30",
    "symbol": "ISRG",
    "reportedCurrency": "USD",
    "cik": "0001035267",
    "fillingDate": "2001-08-10",
    "acceptedDate": "2001-08-10 00:00:00",
    "calendarYear": "2001",
    "period": "Q2",
    "revenue": 12720000,
    "costOfRevenue": 6659000,
    "grossProfit": 6061000,
    "grossProfitRatio": 0.4764937107,
    "researchAndDevelopmentExpenses": 3336000,
    "generalAndAdministrativeExpenses": 7666000,
    "sellingAndMarketingExpenses": 0,
    "sellingGeneralAndAdministrativeExpenses": 7666000,
    "otherExpenses": 0,
    "operatingExpenses": 11002000,
    "costAndExpenses": 17661000,
    "interestIncome": 0,
    "interestExpense": 0,
    "depreciationAndAmortization": 1174000,
    "ebitda": -3767000,
    "ebitdaratio": -0.2961477987,
    "operatingIncome": -4941000,
    "operatingIncomeRatio": -0.3884433962,
    "totalOtherIncomeExpensesNet": 697000,
    "incomeBeforeTax": -4244000,
    "incomeBeforeTaxRatio": -0.3336477987,
    "incomeTaxExpense": 0,
    "netIncome": -4244000,
    "netIncomeRatio": -0.3336477987,
    "eps": -0.0265,
    "epsdiluted": -0.0265,
    "weightedAverageShsOut": 160447500,
    "weightedAverageShsOutDil": 160447500,
    "link": "https://www.sec.gov/Archives/edgar/data/1035267/000103526701500006/0001035267-01-500006-index.htm",
    "finalLink": "https://www.sec.gov/Archives/edgar/data/1035267/000103526701500006/body10q.htm"
  },
  {
    "date": "2001-03-31",
    "symbol": "ISRG",
    "reportedCurrency": "USD",
    "cik": "0001035267",
    "fillingDate": "2001-05-14",
    "acceptedDate": "2001-05-14 00:00:00",
    "calendarYear": "2001",
    "period": "Q1",
    "revenue": 12079000,
    "costOfRevenue": 6135000,
    "grossProfit": 5944000,
    "grossProfitRatio": 0.4920937164,
    "researchAndDevelopmentExpenses": 3231000,
    "generalAndAdministrativeExpenses": 6835000,
    "sellingAndMarketingExpenses": 0,
    "sellingGeneralAndAdministrativeExpenses": 6835000,
    "otherExpenses": 0,
    "operatingExpenses": 10066000,
    "costAndExpenses": 16201000,
    "interestIncome": 0,
    "interestExpense": 0,
    "depreciationAndAmortization": 1239000,
    "ebitda": -2883000,
    "ebitdaratio": -0.2386786986,
    "operatingIncome": -4550000,
    "operatingIncomeRatio": -0.3766868118,
    "totalOtherIncomeExpensesNet": 1143000,
    "incomeBeforeTax": -3407000,
    "incomeBeforeTaxRatio": -0.2820597732,
    "incomeTaxExpense": 0,
    "netIncome": -3407000,
    "netIncomeRatio": -0.2820597732,
    "eps": -0.0214,
    "epsdiluted": -0.0214,
    "weightedAverageShsOut": 159304500,
    "weightedAverageShsOutDil": 159304500,
    "link": "https://www.sec.gov/Archives/edgar/data/1035267/000089161801500698/0000891618-01-500698-index.htm",
    "finalLink": "https://www.sec.gov/Archives/edgar/data/1035267/000089161801500698/f72328e10-q.txt"
  },
  {
    "date": "2000-12-31",
    "symbol": "ISRG",
    "reportedCurrency": "USD",
    "cik": "0001035267",
    "fillingDate": "2001-03-30",
    "acceptedDate": "2001-03-30 00:00:00",
    "calendarYear": "2000",
    "period": "Q4",
    "revenue": 10706000,
    "costOfRevenue": 5875000,
    "grossProfit": 4831000,
    "grossProfitRatio": 0.451242294,
    "researchAndDevelopmentExpenses": 3110000,
    "generalAndAdministrativeExpenses": 6626000,
    "sellingAndMarketingExpenses": 0,
    "sellingGeneralAndAdministrativeExpenses": 6626000,
    "otherExpenses": 0,
    "operatingExpenses": 11149000,
    "costAndExpenses": 17024000,
    "interestIncome": 0,
    "interestExpense": 0,
    "depreciationAndAmortization": 1413000,
    "ebitda": -4905000,
    "ebitdaratio": -0.458154306,
    "operatingIncome": -6318000,
    "operatingIncomeRatio": -0.5901363721,
    "totalOtherIncomeExpensesNet": 0,
    "incomeBeforeTax": 0,
    "incomeBeforeTaxRatio": 0,
    "incomeTaxExpense": -1337000,
    "netIncome": -4981000,
    "netIncomeRatio": -0.4652531291,
    "eps": -0.0315,
    "epsdiluted": -0.0313,
    "weightedAverageShsOut": 158112000,
    "weightedAverageShsOutDil": 159304500,
    "link": "https://www.sec.gov/Archives/edgar/data/1035267/000109581101001899/0001095811-01-001899-index.htm",
    "finalLink": "https://www.sec.gov/Archives/edgar/data/1035267/000109581101001899/f70521e10-k405.txt"
  },
  {
    "date": "2000-09-30",
    "symbol": "ISRG",
    "reportedCurrency": "USD",
    "cik": "0001035267",
    "fillingDate": "2000-11-13",
    "acceptedDate": "2000-11-13 00:00:00",
    "calendarYear": "2000",
    "period": "Q3",
    "revenue": 7859000,
    "costOfRevenue": 3365000,
    "grossProfit": 4494000,
    "grossProfitRatio": 0.5718284769,
    "researchAndDevelopmentExpenses": 3172000,
    "generalAndAdministrativeExpenses": 5395000,
    "sellingAndMarketingExpenses": 0,
    "sellingGeneralAndAdministrativeExpenses": 5395000,
    "otherExpenses": 0,
    "operatingExpenses": 9910000,
    "costAndExpenses": 13275000,
    "interestIncome": 0,
    "interestExpense": 0,
    "depreciationAndAmortization": 1343000,
    "ebitda": -4073000,
    "ebitdaratio": -0.5182593205,
    "operatingIncome": -5416000,
    "operatingIncomeRatio": -0.6891462018,
    "totalOtherIncomeExpensesNet": 0,
    "incomeBeforeTax": 0,
    "incomeBeforeTaxRatio": 0,
    "incomeTaxExpense": -1396000,
    "netIncome": -4020000,
    "netIncomeRatio": -0.51151546,
    "eps": -0.0258,
    "epsdiluted": -0.0258,
    "weightedAverageShsOut": 155992500,
    "weightedAverageShsOutDil": 155992500,
    "link": "https://www.sec.gov/Archives/edgar/data/1035267/000089161800005025/0000891618-00-005025-index.htm",
    "finalLink": "https://www.sec.gov/Archives/edgar/data/1035267/000089161800005025/f66307e10-q.txt"
  },
  {
    "date": "2000-06-30",
    "symbol": "ISRG",
    "reportedCurrency": "USD",
    "cik": "0001035267",
    "fillingDate": "2000-08-14",
    "acceptedDate": "2000-08-14 00:00:00",
    "calendarYear": "2000",
    "period": "Q2",
    "revenue": 5127000,
    "costOfRevenue": 2238000,
    "grossProfit": 2889000,
    "grossProfitRatio": 0.5634874195,
    "researchAndDevelopmentExpenses": 2822000,
    "generalAndAdministrativeExpenses": 0,
    "sellingAndMarketingExpenses": 0,
    "sellingGeneralAndAdministrativeExpenses": 3976000,
    "otherExpenses": 1265000,
    "operatingExpenses": 8063000,
    "costAndExpenses": 10301000,
    "interestIncome": 0,
    "interestExpense": 0,
    "depreciationAndAmortization": 1265000,
    "ebitda": -3909000,
    "ebitdaratio": -0.762434172,
    "operatingIncome": -5174000,
    "operatingIncomeRatio": -1.0091671543,
    "totalOtherIncomeExpensesNet": 0,
    "incomeBeforeTax": 0,
    "incomeBeforeTaxRatio": 0,
    "incomeTaxExpense": -684000,
    "netIncome": -4490000,
    "netIncomeRatio": -0.8757558026,
    "eps": -0.0504,
    "epsdiluted": -0.0504,
    "weightedAverageShsOut": 89136000,
    "weightedAverageShsOutDil": 89136000,
    "link": "https://www.sec.gov/Archives/edgar/data/1035267/000089161800004368/0000891618-00-004368-index.htm",
    "finalLink": "https://www.sec.gov/Archives/edgar/data/1035267/000089161800004368/e10-q.txt"
  },
  {
    "date": "2000-03-31",
    "symbol": "ISRG",
    "reportedCurrency": "USD",
    "cik": "0001035267",
    "fillingDate": "2000-03-31",
    "acceptedDate": "2000-03-31 00:00:00",
    "calendarYear": "2000",
    "period": "Q1",
    "revenue": 2933000,
    "costOfRevenue": 1801000,
    "grossProfit": 1132000,
    "grossProfitRatio": 0.3859529492,
    "researchAndDevelopmentExpenses": 2631000,
    "generalAndAdministrativeExpenses": 0,
    "sellingAndMarketingExpenses": 0,
    "sellingGeneralAndAdministrativeExpenses": 3138000,
    "otherExpenses": 731000,
    "operatingExpenses": 6500000,
    "costAndExpenses": 8301000,
    "interestIncome": 0,
    "interestExpense": 0,
    "depreciationAndAmortization": 731000,
    "ebitda": -4637000,
    "ebitdaratio": -1.5809751108,
    "operatingIncome": -5368000,
    "operatingIncomeRatio": -1.8302079782,
    "totalOtherIncomeExpensesNet": 0,
    "incomeBeforeTax": 0,
    "incomeBeforeTaxRatio": 0,
    "incomeTaxExpense": -336000,
    "netIncome": -5032000,
    "netIncomeRatio": -1.7156495056,
    "eps": -0.2,
    "epsdiluted": -0.2,
    "weightedAverageShsOut": 25083000,
    "weightedAverageShsOutDil": 25083000,
    "link": null,
    "finalLink": null
  }
]