[
  {
    "date": "2025-06-30",
    "symbol": "IT",
    "reportedCurrency": "USD",
    "cik": "0000749251",
    "fillingDate": "2025-08-05",
    "acceptedDate": "2025-08-05 06:06:22",
    "calendarYear": "2025",
    "period": "Q2",
    "revenue": 1686454000,
    "costOfRevenue": 531731000,
    "grossProfit": 1154723000,
    "grossProfitRatio": 0.6847047118,
    "researchAndDevelopmentExpenses": 0,
    "generalAndAdministrativeExpenses": 0,
    "sellingAndMarketingExpenses": 0,
    "sellingGeneralAndAdministrativeExpenses": 776888000,
    "otherExpenses": 50739000,
    "operatingExpenses": 827627000,
    "costAndExpenses": 1359358000,
    "interestIncome": 0,
    "interestExpense": 11801000,
    "depreciationAndAmortization": 50739000,
    "ebitda": 380333000,
    "ebitdaratio": 0.2255223089,
    "operatingIncome": 327096000,
    "operatingIncomeRatio": 0.19395489,
    "totalOtherIncomeExpensesNet": -9303000,
    "incomeBeforeTax": 317793000,
    "incomeBeforeTaxRatio": 0.1884385818,
    "incomeTaxExpense": 77010000,
    "netIncome": 240783000,
    "netIncomeRatio": 0.1427747214,
    "eps": 3.12,
    "epsdiluted": 3.11,
    "weightedAverageShsOut": 77157000,
    "weightedAverageShsOutDil": 77359000,
    "link": "https://www.sec.gov/Archives/edgar/data/749251/000074925125000046/0000749251-25-000046-index.htm",
    "finalLink": "https://www.sec.gov/Archives/edgar/data/749251/000074925125000046/it-20250630.htm"
  },
  {
    "date": "2025-03-31",
    "symbol": "IT",
    "reportedCurrency": "USD",
    "cik": "0000749251",
    "fillingDate": "2025-05-06",
    "acceptedDate": "2025-05-06 06:05:10",
    "calendarYear": "2025",
    "period": "Q1",
    "revenue": 1534130000,
    "costOfRevenue": 475030000,
    "grossProfit": 1059100000,
    "grossProfitRatio": 0.6903587049,
    "researchAndDevelopmentExpenses": 0,
    "generalAndAdministrativeExpenses": 0,
    "sellingAndMarketingExpenses": 0,
    "sellingGeneralAndAdministrativeExpenses": 730308000,
    "otherExpenses": 50760000,
    "operatingExpenses": 781068000,
    "costAndExpenses": 1256098000,
    "interestIncome": 0,
    "interestExpense": 13413000,
    "depreciationAndAmortization": 50760000,
    "ebitda": 331181000,
    "ebitdaratio": 0.2158754473,
    "operatingIncome": 278032000,
    "operatingIncomeRatio": 0.181231056,
    "totalOtherIncomeExpensesNet": -11024000,
    "incomeBeforeTax": 267008000,
    "incomeBeforeTaxRatio": 0.1740452243,
    "incomeTaxExpense": 56069000,
    "netIncome": 210939000,
    "netIncomeRatio": 0.1374974741,
    "eps": 2.73,
    "epsdiluted": 2.71,
    "weightedAverageShsOut": 77357000,
    "weightedAverageShsOutDil": 77790000,
    "link": "https://www.sec.gov/Archives/edgar/data/749251/000074925125000028/0000749251-25-000028-index.htm",
    "finalLink": "https://www.sec.gov/Archives/edgar/data/749251/000074925125000028/it-20250331.htm"
  },
  {
    "date": "2024-12-31",
    "symbol": "IT",
    "reportedCurrency": "USD",
    "cik": "0000749251",
    "fillingDate": "2025-02-13",
    "acceptedDate": "2025-02-13 16:34:58",
    "calendarYear": "2024",
    "period": "Q4",
    "revenue": 1715119000,
    "costOfRevenue": 574925000,
    "grossProfit": 1140194000,
    "grossProfitRatio": 0.6647900233,
    "researchAndDevelopmentExpenses": 0,
    "generalAndAdministrativeExpenses": 0,
    "sellingAndMarketingExpenses": 0,
    "sellingGeneralAndAdministrativeExpenses": 771181000,
    "otherExpenses": 51218000,
    "operatingExpenses": 822399000,
    "costAndExpenses": 1397324000,
    "interestIncome": 0,
    "interestExpense": 12318000,
    "depreciationAndAmortization": 51222000,
    "ebitda": 426746000,
    "ebitdaratio": 0.2488142222,
    "operatingIncome": 317795000,
    "operatingIncomeRatio": 0.1852903501,
    "totalOtherIncomeExpensesNet": -16147000,
    "incomeBeforeTax": 301648000,
    "incomeBeforeTaxRatio": 0.175875843,
    "incomeTaxExpense": -96925000,
    "netIncome": 398573000,
    "netIncomeRatio": 0.2323879568,
    "eps": 5.14,
    "epsdiluted": 5.11,
    "weightedAverageShsOut": 77500000,
    "weightedAverageShsOutDil": 78000000,
    "link": "https://www.sec.gov/Archives/edgar/data/749251/000074925125000008/0000749251-25-000008-index.htm",
    "finalLink": "https://www.sec.gov/Archives/edgar/data/749251/000074925125000008/it-20241231.htm"
  },
  {
    "date": "2024-09-30",
    "symbol": "IT",
    "reportedCurrency": "USD",
    "cik": "0000749251",
    "fillingDate": "2024-11-05",
    "acceptedDate": "2024-11-05 06:05:10",
    "calendarYear": "2024",
    "period": "Q3",
    "revenue": 1484306000,
    "costOfRevenue": 475342000,
    "grossProfit": 1008964000,
    "grossProfitRatio": 0.6797547137,
    "researchAndDevelopmentExpenses": 0,
    "generalAndAdministrativeExpenses": 0,
    "sellingAndMarketingExpenses": 0,
    "sellingGeneralAndAdministrativeExpenses": 711729000,
    "otherExpenses": 51411000,
    "operatingExpenses": 763140000,
    "costAndExpenses": 1238482000,
    "interestIncome": 0,
    "interestExpense": 17961000,
    "depreciationAndAmortization": 51252000,
    "ebitda": 596085000,
    "ebitdaratio": 0.4015917203,
    "operatingIncome": 245824000,
    "operatingIncomeRatio": 0.1656154459,
    "totalOtherIncomeExpensesNet": 281048000,
    "incomeBeforeTax": 526872000,
    "incomeBeforeTaxRatio": 0.3549618475,
    "incomeTaxExpense": 111823000,
    "netIncome": 415049000,
    "netIncomeRatio": 0.279624956,
    "eps": 5.36,
    "epsdiluted": 5.32,
    "weightedAverageShsOut": 77484000,
    "weightedAverageShsOutDil": 77968000,
    "link": "https://www.sec.gov/Archives/edgar/data/749251/000074925124000041/0000749251-24-000041-index.htm",
    "finalLink": "https://www.sec.gov/Archives/edgar/data/749251/000074925124000041/it-20240930.htm"
  },
  {
    "date": "2024-06-30",
    "symbol": "IT",
    "reportedCurrency": "USD",
    "cik": "0000749251",
    "fillingDate": "2024-07-30",
    "acceptedDate": "2024-07-30 06:05:01",
    "calendarYear": "2024",
    "period": "Q2",
    "revenue": 1595060000,
    "costOfRevenue": 513314000,
    "grossProfit": 1081746000,
    "grossProfitRatio": 0.6781851466,
    "researchAndDevelopmentExpenses": 0,
    "generalAndAdministrativeExpenses": 0,
    "sellingAndMarketingExpenses": 0,
    "sellingGeneralAndAdministrativeExpenses": 712071000,
    "otherExpenses": 50892000,
    "operatingExpenses": 762963000,
    "costAndExpenses": 1276277000,
    "interestIncome": 0,
    "interestExpense": 19990000,
    "depreciationAndAmortization": 50534000,
    "ebitda": 369821000,
    "ebitdaratio": 0.2318539741,
    "operatingIncome": 318783000,
    "operatingIncomeRatio": 0.1998564317,
    "totalOtherIncomeExpensesNet": -19486000,
    "incomeBeforeTax": 299297000,
    "incomeBeforeTaxRatio": 0.1876399634,
    "incomeTaxExpense": 69749000,
    "netIncome": 229548000,
    "netIncomeRatio": 0.1439118278,
    "eps": 2.95,
    "epsdiluted": 2.93,
    "weightedAverageShsOut": 77816000,
    "weightedAverageShsOutDil": 78288000,
    "link": "https://www.sec.gov/Archives/edgar/data/749251/000074925124000035/0000749251-24-000035-index.htm",
    "finalLink": "https://www.sec.gov/Archives/edgar/data/749251/000074925124000035/it-20240630.htm"
  },
  {
    "date": "2024-03-31",
    "symbol": "IT",
    "reportedCurrency": "USD",
    "cik": "0000749251",
    "fillingDate": "2024-04-30",
    "acceptedDate": "2024-04-30 06:05:19",
    "calendarYear": "2024",
    "period": "Q1",
    "revenue": 1472926000,
    "costOfRevenue": 459441000,
    "grossProfit": 1013485000,
    "grossProfitRatio": 0.6880759794,
    "researchAndDevelopmentExpenses": 0,
    "generalAndAdministrativeExpenses": 0,
    "sellingAndMarketingExpenses": 0,
    "sellingGeneralAndAdministrativeExpenses": 689833000,
    "otherExpenses": 49767000,
    "operatingExpenses": 739600000,
    "costAndExpenses": 1199041000,
    "interestIncome": 0,
    "interestExpense": 19219000,
    "depreciationAndAmortization": 49307000,
    "ebitda": 328083000,
    "ebitdaratio": 0.2227423509,
    "operatingIncome": 273885000,
    "operatingIncomeRatio": 0.185946205,
    "totalOtherIncomeExpensesNet": -14328000,
    "incomeBeforeTax": 259557000,
    "incomeBeforeTaxRatio": 0.1762186288,
    "incomeTaxExpense": 49012000,
    "netIncome": 210545000,
    "netIncomeRatio": 0.1429433658,
    "eps": 2.69,
    "epsdiluted": 2.67,
    "weightedAverageShsOut": 78339000,
    "weightedAverageShsOutDil": 78964000,
    "link": "https://www.sec.gov/Archives/edgar/data/749251/000074925124000024/0000749251-24-000024-index.htm",
    "finalLink": "https://www.sec.gov/Archives/edgar/data/749251/000074925124000024/it-20240331.htm"
  },
  {
    "date": "2023-12-31",
    "symbol": "IT",
    "reportedCurrency": "USD",
    "cik": "0000749251",
    "fillingDate": "2024-02-15",
    "acceptedDate": "2024-02-15 16:34:58",
    "calendarYear": "2023",
    "period": "Q4",
    "revenue": 1586118000,
    "costOfRevenue": 529842000,
    "grossProfit": 1056276000,
    "grossProfitRatio": 0.6659504526,
    "researchAndDevelopmentExpenses": 0,
    "generalAndAdministrativeExpenses": 0,
    "sellingAndMarketingExpenses": 0,
    "sellingGeneralAndAdministrativeExpenses": 703757000,
    "otherExpenses": 51106000,
    "operatingExpenses": 754863000,
    "costAndExpenses": 1284705000,
    "interestIncome": 0,
    "interestExpense": 20477000,
    "depreciationAndAmortization": 49323000,
    "ebitda": 385580000,
    "ebitdaratio": 0.2430966675,
    "operatingIncome": 301413000,
    "operatingIncomeRatio": 0.1900318892,
    "totalOtherIncomeExpensesNet": -24159000,
    "incomeBeforeTax": 277254000,
    "incomeBeforeTaxRatio": 0.1748003616,
    "incomeTaxExpense": 68623000,
    "netIncome": 208631000,
    "netIncomeRatio": 0.1315356108,
    "eps": 2.66,
    "epsdiluted": 2.64,
    "weightedAverageShsOut": 78400000,
    "weightedAverageShsOutDil": 79000000,
    "link": "https://www.sec.gov/Archives/edgar/data/749251/000074925124000006/0000749251-24-000006-index.htm",
    "finalLink": "https://www.sec.gov/Archives/edgar/data/749251/000074925124000006/it-20231231.htm"
  },
  {
    "date": "2023-09-30",
    "symbol": "IT",
    "reportedCurrency": "USD",
    "cik": "0000749251",
    "fillingDate": "2023-11-03",
    "acceptedDate": "2023-11-03 06:06:18",
    "calendarYear": "2023",
    "period": "Q3",
    "revenue": 1408784000,
    "costOfRevenue": 450841000,
    "grossProfit": 957943000,
    "grossProfitRatio": 0.6799786199,
    "researchAndDevelopmentExpenses": 0,
    "generalAndAdministrativeExpenses": 0,
    "sellingAndMarketingExpenses": 0,
    "sellingGeneralAndAdministrativeExpenses": 660527000,
    "otherExpenses": 52999000,
    "operatingExpenses": 713526000,
    "costAndExpenses": 1164367000,
    "interestIncome": 0,
    "interestExpense": 21820000,
    "depreciationAndAmortization": 48536000,
    "ebitda": 294830000,
    "ebitdaratio": 0.209279776,
    "operatingIncome": 244417000,
    "operatingIncomeRatio": 0.1734950141,
    "totalOtherIncomeExpensesNet": -19943000,
    "incomeBeforeTax": 224474000,
    "incomeBeforeTaxRatio": 0.1593388341,
    "incomeTaxExpense": 44465000,
    "netIncome": 180009000,
    "netIncomeRatio": 0.1277761531,
    "eps": 2.28,
    "epsdiluted": 2.26,
    "weightedAverageShsOut": 78923000,
    "weightedAverageShsOutDil": 79520000,
    "link": "https://www.sec.gov/Archives/edgar/data/749251/000074925123000052/0000749251-23-000052-index.htm",
    "finalLink": "https://www.sec.gov/Archives/edgar/data/749251/000074925123000052/it-20230930.htm"
  },
  {
    "date": "2023-06-30",
    "symbol": "IT",
    "reportedCurrency": "USD",
    "cik": "0000749251",
    "fillingDate": "2023-08-01",
    "acceptedDate": "2023-08-01 06:07:14",
    "calendarYear": "2023",
    "period": "Q2",
    "revenue": 1503185000,
    "costOfRevenue": 487418000,
    "grossProfit": 1015767000,
    "grossProfitRatio": 0.675743172,
    "researchAndDevelopmentExpenses": 0,
    "generalAndAdministrativeExpenses": 0,
    "sellingAndMarketingExpenses": 0,
    "sellingGeneralAndAdministrativeExpenses": 680168000,
    "otherExpenses": 52492000,
    "operatingExpenses": 732660000,
    "costAndExpenses": 1220078000,
    "interestIncome": 0,
    "interestExpense": 24558000,
    "depreciationAndAmortization": 46613000,
    "ebitda": 335295000,
    "ebitdaratio": 0.223056377,
    "operatingIncome": 283107000,
    "operatingIncomeRatio": 0.1883380954,
    "totalOtherIncomeExpensesNet": -18983000,
    "incomeBeforeTax": 264124000,
    "incomeBeforeTaxRatio": 0.1757095767,
    "incomeTaxExpense": 66081000,
    "netIncome": 198043000,
    "netIncomeRatio": 0.1317489198,
    "eps": 2.5,
    "epsdiluted": 2.48,
    "weightedAverageShsOut": 79285000,
    "weightedAverageShsOutDil": 79820000,
    "link": "https://www.sec.gov/Archives/edgar/data/749251/000074925123000039/0000749251-23-000039-index.htm",
    "finalLink": "https://www.sec.gov/Archives/edgar/data/749251/000074925123000039/it-20230630.htm"
  },
  {
    "date": "2023-03-31",
    "symbol": "IT",
    "reportedCurrency": "USD",
    "cik": "0000749251",
    "fillingDate": "2023-05-02",
    "acceptedDate": "2023-05-02 06:06:59",
    "calendarYear": "2023",
    "period": "Q1",
    "revenue": 1408869000,
    "costOfRevenue": 435139000,
    "grossProfit": 973730000,
    "grossProfitRatio": 0.6911430374,
    "researchAndDevelopmentExpenses": 0,
    "generalAndAdministrativeExpenses": 0,
    "sellingAndMarketingExpenses": 0,
    "sellingGeneralAndAdministrativeExpenses": 657090000,
    "otherExpenses": -91317000,
    "operatingExpenses": 565773000,
    "costAndExpenses": 1000912000,
    "interestIncome": 0,
    "interestExpense": 27391000,
    "depreciationAndAmortization": 46631000,
    "ebitda": 455299000,
    "ebitdaratio": 0.3231663128,
    "operatingIncome": 407957000,
    "operatingIncomeRatio": 0.2895634725,
    "totalOtherIncomeExpensesNet": -26680000,
    "incomeBeforeTax": 381277000,
    "incomeBeforeTaxRatio": 0.2706262967,
    "incomeTaxExpense": 85494000,
    "netIncome": 295783000,
    "netIncomeRatio": 0.2099435789,
    "eps": 3.72,
    "epsdiluted": 3.68,
    "weightedAverageShsOut": 79500000,
    "weightedAverageShsOutDil": 80300000,
    "link": "https://www.sec.gov/Archives/edgar/data/749251/000074925123000021/0000749251-23-000021-index.htm",
    "finalLink": "https://www.sec.gov/Archives/edgar/data/749251/000074925123000021/it-20230331.htm"
  },
  {
    "date": "2022-12-31",
    "symbol": "IT",
    "reportedCurrency": "USD",
    "cik": "0000749251",
    "fillingDate": "2023-02-16",
    "acceptedDate": "2023-02-16 16:35:48",
    "calendarYear": "2022",
    "period": "Q4",
    "revenue": 1504717000,
    "costOfRevenue": 475366000,
    "grossProfit": 1029351000,
    "grossProfitRatio": 0.6840827877,
    "researchAndDevelopmentExpenses": 0,
    "generalAndAdministrativeExpenses": 0,
    "sellingAndMarketingExpenses": 0,
    "sellingGeneralAndAdministrativeExpenses": 645098000,
    "otherExpenses": 51934000,
    "operatingExpenses": 697032000,
    "costAndExpenses": 1172398000,
    "interestIncome": 0,
    "interestExpense": 29900000,
    "depreciationAndAmortization": 48682000,
    "ebitda": 387609000,
    "ebitdaratio": 0.2575959466,
    "operatingIncome": 332319000,
    "operatingIncomeRatio": 0.2208514957,
    "totalOtherIncomeExpensesNet": -28196000,
    "incomeBeforeTax": 304100000,
    "incomeBeforeTaxRatio": 0.2020978031,
    "incomeTaxExpense": 47300000,
    "netIncome": 256814000,
    "netIncomeRatio": 0.1706726248,
    "eps": 3.24,
    "epsdiluted": 3.21,
    "weightedAverageShsOut": 79200000,
    "weightedAverageShsOutDil": 80100000,
    "link": "https://www.sec.gov/Archives/edgar/data/749251/000074925123000006/0000749251-23-000006-index.htm",
    "finalLink": "https://www.sec.gov/Archives/edgar/data/749251/000074925123000006/it-20221231.htm"
  },
  {
    "date": "2022-09-30",
    "symbol": "IT",
    "reportedCurrency": "USD",
    "cik": "0000749251",
    "fillingDate": "2022-11-01",
    "acceptedDate": "2022-11-01 06:08:02",
    "calendarYear": "2022",
    "period": "Q3",
    "revenue": 1331868000,
    "costOfRevenue": 416837000,
    "grossProfit": 915031000,
    "grossProfitRatio": 0.6870282941,
    "researchAndDevelopmentExpenses": 0,
    "generalAndAdministrativeExpenses": 0,
    "sellingAndMarketingExpenses": 0,
    "sellingGeneralAndAdministrativeExpenses": 613031000,
    "otherExpenses": 48582000,
    "operatingExpenses": 661613000,
    "costAndExpenses": 1078450000,
    "interestIncome": 0,
    "interestExpense": 30286000,
    "depreciationAndAmortization": 47251000,
    "ebitda": 309599000,
    "ebitdaratio": 0.2324547177,
    "operatingIncome": 253418000,
    "operatingIncomeRatio": 0.1902726096,
    "totalOtherIncomeExpensesNet": -21356000,
    "incomeBeforeTax": 232062000,
    "incomeBeforeTaxRatio": 0.1742379875,
    "incomeTaxExpense": 58517000,
    "netIncome": 173545000,
    "netIncomeRatio": 0.1303019518,
    "eps": 2.19,
    "epsdiluted": 2.17,
    "weightedAverageShsOut": 79259000,
    "weightedAverageShsOutDil": 80059000,
    "link": "https://www.sec.gov/Archives/edgar/data/749251/000074925122000035/0000749251-22-000035-index.htm",
    "finalLink": "https://www.sec.gov/Archives/edgar/data/749251/000074925122000035/it-20220930.htm"
  },
  {
    "date": "2022-06-30",
    "symbol": "IT",
    "reportedCurrency": "USD",
    "cik": "0000749251",
    "fillingDate": "2022-08-02",
    "acceptedDate": "2022-08-02 06:10:37",
    "calendarYear": "2022",
    "period": "Q2",
    "revenue": 1376521000,
    "costOfRevenue": 424535000,
    "grossProfit": 951986000,
    "grossProfitRatio": 0.691588432,
    "researchAndDevelopmentExpenses": 0,
    "generalAndAdministrativeExpenses": 0,
    "sellingAndMarketingExpenses": 0,
    "sellingGeneralAndAdministrativeExpenses": 604911000,
    "otherExpenses": 49953000,
    "operatingExpenses": 654864000,
    "costAndExpenses": 1079399000,
    "interestIncome": 0,
    "interestExpense": 29700000,
    "depreciationAndAmortization": 47664000,
    "ebitda": 353334000,
    "ebitdaratio": 0.2566862402,
    "operatingIncome": 297122000,
    "operatingIncomeRatio": 0.215849958,
    "totalOtherIncomeExpensesNet": -21171000,
    "incomeBeforeTax": 275900000,
    "incomeBeforeTaxRatio": 0.2004328303,
    "incomeTaxExpense": 71000000,
    "netIncome": 204900000,
    "netIncomeRatio": 0.1488535228,
    "eps": 2.55,
    "epsdiluted": 2.53,
    "weightedAverageShsOut": 80271000,
    "weightedAverageShsOutDil": 81000000,
    "link": "https://www.sec.gov/Archives/edgar/data/749251/000074925122000029/0000749251-22-000029-index.htm",
    "finalLink": "https://www.sec.gov/Archives/edgar/data/749251/000074925122000029/it-20220630.htm"
  },
  {
    "date": "2022-03-31",
    "symbol": "IT",
    "reportedCurrency": "USD",
    "cik": "0000749251",
    "fillingDate": "2022-05-03",
    "acceptedDate": "2022-05-03 06:07:52",
    "calendarYear": "2022",
    "period": "Q1",
    "revenue": 1262740000,
    "costOfRevenue": 377033000,
    "grossProfit": 885707000,
    "grossProfitRatio": 0.7014167604,
    "researchAndDevelopmentExpenses": 0,
    "generalAndAdministrativeExpenses": 0,
    "sellingAndMarketingExpenses": 0,
    "sellingGeneralAndAdministrativeExpenses": 617904000,
    "otherExpenses": 50556000,
    "operatingExpenses": 668460000,
    "costAndExpenses": 1045493000,
    "interestIncome": 0,
    "interestExpense": 31394000,
    "depreciationAndAmortization": 48349000,
    "ebitda": 294802000,
    "ebitdaratio": 0.2334621537,
    "operatingIncome": 217247000,
    "operatingIncomeRatio": 0.1720441263,
    "totalOtherIncomeExpensesNet": -2188000,
    "incomeBeforeTax": 215059000,
    "incomeBeforeTaxRatio": 0.1703113864,
    "incomeTaxExpense": 42544000,
    "netIncome": 172515000,
    "netIncomeRatio": 0.1366195733,
    "eps": 2.1,
    "epsdiluted": 2.08,
    "weightedAverageShsOut": 82020000,
    "weightedAverageShsOutDil": 82973000,
    "link": "https://www.sec.gov/Archives/edgar/data/749251/000074925122000018/0000749251-22-000018-index.htm",
    "finalLink": "https://www.sec.gov/Archives/edgar/data/749251/000074925122000018/it-20220331.htm"
  },
  {
    "date": "2021-12-31",
    "symbol": "IT",
    "reportedCurrency": "USD",
    "cik": "0000749251",
    "fillingDate": "2022-02-23",
    "acceptedDate": "2022-02-23 16:37:11",
    "calendarYear": "2021",
    "period": "Q4",
    "revenue": 1306323000,
    "costOfRevenue": 399587000,
    "grossProfit": 906736000,
    "grossProfitRatio": 0.6941131711,
    "researchAndDevelopmentExpenses": 0,
    "generalAndAdministrativeExpenses": 0,
    "sellingAndMarketingExpenses": 0,
    "sellingGeneralAndAdministrativeExpenses": 667334000,
    "otherExpenses": 53998000,
    "operatingExpenses": 721332000,
    "costAndExpenses": 1120919000,
    "interestIncome": 0,
    "interestExpense": 31500000,
    "depreciationAndAmortization": 51656000,
    "ebitda": 262128000,
    "ebitdaratio": 0.2006609391,
    "operatingIncome": 185404000,
    "operatingIncomeRatio": 0.1419281449,
    "totalOtherIncomeExpensesNet": -8307000,
    "incomeBeforeTax": 177100000,
    "incomeBeforeTaxRatio": 0.1355713709,
    "incomeTaxExpense": -32300000,
    "netIncome": 209400000,
    "netIncomeRatio": 0.1602972619,
    "eps": 2.54,
    "epsdiluted": 2.5,
    "weightedAverageShsOut": 82500000,
    "weightedAverageShsOutDil": 83800000,
    "link": "https://www.sec.gov/Archives/edgar/data/749251/000074925122000006/0000749251-22-000006-index.htm",
    "finalLink": "https://www.sec.gov/Archives/edgar/data/749251/000074925122000006/it-20211231.htm"
  },
  {
    "date": "2021-09-30",
    "symbol": "IT",
    "reportedCurrency": "USD",
    "cik": "0000749251",
    "fillingDate": "2021-11-02",
    "acceptedDate": "2021-11-02 06:10:19",
    "calendarYear": "2021",
    "period": "Q3",
    "revenue": 1156282000,
    "costOfRevenue": 359237000,
    "grossProfit": 797045000,
    "grossProfitRatio": 0.6893171389,
    "researchAndDevelopmentExpenses": 0,
    "generalAndAdministrativeExpenses": 0,
    "sellingAndMarketingExpenses": 0,
    "sellingGeneralAndAdministrativeExpenses": 512573000,
    "otherExpenses": 54251000,
    "operatingExpenses": 566824000,
    "costAndExpenses": 926061000,
    "interestIncome": 0,
    "interestExpense": 31600000,
    "depreciationAndAmortization": 52480000,
    "ebitda": 282912000,
    "ebitdaratio": 0.2446738771,
    "operatingIncome": 230221000,
    "operatingIncomeRatio": 0.1991045437,
    "totalOtherIncomeExpensesNet": -31388000,
    "incomeBeforeTax": 198800000,
    "incomeBeforeTaxRatio": 0.1719303768,
    "incomeTaxExpense": 50000000,
    "netIncome": 148800000,
    "netIncomeRatio": 0.1286883304,
    "eps": 1.78,
    "epsdiluted": 1.76,
    "weightedAverageShsOut": 83566000,
    "weightedAverageShsOutDil": 84766000,
    "link": "https://www.sec.gov/Archives/edgar/data/749251/000074925121000038/0000749251-21-000038-index.htm",
    "finalLink": "https://www.sec.gov/Archives/edgar/data/749251/000074925121000038/it-20210930.htm"
  },
  {
    "date": "2021-06-30",
    "symbol": "IT",
    "reportedCurrency": "USD",
    "cik": "0000749251",
    "fillingDate": "2021-08-03",
    "acceptedDate": "2021-08-03 06:10:08",
    "calendarYear": "2021",
    "period": "Q2",
    "revenue": 1167319000,
    "costOfRevenue": 350802000,
    "grossProfit": 816517000,
    "grossProfitRatio": 0.6994806047,
    "researchAndDevelopmentExpenses": 0,
    "generalAndAdministrativeExpenses": 0,
    "sellingAndMarketingExpenses": 0,
    "sellingGeneralAndAdministrativeExpenses": 488496000,
    "otherExpenses": 53307000,
    "operatingExpenses": 541803000,
    "costAndExpenses": 892605000,
    "interestIncome": 0,
    "interestExpense": 27390000,
    "depreciationAndAmortization": 52005000,
    "ebitda": 458582000,
    "ebitdaratio": 0.3928506261,
    "operatingIncome": 274714000,
    "operatingIncomeRatio": 0.2353375555,
    "totalOtherIncomeExpensesNet": 104473000,
    "incomeBeforeTax": 379187000,
    "incomeBeforeTaxRatio": 0.324835799,
    "incomeTaxExpense": 107951000,
    "netIncome": 271236000,
    "netIncomeRatio": 0.2323580786,
    "eps": 3.16,
    "epsdiluted": 3.13,
    "weightedAverageShsOut": 85712000,
    "weightedAverageShsOutDil": 86589000,
    "link": "https://www.sec.gov/Archives/edgar/data/749251/000074925121000030/0000749251-21-000030-index.htm",
    "finalLink": "https://www.sec.gov/Archives/edgar/data/749251/000074925121000030/it-20210630.htm"
  },
  {
    "date": "2021-03-31",
    "symbol": "IT",
    "reportedCurrency": "USD",
    "cik": "0000749251",
    "fillingDate": "2021-05-04",
    "acceptedDate": "2021-05-04 06:07:17",
    "calendarYear": "2021",
    "period": "Q1",
    "revenue": 1104038000,
    "costOfRevenue": 334467000,
    "grossProfit": 769571000,
    "grossProfitRatio": 0.6970511885,
    "researchAndDevelopmentExpenses": 0,
    "generalAndAdministrativeExpenses": 0,
    "sellingAndMarketingExpenses": 0,
    "sellingGeneralAndAdministrativeExpenses": 487255000,
    "otherExpenses": 56904000,
    "operatingExpenses": 544159000,
    "costAndExpenses": 878626000,
    "interestIncome": 0,
    "interestExpense": 26149000,
    "depreciationAndAmortization": 56264000,
    "ebitda": 297166000,
    "ebitdaratio": 0.2691628368,
    "operatingIncome": 225412000,
    "operatingIncomeRatio": 0.2041705086,
    "totalOtherIncomeExpensesNet": -10659000,
    "incomeBeforeTax": 214753000,
    "incomeBeforeTaxRatio": 0.1945159496,
    "incomeTaxExpense": 50653000,
    "netIncome": 164100000,
    "netIncomeRatio": 0.1486361882,
    "eps": 1.86,
    "epsdiluted": 1.84,
    "weightedAverageShsOut": 88352000,
    "weightedAverageShsOutDil": 89139000,
    "link": "https://www.sec.gov/Archives/edgar/data/749251/000074925121000016/0000749251-21-000016-index.htm",
    "finalLink": "https://www.sec.gov/Archives/edgar/data/749251/000074925121000016/it-20210331.htm"
  },
  {
    "date": "2020-12-31",
    "symbol": "IT",
    "reportedCurrency": "USD",
    "cik": "0000749251",
    "fillingDate": "2021-02-24",
    "acceptedDate": "2021-02-24 16:38:34",
    "calendarYear": "2020",
    "period": "Q4",
    "revenue": 1112759000,
    "costOfRevenue": 351428000,
    "grossProfit": 761331000,
    "grossProfitRatio": 0.6841831879,
    "researchAndDevelopmentExpenses": 0,
    "generalAndAdministrativeExpenses": 496639000,
    "sellingAndMarketingExpenses": 29461000,
    "sellingGeneralAndAdministrativeExpenses": 525976000,
    "otherExpenses": 57225000,
    "operatingExpenses": 583201000,
    "costAndExpenses": 934629000,
    "interestIncome": 0,
    "interestExpense": 26400000,
    "depreciationAndAmortization": 56381000,
    "ebitda": 240990000,
    "ebitdaratio": 0.2165698053,
    "operatingIncome": 178130000,
    "operatingIncomeRatio": 0.160079586,
    "totalOtherIncomeExpensesNet": -21975000,
    "incomeBeforeTax": 156100000,
    "incomeBeforeTaxRatio": 0.1402819478,
    "incomeTaxExpense": 36500000,
    "netIncome": 119600000,
    "netIncomeRatio": 0.1074805955,
    "eps": 1.34,
    "epsdiluted": 1.33,
    "weightedAverageShsOut": 89339000,
    "weightedAverageShsOutDil": 90081000,
    "link": "https://www.sec.gov/Archives/edgar/data/749251/000074925121000010/0000749251-21-000010-index.htm",
    "finalLink": "https://www.sec.gov/Archives/edgar/data/749251/000074925121000010/it-20201231.htm"
  },
  {
    "date": "2020-09-30",
    "symbol": "IT",
    "reportedCurrency": "USD",
    "cik": "0000749251",
    "fillingDate": "2020-11-03",
    "acceptedDate": "2020-11-03 06:07:24",
    "calendarYear": "2020",
    "period": "Q3",
    "revenue": 994618000,
    "costOfRevenue": 329767000,
    "grossProfit": 664851000,
    "grossProfitRatio": 0.6684485903,
    "researchAndDevelopmentExpenses": 0,
    "generalAndAdministrativeExpenses": 0,
    "sellingAndMarketingExpenses": 0,
    "sellingGeneralAndAdministrativeExpenses": 521508000,
    "otherExpenses": 55693000,
    "operatingExpenses": 577201000,
    "costAndExpenses": 906968000,
    "interestIncome": 0,
    "interestExpense": 30538000,
    "depreciationAndAmortization": 53971000,
    "ebitda": 98676000,
    "ebitdaratio": 0.0992099479,
    "operatingIncome": 87650000,
    "operatingIncomeRatio": 0.0881242849,
    "totalOtherIncomeExpensesNet": -73483000,
    "incomeBeforeTax": 14167000,
    "incomeBeforeTaxRatio": 0.0142436594,
    "incomeTaxExpense": -2797000,
    "netIncome": 16964000,
    "netIncomeRatio": 0.0170557943,
    "eps": 0.19,
    "epsdiluted": 0.19,
    "weightedAverageShsOut": 89378000,
    "weightedAverageShsOutDil": 89955000,
    "link": "https://www.sec.gov/Archives/edgar/data/749251/000074925120000034/0000749251-20-000034-index.htm",
    "finalLink": "https://www.sec.gov/Archives/edgar/data/749251/000074925120000034/it-20200930.htm"
  },
  {
    "date": "2020-06-30",
    "symbol": "IT",
    "reportedCurrency": "USD",
    "cik": "0000749251",
    "fillingDate": "2020-08-04",
    "acceptedDate": "2020-08-04 06:58:57",
    "calendarYear": "2020",
    "period": "Q2",
    "revenue": 973135000,
    "costOfRevenue": 322551000,
    "grossProfit": 650584000,
    "grossProfitRatio": 0.6685444466,
    "researchAndDevelopmentExpenses": 0,
    "generalAndAdministrativeExpenses": 0,
    "sellingAndMarketingExpenses": 0,
    "sellingGeneralAndAdministrativeExpenses": 494840000,
    "otherExpenses": 56093000,
    "operatingExpenses": 550933000,
    "costAndExpenses": 873484000,
    "interestIncome": 0,
    "interestExpense": 30296000,
    "depreciationAndAmortization": 53936000,
    "ebitda": 143188000,
    "ebitdaratio": 0.1471409414,
    "operatingIncome": 99651000,
    "operatingIncomeRatio": 0.1024020306,
    "totalOtherIncomeExpensesNet": -40695000,
    "incomeBeforeTax": 58956000,
    "incomeBeforeTaxRatio": 0.0605835778,
    "incomeTaxExpense": 3879000,
    "netIncome": 55077000,
    "netIncomeRatio": 0.0565974916,
    "eps": 0.62,
    "epsdiluted": 0.61,
    "weightedAverageShsOut": 89323000,
    "weightedAverageShsOutDil": 89780000,
    "link": "https://www.sec.gov/Archives/edgar/data/749251/000074925120000026/0000749251-20-000026-index.htm",
    "finalLink": "https://www.sec.gov/Archives/edgar/data/749251/000074925120000026/it-20200630.htm"
  },
  {
    "date": "2020-03-31",
    "symbol": "IT",
    "reportedCurrency": "USD",
    "cik": "0000749251",
    "fillingDate": "2020-05-07",
    "acceptedDate": "2020-05-07 06:17:49",
    "calendarYear": "2020",
    "period": "Q1",
    "revenue": 1018891000,
    "costOfRevenue": 341278000,
    "grossProfit": 677613000,
    "grossProfitRatio": 0.665049549,
    "researchAndDevelopmentExpenses": 0,
    "generalAndAdministrativeExpenses": 496639000,
    "sellingAndMarketingExpenses": 0,
    "sellingGeneralAndAdministrativeExpenses": 496639000,
    "otherExpenses": 56256000,
    "operatingExpenses": 552895000,
    "costAndExpenses": 894173000,
    "interestIncome": 0,
    "interestExpense": 26349000,
    "depreciationAndAmortization": 54696000,
    "ebitda": 177899000,
    "ebitdaratio": 0.1746006197,
    "operatingIncome": 124718000,
    "operatingIncomeRatio": 0.1224056351,
    "totalOtherIncomeExpensesNet": -27864000,
    "incomeBeforeTax": 96854000,
    "incomeBeforeTaxRatio": 0.0950582545,
    "incomeTaxExpense": 21757000,
    "netIncome": 75097000,
    "netIncomeRatio": 0.0737046455,
    "eps": 0.84,
    "epsdiluted": 0.83,
    "weightedAverageShsOut": 89219000,
    "weightedAverageShsOutDil": 90066000,
    "link": "https://www.sec.gov/Archives/edgar/data/749251/000074925120000015/0000749251-20-000015-index.htm",
    "finalLink": "https://www.sec.gov/Archives/edgar/data/749251/000074925120000015/it-20200331.htm"
  },
  {
    "date": "2019-12-31",
    "symbol": "IT",
    "reportedCurrency": "USD",
    "cik": "0000749251",
    "fillingDate": "2020-02-19",
    "acceptedDate": "2020-02-19 16:53:40",
    "calendarYear": "2019",
    "period": "Q4",
    "revenue": 1203493000,
    "costOfRevenue": 450868000,
    "grossProfit": 752625000,
    "grossProfitRatio": 0.6253671604,
    "researchAndDevelopmentExpenses": 0,
    "generalAndAdministrativeExpenses": 557519000,
    "sellingAndMarketingExpenses": 0,
    "sellingGeneralAndAdministrativeExpenses": 557519000,
    "otherExpenses": 58967000,
    "operatingExpenses": 616486000,
    "costAndExpenses": 1067354000,
    "interestIncome": 0,
    "interestExpense": 26136000,
    "depreciationAndAmortization": -10032000,
    "ebitda": 193404000,
    "ebitdaratio": 0.1607022226,
    "operatingIncome": 136139000,
    "operatingIncomeRatio": 0.1131198935,
    "totalOtherIncomeExpensesNet": -25557000,
    "incomeBeforeTax": 110582000,
    "incomeBeforeTaxRatio": 0.0918842071,
    "incomeTaxExpense": 42881000,
    "netIncome": 67701000,
    "netIncomeRatio": 0.0562537547,
    "eps": 0.76,
    "epsdiluted": 0.75,
    "weightedAverageShsOut": 89428000,
    "weightedAverageShsOutDil": 90561000,
    "link": "https://www.sec.gov/Archives/edgar/data/749251/000074925120000008/0000749251-20-000008-index.htm",
    "finalLink": "https://www.sec.gov/Archives/edgar/data/749251/000074925120000008/it-12312019x10k.htm"
  },
  {
    "date": "2019-09-30",
    "symbol": "IT",
    "reportedCurrency": "USD",
    "cik": "0000749251",
    "fillingDate": "2019-10-31",
    "acceptedDate": "2019-10-31 06:31:26",
    "calendarYear": "2019",
    "period": "Q3",
    "revenue": 1000502000,
    "costOfRevenue": 365056000,
    "grossProfit": 635446000,
    "grossProfitRatio": 0.6351271662,
    "researchAndDevelopmentExpenses": 0,
    "generalAndAdministrativeExpenses": 512159000,
    "sellingAndMarketingExpenses": 0,
    "sellingGeneralAndAdministrativeExpenses": 512159000,
    "otherExpenses": 54140000,
    "operatingExpenses": 566299000,
    "costAndExpenses": 931355000,
    "interestIncome": 0,
    "interestExpense": 24073000,
    "depreciationAndAmortization": 52398000,
    "ebitda": 129569000,
    "ebitdaratio": 0.129503989,
    "operatingIncome": 69147000,
    "operatingIncomeRatio": 0.0691123056,
    "totalOtherIncomeExpensesNet": -16049000,
    "incomeBeforeTax": 53098000,
    "incomeBeforeTaxRatio": 0.0530713582,
    "incomeTaxExpense": 11710000,
    "netIncome": 41388000,
    "netIncomeRatio": 0.0413672336,
    "eps": 0.46,
    "epsdiluted": 0.46,
    "weightedAverageShsOut": 89846000,
    "weightedAverageShsOutDil": 90887000,
    "link": "https://www.sec.gov/Archives/edgar/data/749251/000074925119000025/0000749251-19-000025-index.htm",
    "finalLink": "https://www.sec.gov/Archives/edgar/data/749251/000074925119000025/it-09302019x10q.htm"
  },
  {
    "date": "2019-06-30",
    "symbol": "IT",
    "reportedCurrency": "USD",
    "cik": "0000749251",
    "fillingDate": "2019-07-30",
    "acceptedDate": "2019-07-30 06:12:55",
    "calendarYear": "2019",
    "period": "Q2",
    "revenue": 1070882000,
    "costOfRevenue": 387999000,
    "grossProfit": 682883000,
    "grossProfitRatio": 0.6376827699,
    "researchAndDevelopmentExpenses": 0,
    "generalAndAdministrativeExpenses": 514976000,
    "sellingAndMarketingExpenses": 0,
    "sellingGeneralAndAdministrativeExpenses": 514976000,
    "otherExpenses": 51905000,
    "operatingExpenses": 566881000,
    "costAndExpenses": 954880000,
    "interestIncome": 0,
    "interestExpense": 24749000,
    "depreciationAndAmortization": 52263000,
    "ebitda": 168018000,
    "ebitdaratio": 0.1568968383,
    "operatingIncome": 116002000,
    "operatingIncomeRatio": 0.1083237929,
    "totalOtherIncomeExpensesNet": -24996000,
    "incomeBeforeTax": 91006000,
    "incomeBeforeTaxRatio": 0.0849822856,
    "incomeTaxExpense": -12400000,
    "netIncome": 103406000,
    "netIncomeRatio": 0.0965615259,
    "eps": 1.15,
    "epsdiluted": 1.13,
    "weightedAverageShsOut": 90112000,
    "weightedAverageShsOutDil": 91188000,
    "link": "https://www.sec.gov/Archives/edgar/data/749251/000074925119000015/0000749251-19-000015-index.htm",
    "finalLink": "https://www.sec.gov/Archives/edgar/data/749251/000074925119000015/it-06302019x10q.htm"
  },
  {
    "date": "2019-03-31",
    "symbol": "IT",
    "reportedCurrency": "USD",
    "cik": "0000749251",
    "fillingDate": "2019-05-07",
    "acceptedDate": "2019-05-07 06:07:50",
    "calendarYear": "2019",
    "period": "Q1",
    "revenue": 970444000,
    "costOfRevenue": 346645000,
    "grossProfit": 623799000,
    "grossProfitRatio": 0.6427975236,
    "researchAndDevelopmentExpenses": 0,
    "generalAndAdministrativeExpenses": 518770000,
    "sellingAndMarketingExpenses": 0,
    "sellingGeneralAndAdministrativeExpenses": 518770000,
    "otherExpenses": 56230000,
    "operatingExpenses": 575000000,
    "costAndExpenses": 921645000,
    "interestIncome": 0,
    "interestExpense": 24847000,
    "depreciationAndAmortization": 53458000,
    "ebitda": 99358000,
    "ebitdaratio": 0.1023840634,
    "operatingIncome": 48799000,
    "operatingIncomeRatio": 0.0502852303,
    "totalOtherIncomeExpensesNet": -27746000,
    "incomeBeforeTax": 21053000,
    "incomeBeforeTaxRatio": 0.0216941936,
    "incomeTaxExpense": 258000,
    "netIncome": 20795000,
    "netIncomeRatio": 0.0214283359,
    "eps": 0.23,
    "epsdiluted": 0.23,
    "weightedAverageShsOut": 89882000,
    "weightedAverageShsOutDil": 91004000,
    "link": "https://www.sec.gov/Archives/edgar/data/749251/000074925119000009/0000749251-19-000009-index.htm",
    "finalLink": "https://www.sec.gov/Archives/edgar/data/749251/000074925119000009/a03312019-10q.htm"
  },
  {
    "date": "2018-12-31",
    "symbol": "IT",
    "reportedCurrency": "USD",
    "cik": "0000749251",
    "fillingDate": "2019-02-22",
    "acceptedDate": "2019-02-22 16:31:53",
    "calendarYear": "2018",
    "period": "Q4",
    "revenue": 1088879000,
    "costOfRevenue": 407842000,
    "grossProfit": 681037000,
    "grossProfitRatio": 0.6254478229,
    "researchAndDevelopmentExpenses": 0,
    "generalAndAdministrativeExpenses": 488056000,
    "sellingAndMarketingExpenses": 0,
    "sellingGeneralAndAdministrativeExpenses": 488056000,
    "otherExpenses": 63375000,
    "operatingExpenses": 551431000,
    "costAndExpenses": 959273000,
    "interestIncome": 0,
    "interestExpense": 24561000,
    "depreciationAndAmortization": 52520000,
    "ebitda": 190613000,
    "ebitdaratio": 0.1750543449,
    "operatingIncome": 129606000,
    "operatingIncomeRatio": 0.1190269993,
    "totalOtherIncomeExpensesNet": -18640000,
    "incomeBeforeTax": 110966000,
    "incomeBeforeTaxRatio": 0.1019084765,
    "incomeTaxExpense": 26946000,
    "netIncome": 84020000,
    "netIncomeRatio": 0.0771619252,
    "eps": 0.93,
    "epsdiluted": 0.92,
    "weightedAverageShsOut": 90400000,
    "weightedAverageShsOutDil": 91701000,
    "link": "https://www.sec.gov/Archives/edgar/data/749251/000074925119000005/0000749251-19-000005-index.htm",
    "finalLink": "https://www.sec.gov/Archives/edgar/data/749251/000074925119000005/it-12312018x10k.htm"
  },
  {
    "date": "2018-09-30",
    "symbol": "IT",
    "reportedCurrency": "USD",
    "cik": "0000749251",
    "fillingDate": "2018-11-01",
    "acceptedDate": "2018-11-01 06:08:07",
    "calendarYear": "2018",
    "period": "Q3",
    "revenue": 921674000,
    "costOfRevenue": 336112000,
    "grossProfit": 585562000,
    "grossProfitRatio": 0.6353244206,
    "researchAndDevelopmentExpenses": 0,
    "generalAndAdministrativeExpenses": 447537000,
    "sellingAndMarketingExpenses": 0,
    "sellingGeneralAndAdministrativeExpenses": 447537000,
    "otherExpenses": 85301000,
    "operatingExpenses": 532838000,
    "costAndExpenses": 868950000,
    "interestIncome": 0,
    "interestExpense": 26984000,
    "depreciationAndAmortization": 68187000,
    "ebitda": 133124000,
    "ebitdaratio": 0.1444371871,
    "operatingIncome": 52724000,
    "operatingIncomeRatio": 0.0572046081,
    "totalOtherIncomeExpensesNet": -14771000,
    "incomeBeforeTax": 37953000,
    "incomeBeforeTaxRatio": 0.0411783342,
    "incomeTaxExpense": 26200000,
    "netIncome": 11753000,
    "netIncomeRatio": 0.0127517973,
    "eps": 0.13,
    "epsdiluted": 0.13,
    "weightedAverageShsOut": 90854000,
    "weightedAverageShsOutDil": 92148000,
    "link": "https://www.sec.gov/Archives/edgar/data/749251/000074925118000017/0000749251-18-000017-index.htm",
    "finalLink": "https://www.sec.gov/Archives/edgar/data/749251/000074925118000017/a09302018-10q.htm"
  },
  {
    "date": "2018-06-30",
    "symbol": "IT",
    "reportedCurrency": "USD",
    "cik": "0000749251",
    "fillingDate": "2018-08-01",
    "acceptedDate": "2018-08-01 06:07:21",
    "calendarYear": "2018",
    "period": "Q2",
    "revenue": 1001336000,
    "costOfRevenue": 367637000,
    "grossProfit": 633699000,
    "grossProfitRatio": 0.6328535077,
    "researchAndDevelopmentExpenses": 0,
    "generalAndAdministrativeExpenses": 460803000,
    "sellingAndMarketingExpenses": 0,
    "sellingGeneralAndAdministrativeExpenses": 460803000,
    "otherExpenses": 86800000,
    "operatingExpenses": 547603000,
    "costAndExpenses": 915240000,
    "interestIncome": 0,
    "interestExpense": 37604000,
    "depreciationAndAmortization": 66838000,
    "ebitda": 179514000,
    "ebitdaratio": 0.1792744893,
    "operatingIncome": 86096000,
    "operatingIncomeRatio": 0.0859811292,
    "totalOtherIncomeExpensesNet": -11024000,
    "incomeBeforeTax": 75072000,
    "incomeBeforeTaxRatio": 0.0749718376,
    "incomeTaxExpense": 28802000,
    "netIncome": 46270000,
    "netIncomeRatio": 0.0462082658,
    "eps": 0.51,
    "epsdiluted": 0.5,
    "weightedAverageShsOut": 91048000,
    "weightedAverageShsOutDil": 92156000,
    "link": "https://www.sec.gov/Archives/edgar/data/749251/000074925118000013/0000749251-18-000013-index.htm",
    "finalLink": "https://www.sec.gov/Archives/edgar/data/749251/000074925118000013/a06302018-10q.htm"
  },
  {
    "date": "2018-03-31",
    "symbol": "IT",
    "reportedCurrency": "USD",
    "cik": "0000749251",
    "fillingDate": "2018-05-08",
    "acceptedDate": "2018-05-08 06:06:50",
    "calendarYear": "2018",
    "period": "Q1",
    "revenue": 963565000,
    "costOfRevenue": 357209000,
    "grossProfit": 606356000,
    "grossProfitRatio": 0.6292839611,
    "researchAndDevelopmentExpenses": 0,
    "generalAndAdministrativeExpenses": 487745000,
    "sellingAndMarketingExpenses": 0,
    "sellingGeneralAndAdministrativeExpenses": 487745000,
    "otherExpenses": 127322000,
    "operatingExpenses": 615067000,
    "costAndExpenses": 972276000,
    "interestIncome": 0,
    "interestExpense": 35059000,
    "depreciationAndAmortization": 68056000,
    "ebitda": 60244000,
    "ebitdaratio": 0.0625219887,
    "operatingIncome": -8711000,
    "operatingIncomeRatio": -0.0090403865,
    "totalOtherIncomeExpensesNet": -34160000,
    "incomeBeforeTax": -42871000,
    "incomeBeforeTaxRatio": -0.0444920685,
    "incomeTaxExpense": -23284000,
    "netIncome": -19587000,
    "netIncomeRatio": -0.0203276375,
    "eps": -0.22,
    "epsdiluted": -0.22,
    "weightedAverageShsOut": 89031818,
    "weightedAverageShsOutDil": 91005000,
    "link": "https://www.sec.gov/Archives/edgar/data/749251/000074925118000008/0000749251-18-000008-index.htm",
    "finalLink": "https://www.sec.gov/Archives/edgar/data/749251/000074925118000008/a03312018-10q.htm"
  },
  {
    "date": "2017-12-31",
    "symbol": "IT",
    "reportedCurrency": "USD",
    "cik": "0000749251",
    "fillingDate": "2018-02-22",
    "acceptedDate": "2018-02-22 16:07:49",
    "calendarYear": "2017",
    "period": "Q4",
    "revenue": 1014509000,
    "costOfRevenue": 398378000,
    "grossProfit": 616131000,
    "grossProfitRatio": 0.6073194028,
    "researchAndDevelopmentExpenses": 0,
    "generalAndAdministrativeExpenses": 465371000,
    "sellingAndMarketingExpenses": 0,
    "sellingGeneralAndAdministrativeExpenses": 465371000,
    "otherExpenses": 87866000,
    "operatingExpenses": 553237000,
    "costAndExpenses": 951615000,
    "interestIncome": 0,
    "interestExpense": 36312000,
    "depreciationAndAmortization": 71520000,
    "ebitda": 139220000,
    "ebitdaratio": 0.1372289452,
    "operatingIncome": 62894000,
    "operatingIncomeRatio": 0.0619945215,
    "totalOtherIncomeExpensesNet": -34517000,
    "incomeBeforeTax": 28377000,
    "incomeBeforeTaxRatio": 0.0279711663,
    "incomeTaxExpense": -78930000,
    "netIncome": 107307000,
    "netIncomeRatio": 0.105772349,
    "eps": 1.18,
    "epsdiluted": 1.16,
    "weightedAverageShsOut": 90785000,
    "weightedAverageShsOutDil": 92152000,
    "link": "https://www.sec.gov/Archives/edgar/data/749251/000074925118000004/0000749251-18-000004-index.htm",
    "finalLink": "https://www.sec.gov/Archives/edgar/data/749251/000074925118000004/it-12312017x10k.htm"
  },
  {
    "date": "2017-09-30",
    "symbol": "IT",
    "reportedCurrency": "USD",
    "cik": "0000749251",
    "fillingDate": "2017-11-02",
    "acceptedDate": "2017-11-02 06:06:52",
    "calendarYear": "2017",
    "period": "Q3",
    "revenue": 828085000,
    "costOfRevenue": 332207000,
    "grossProfit": 495878000,
    "grossProfitRatio": 0.5988249998,
    "researchAndDevelopmentExpenses": 0,
    "generalAndAdministrativeExpenses": 421163000,
    "sellingAndMarketingExpenses": 0,
    "sellingGeneralAndAdministrativeExpenses": 421163000,
    "otherExpenses": 99064000,
    "operatingExpenses": 520227000,
    "costAndExpenses": 852434000,
    "interestIncome": 0,
    "interestExpense": 38762000,
    "depreciationAndAmortization": 68564000,
    "ebitda": 45386000,
    "ebitdaratio": 0.0548083832,
    "operatingIncome": -24349000,
    "operatingIncomeRatio": -0.0294039863,
    "totalOtherIncomeExpensesNet": -37591000,
    "incomeBeforeTax": -61940000,
    "incomeBeforeTaxRatio": -0.0747990846,
    "incomeTaxExpense": -13760000,
    "netIncome": -48180000,
    "netIncomeRatio": -0.058182433,
    "eps": -0.53,
    "epsdiluted": -0.53,
    "weightedAverageShsOut": 90624000,
    "weightedAverageShsOutDil": 90624000,
    "link": "https://www.sec.gov/Archives/edgar/data/749251/000074925117000019/0000749251-17-000019-index.htm",
    "finalLink": "https://www.sec.gov/Archives/edgar/data/749251/000074925117000019/it-09302017x10q.htm"
  },
  {
    "date": "2017-06-30",
    "symbol": "IT",
    "reportedCurrency": "USD",
    "cik": "0000749251",
    "fillingDate": "2017-08-08",
    "acceptedDate": "2017-08-08 06:11:27",
    "calendarYear": "2017",
    "period": "Q2",
    "revenue": 843731000,
    "costOfRevenue": 352004000,
    "grossProfit": 491727000,
    "grossProfitRatio": 0.5828006794,
    "researchAndDevelopmentExpenses": 0,
    "generalAndAdministrativeExpenses": 408226000,
    "sellingAndMarketingExpenses": 0,
    "sellingGeneralAndAdministrativeExpenses": 408226000,
    "otherExpenses": 181889000,
    "operatingExpenses": 590115000,
    "costAndExpenses": 942119000,
    "interestIncome": 0,
    "interestExpense": 43956000,
    "depreciationAndAmortization": 83557000,
    "ebitda": -15238000,
    "ebitdaratio": -0.0180602585,
    "operatingIncome": -98388000,
    "operatingIncomeRatio": -0.1166106259,
    "totalOtherIncomeExpensesNet": -44363000,
    "incomeBeforeTax": -142751000,
    "incomeBeforeTaxRatio": -0.1691901803,
    "incomeTaxExpense": -50470000,
    "netIncome": -92281000,
    "netIncomeRatio": -0.109372537,
    "eps": -1.03,
    "epsdiluted": -1.03,
    "weightedAverageShsOut": 89297000,
    "weightedAverageShsOutDil": 89297000,
    "link": "https://www.sec.gov/Archives/edgar/data/749251/000074925117000015/0000749251-17-000015-index.htm",
    "finalLink": "https://www.sec.gov/Archives/edgar/data/749251/000074925117000015/it-06302017x10q.htm"
  },
  {
    "date": "2017-03-31",
    "symbol": "IT",
    "reportedCurrency": "USD",
    "cik": "0000749251",
    "fillingDate": "2017-05-04",
    "acceptedDate": "2017-05-04 06:04:01",
    "calendarYear": "2017",
    "period": "Q1",
    "revenue": 625169000,
    "costOfRevenue": 237609000,
    "grossProfit": 387560000,
    "grossProfitRatio": 0.6199283714,
    "researchAndDevelopmentExpenses": 0,
    "generalAndAdministrativeExpenses": 304244000,
    "sellingAndMarketingExpenses": 0,
    "sellingGeneralAndAdministrativeExpenses": 304244000,
    "otherExpenses": 29802000,
    "operatingExpenses": 334046000,
    "costAndExpenses": 571655000,
    "interestIncome": 0,
    "interestExpense": 5906000,
    "depreciationAndAmortization": 16530000,
    "ebitda": 70933000,
    "ebitdaratio": 0.1134621198,
    "operatingIncome": 53514000,
    "operatingIncomeRatio": 0.085599254,
    "totalOtherIncomeExpensesNet": -5017000,
    "incomeBeforeTax": 48497000,
    "incomeBeforeTaxRatio": 0.0775742239,
    "incomeTaxExpense": 12064000,
    "netIncome": 36433000,
    "netIncomeRatio": 0.0582770419,
    "eps": 0.44,
    "epsdiluted": 0.43,
    "weightedAverageShsOut": 82835000,
    "weightedAverageShsOutDil": 84095000,
    "link": "https://www.sec.gov/Archives/edgar/data/749251/000074925117000009/0000749251-17-000009-index.htm",
    "finalLink": "https://www.sec.gov/Archives/edgar/data/749251/000074925117000009/it-03312017x10q.htm"
  },
  {
    "date": "2016-12-31",
    "symbol": "IT",
    "reportedCurrency": "USD",
    "cik": "0000749251",
    "fillingDate": "2017-02-22",
    "acceptedDate": "2017-02-22 16:10:20",
    "calendarYear": "2016",
    "period": "Q4",
    "revenue": 703217000,
    "costOfRevenue": 279063000,
    "grossProfit": 424154000,
    "grossProfitRatio": 0.603162324,
    "researchAndDevelopmentExpenses": 0,
    "generalAndAdministrativeExpenses": 289862000,
    "sellingAndMarketingExpenses": 0,
    "sellingGeneralAndAdministrativeExpenses": 289862000,
    "otherExpenses": 25605000,
    "operatingExpenses": 315467000,
    "costAndExpenses": 594530000,
    "interestIncome": 0,
    "interestExpense": 5822000,
    "depreciationAndAmortization": 15965000,
    "ebitda": 130421000,
    "ebitdaratio": 0.1854633776,
    "operatingIncome": 108687000,
    "operatingIncomeRatio": 0.1545568438,
    "totalOtherIncomeExpensesNet": -2502000,
    "incomeBeforeTax": 106185000,
    "incomeBeforeTaxRatio": 0.1509989093,
    "incomeTaxExpense": 39700000,
    "netIncome": 66485000,
    "netIncomeRatio": 0.0945440739,
    "eps": 0.8,
    "epsdiluted": 0.79,
    "weightedAverageShsOut": 82637000,
    "weightedAverageShsOutDil": 83939000,
    "link": "https://www.sec.gov/Archives/edgar/data/749251/000074925117000005/0000749251-17-000005-index.htm",
    "finalLink": "https://www.sec.gov/Archives/edgar/data/749251/000074925117000005/it-12312016x10k.htm"
  },
  {
    "date": "2016-09-30",
    "symbol": "IT",
    "reportedCurrency": "USD",
    "cik": "0000749251",
    "fillingDate": "2016-11-03",
    "acceptedDate": "2016-11-03 06:15:22",
    "calendarYear": "2016",
    "period": "Q3",
    "revenue": 574059000,
    "costOfRevenue": 223122000,
    "grossProfit": 350937000,
    "grossProfitRatio": 0.6113256651,
    "researchAndDevelopmentExpenses": 0,
    "generalAndAdministrativeExpenses": 269902000,
    "sellingAndMarketingExpenses": 0,
    "sellingGeneralAndAdministrativeExpenses": 269902000,
    "otherExpenses": 32309000,
    "operatingExpenses": 302211000,
    "costAndExpenses": 525333000,
    "interestIncome": 0,
    "interestExpense": 5932000,
    "depreciationAndAmortization": 15752000,
    "ebitda": 66432000,
    "ebitdaratio": 0.1157232967,
    "operatingIncome": 48726000,
    "operatingIncomeRatio": 0.0848797772,
    "totalOtherIncomeExpensesNet": -3978000,
    "incomeBeforeTax": 44748000,
    "incomeBeforeTaxRatio": 0.0779501759,
    "incomeTaxExpense": 14264000,
    "netIncome": 30484000,
    "netIncomeRatio": 0.0531025557,
    "eps": 0.37,
    "epsdiluted": 0.36,
    "weightedAverageShsOut": 82638000,
    "weightedAverageShsOutDil": 83803000,
    "link": "https://www.sec.gov/Archives/edgar/data/749251/000074925116000049/0000749251-16-000049-index.htm",
    "finalLink": "https://www.sec.gov/Archives/edgar/data/749251/000074925116000049/it-09302016x10q.htm"
  },
  {
    "date": "2016-06-30",
    "symbol": "IT",
    "reportedCurrency": "USD",
    "cik": "0000749251",
    "fillingDate": "2016-08-04",
    "acceptedDate": "2016-08-04 06:11:35",
    "calendarYear": "2016",
    "period": "Q2",
    "revenue": 609998000,
    "costOfRevenue": 231422000,
    "grossProfit": 378576000,
    "grossProfitRatio": 0.6206184283,
    "researchAndDevelopmentExpenses": 0,
    "generalAndAdministrativeExpenses": 272009000,
    "sellingAndMarketingExpenses": 0,
    "sellingGeneralAndAdministrativeExpenses": 272009000,
    "otherExpenses": 23268000,
    "operatingExpenses": 295277000,
    "costAndExpenses": 526699000,
    "interestIncome": 0,
    "interestExpense": 7356000,
    "depreciationAndAmortization": 15235000,
    "ebitda": 99782000,
    "ebitdaratio": 0.1635775855,
    "operatingIncome": 83299000,
    "operatingIncomeRatio": 0.1365561854,
    "totalOtherIncomeExpensesNet": -6108000,
    "incomeBeforeTax": 77191000,
    "incomeBeforeTaxRatio": 0.1265430378,
    "incomeTaxExpense": 29280000,
    "netIncome": 47911000,
    "netIncomeRatio": 0.0785428805,
    "eps": 0.63,
    "epsdiluted": 0.62,
    "weightedAverageShsOut": 82559000,
    "weightedAverageShsOutDil": 83711000,
    "link": "https://www.sec.gov/Archives/edgar/data/749251/000074925116000042/0000749251-16-000042-index.htm",
    "finalLink": "https://www.sec.gov/Archives/edgar/data/749251/000074925116000042/it-06302016x10q.htm"
  },
  {
    "date": "2016-03-31",
    "symbol": "IT",
    "reportedCurrency": "USD",
    "cik": "0000749251",
    "fillingDate": "2016-05-05",
    "acceptedDate": "2016-05-05 06:13:33",
    "calendarYear": "2016",
    "period": "Q1",
    "revenue": 557266000,
    "costOfRevenue": 212041000,
    "grossProfit": 345225000,
    "grossProfitRatio": 0.6194976905,
    "researchAndDevelopmentExpenses": 0,
    "generalAndAdministrativeExpenses": 257411000,
    "sellingAndMarketingExpenses": 0,
    "sellingGeneralAndAdministrativeExpenses": 257411000,
    "otherExpenses": 23385000,
    "operatingExpenses": 280796000,
    "costAndExpenses": 492837000,
    "interestIncome": 0,
    "interestExpense": 6006000,
    "depreciationAndAmortization": 15017000,
    "ebitda": 81330000,
    "ebitdaratio": 0.1459446656,
    "operatingIncome": 64429000,
    "operatingIncomeRatio": 0.1156162407,
    "totalOtherIncomeExpensesNet": -4122000,
    "incomeBeforeTax": 60307000,
    "incomeBeforeTaxRatio": 0.1082194141,
    "incomeTaxExpense": 20140000,
    "netIncome": 40167000,
    "netIncomeRatio": 0.0720786841,
    "eps": 0.55,
    "epsdiluted": 0.54,
    "weightedAverageShsOut": 82451000,
    "weightedAverageShsOutDil": 83464000,
    "link": "https://www.sec.gov/Archives/edgar/data/749251/000074925116000039/0000749251-16-000039-index.htm",
    "finalLink": "https://www.sec.gov/Archives/edgar/data/749251/000074925116000039/it-03312016x10q.htm"
  },
  {
    "date": "2015-12-31",
    "symbol": "IT",
    "reportedCurrency": "USD",
    "cik": "0000749251",
    "fillingDate": "2016-02-24",
    "acceptedDate": "2016-02-24 16:23:37",
    "calendarYear": "2015",
    "period": "Q4",
    "revenue": 643768000,
    "costOfRevenue": 257217000,
    "grossProfit": 386551000,
    "grossProfitRatio": 0.6004507835,
    "researchAndDevelopmentExpenses": 0,
    "generalAndAdministrativeExpenses": 0,
    "sellingAndMarketingExpenses": 0,
    "sellingGeneralAndAdministrativeExpenses": 258809000,
    "otherExpenses": 26121000,
    "operatingExpenses": 284930000,
    "costAndExpenses": 542147000,
    "interestIncome": 0,
    "interestExpense": 6013000,
    "depreciationAndAmortization": 15209000,
    "ebitda": 119655000,
    "ebitdaratio": 0.1858666476,
    "operatingIncome": 101621000,
    "operatingIncomeRatio": 0.1578534503,
    "totalOtherIncomeExpensesNet": -4954000,
    "incomeBeforeTax": 96667000,
    "incomeBeforeTaxRatio": 0.1501581315,
    "incomeTaxExpense": 30904000,
    "netIncome": 65763000,
    "netIncomeRatio": 0.1021532602,
    "eps": 0.8,
    "epsdiluted": 0.78,
    "weightedAverageShsOut": 82677000,
    "weightedAverageShsOutDil": 83890000,
    "link": "https://www.sec.gov/Archives/edgar/data/749251/000074925116000034/0000749251-16-000034-index.htm",
    "finalLink": "https://www.sec.gov/Archives/edgar/data/749251/000074925116000034/it-12312015x10k.htm"
  },
  {
    "date": "2015-09-30",
    "symbol": "IT",
    "reportedCurrency": "USD",
    "cik": "0000749251",
    "fillingDate": "2015-11-05",
    "acceptedDate": "2015-11-05 17:03:17",
    "calendarYear": "2015",
    "period": "Q3",
    "revenue": 500166000,
    "costOfRevenue": 193602000,
    "grossProfit": 306564000,
    "grossProfitRatio": 0.6129245091,
    "researchAndDevelopmentExpenses": 0,
    "generalAndAdministrativeExpenses": 0,
    "sellingAndMarketingExpenses": 0,
    "sellingGeneralAndAdministrativeExpenses": 236355000,
    "otherExpenses": 17735000,
    "operatingExpenses": 254090000,
    "costAndExpenses": 447692000,
    "interestIncome": 0,
    "interestExpense": 6049000,
    "depreciationAndAmortization": 12188000,
    "ebitda": 70029000,
    "ebitdaratio": 0.1400115162,
    "operatingIncome": 52474000,
    "operatingIncomeRatio": 0.1049131688,
    "totalOtherIncomeExpensesNet": -682000,
    "incomeBeforeTax": 51792000,
    "incomeBeforeTaxRatio": 0.1035496215,
    "incomeTaxExpense": 21426000,
    "netIncome": 30366000,
    "netIncomeRatio": 0.0607118437,
    "eps": 0.37,
    "epsdiluted": 0.36,
    "weightedAverageShsOut": 82989000,
    "weightedAverageShsOutDil": 84113000,
    "link": "https://www.sec.gov/Archives/edgar/data/749251/000074925115000028/0000749251-15-000028-index.htm",
    "finalLink": "https://www.sec.gov/Archives/edgar/data/749251/000074925115000028/it-09302015x10qa.htm"
  },
  {
    "date": "2015-06-30",
    "symbol": "IT",
    "reportedCurrency": "USD",
    "cik": "0000749251",
    "fillingDate": "2015-07-30",
    "acceptedDate": "2015-07-30 06:08:50",
    "calendarYear": "2015",
    "period": "Q2",
    "revenue": 547936000,
    "costOfRevenue": 210495000,
    "grossProfit": 337441000,
    "grossProfitRatio": 0.6158401711,
    "researchAndDevelopmentExpenses": 0,
    "generalAndAdministrativeExpenses": 0,
    "sellingAndMarketingExpenses": 0,
    "sellingGeneralAndAdministrativeExpenses": 237991000,
    "otherExpenses": 14230000,
    "operatingExpenses": 252221000,
    "costAndExpenses": 462716000,
    "interestIncome": 0,
    "interestExpense": 5240000,
    "depreciationAndAmortization": 9606000,
    "ebitda": 95299000,
    "ebitdaratio": 0.1739235969,
    "operatingIncome": 85220000,
    "operatingIncomeRatio": 0.1555291129,
    "totalOtherIncomeExpensesNet": -5708000,
    "incomeBeforeTax": 79512000,
    "incomeBeforeTaxRatio": 0.1451118379,
    "incomeTaxExpense": 28357000,
    "netIncome": 51155000,
    "netIncomeRatio": 0.0933594434,
    "eps": 0.61,
    "epsdiluted": 0.61,
    "weightedAverageShsOut": 83203000,
    "weightedAverageShsOutDil": 84271000,
    "link": "https://www.sec.gov/Archives/edgar/data/749251/000074925115000021/0000749251-15-000021-index.htm",
    "finalLink": "https://www.sec.gov/Archives/edgar/data/749251/000074925115000021/it-06302015x10q.htm"
  },
  {
    "date": "2015-03-31",
    "symbol": "IT",
    "reportedCurrency": "USD",
    "cik": "0000749251",
    "fillingDate": "2015-03-31",
    "acceptedDate": "2015-03-31 00:00:00",
    "calendarYear": "2015",
    "period": "Q1",
    "revenue": 471186000,
    "costOfRevenue": 177762000,
    "grossProfit": 293424000,
    "grossProfitRatio": 0.6227349709,
    "researchAndDevelopmentExpenses": 0,
    "generalAndAdministrativeExpenses": 0,
    "sellingAndMarketingExpenses": 0,
    "sellingGeneralAndAdministrativeExpenses": 229522000,
    "otherExpenses": 15220000,
    "operatingExpenses": 244742000,
    "costAndExpenses": 422504000,
    "interestIncome": 0,
    "interestExpense": 3480000,
    "depreciationAndAmortization": 10128000,
    "ebitda": 57848000,
    "ebitdaratio": 0.1227710501,
    "operatingIncome": 48682000,
    "operatingIncomeRatio": 0.1033180103,
    "totalOtherIncomeExpensesNet": -4442000,
    "incomeBeforeTax": 44240000,
    "incomeBeforeTaxRatio": 0.0938907353,
    "incomeTaxExpense": 15889000,
    "netIncome": 28351000,
    "netIncomeRatio": 0.0601694448,
    "eps": 0.33,
    "epsdiluted": 0.32,
    "weightedAverageShsOut": 86539000,
    "weightedAverageShsOutDil": 87773000,
    "link": null,
    "finalLink": null
  },
  {
    "date": "2014-12-31",
    "symbol": "IT",
    "reportedCurrency": "USD",
    "cik": "0000749251",
    "fillingDate": "2015-02-27",
    "acceptedDate": "2015-02-27 16:06:39",
    "calendarYear": "2014",
    "period": "Q4",
    "revenue": 583979000,
    "costOfRevenue": 235875000,
    "grossProfit": 348104000,
    "grossProfitRatio": 0.5960899279,
    "researchAndDevelopmentExpenses": 0,
    "generalAndAdministrativeExpenses": 0,
    "sellingAndMarketingExpenses": 0,
    "sellingGeneralAndAdministrativeExpenses": 235888000,
    "otherExpenses": 16376000,
    "operatingExpenses": 252264000,
    "costAndExpenses": 488139000,
    "interestIncome": 0,
    "interestExpense": 3301000,
    "depreciationAndAmortization": 10524000,
    "ebitda": 107526000,
    "ebitdaratio": 0.184126484,
    "operatingIncome": 95840000,
    "operatingIncomeRatio": 0.1641154905,
    "totalOtherIncomeExpensesNet": -3552000,
    "incomeBeforeTax": 92288000,
    "incomeBeforeTaxRatio": 0.15803308,
    "incomeTaxExpense": 33144000,
    "netIncome": 59144000,
    "netIncomeRatio": 0.1012776144,
    "eps": 0.67,
    "epsdiluted": 0.66,
    "weightedAverageShsOut": 87647000,
    "weightedAverageShsOutDil": 88956000,
    "link": "https://www.sec.gov/Archives/edgar/data/749251/000074925115000009/0000749251-15-000009-index.htm",
    "finalLink": "https://www.sec.gov/Archives/edgar/data/749251/000074925115000009/it-12312014x10k.htm"
  },
  {
    "date": "2014-09-30",
    "symbol": "IT",
    "reportedCurrency": "USD",
    "cik": "0000749251",
    "fillingDate": "2014-11-07",
    "acceptedDate": "2014-11-07 12:30:22",
    "calendarYear": "2014",
    "period": "Q3",
    "revenue": 470940000,
    "costOfRevenue": 188059000,
    "grossProfit": 282881000,
    "grossProfitRatio": 0.6006731218,
    "researchAndDevelopmentExpenses": 0,
    "generalAndAdministrativeExpenses": 0,
    "sellingAndMarketingExpenses": 0,
    "sellingGeneralAndAdministrativeExpenses": 217025000,
    "otherExpenses": 16465000,
    "operatingExpenses": 233490000,
    "costAndExpenses": 421549000,
    "interestIncome": 0,
    "interestExpense": 2656000,
    "depreciationAndAmortization": 10450000,
    "ebitda": 59554000,
    "ebitdaratio": 0.1264577229,
    "operatingIncome": 49391000,
    "operatingIncomeRatio": 0.1048774791,
    "totalOtherIncomeExpensesNet": -2943000,
    "incomeBeforeTax": 46448000,
    "incomeBeforeTaxRatio": 0.0986282754,
    "incomeTaxExpense": 12602000,
    "netIncome": 33846000,
    "netIncomeRatio": 0.0718690279,
    "eps": 0.38,
    "epsdiluted": 0.38,
    "weightedAverageShsOut": 88513000,
    "weightedAverageShsOutDil": 89708000,
    "link": "https://www.sec.gov/Archives/edgar/data/749251/000074925114000032/0000749251-14-000032-index.htm",
    "finalLink": "https://www.sec.gov/Archives/edgar/data/749251/000074925114000032/it-09302014x10qa.htm"
  },
  {
    "date": "2014-06-30",
    "symbol": "IT",
    "reportedCurrency": "USD",
    "cik": "0000749251",
    "fillingDate": "2014-08-05",
    "acceptedDate": "2014-08-05 07:06:25",
    "calendarYear": "2014",
    "period": "Q2",
    "revenue": 519820000,
    "costOfRevenue": 203178000,
    "grossProfit": 316642000,
    "grossProfitRatio": 0.6091377785,
    "researchAndDevelopmentExpenses": 0,
    "generalAndAdministrativeExpenses": 0,
    "sellingAndMarketingExpenses": 0,
    "sellingGeneralAndAdministrativeExpenses": 218537000,
    "otherExpenses": 16344000,
    "operatingExpenses": 234881000,
    "costAndExpenses": 438059000,
    "interestIncome": 0,
    "interestExpense": 2680000,
    "depreciationAndAmortization": 9700000,
    "ebitda": 91636000,
    "ebitdaratio": 0.1762840983,
    "operatingIncome": 81761000,
    "operatingIncomeRatio": 0.1572871379,
    "totalOtherIncomeExpensesNet": -2505000,
    "incomeBeforeTax": 79256000,
    "incomeBeforeTaxRatio": 0.1524681621,
    "incomeTaxExpense": 26216000,
    "netIncome": 53040000,
    "netIncomeRatio": 0.1020353199,
    "eps": 0.59,
    "epsdiluted": 0.58,
    "weightedAverageShsOut": 89521000,
    "weightedAverageShsOutDil": 90744000,
    "link": "https://www.sec.gov/Archives/edgar/data/749251/000074925114000020/0000749251-14-000020-index.htm",
    "finalLink": "https://www.sec.gov/Archives/edgar/data/749251/000074925114000020/it-06302014x10q.htm"
  },
  {
    "date": "2014-03-31",
    "symbol": "IT",
    "reportedCurrency": "USD",
    "cik": "0000749251",
    "fillingDate": "2014-05-01",
    "acceptedDate": "2014-05-01 07:08:41",
    "calendarYear": "2014",
    "period": "Q1",
    "revenue": 446702000,
    "costOfRevenue": 170821000,
    "grossProfit": 275881000,
    "grossProfitRatio": 0.6175951753,
    "researchAndDevelopmentExpenses": 0,
    "generalAndAdministrativeExpenses": 0,
    "sellingAndMarketingExpenses": 0,
    "sellingGeneralAndAdministrativeExpenses": 204617000,
    "otherExpenses": 12094000,
    "operatingExpenses": 216711000,
    "costAndExpenses": 387532000,
    "interestIncome": 0,
    "interestExpense": 2250000,
    "depreciationAndAmortization": 8738000,
    "ebitda": 67679000,
    "ebitdaratio": 0.1515081643,
    "operatingIncome": 59170000,
    "operatingIncomeRatio": 0.1324596711,
    "totalOtherIncomeExpensesNet": -2479000,
    "incomeBeforeTax": 56691000,
    "incomeBeforeTaxRatio": 0.1269101101,
    "incomeTaxExpense": 18955000,
    "netIncome": 37736000,
    "netIncomeRatio": 0.0844768996,
    "eps": 0.41,
    "epsdiluted": 0.4,
    "weightedAverageShsOut": 91669000,
    "weightedAverageShsOutDil": 93209000,
    "link": "https://www.sec.gov/Archives/edgar/data/749251/000074925114000013/0000749251-14-000013-index.htm",
    "finalLink": "https://www.sec.gov/Archives/edgar/data/749251/000074925114000013/it-03312014x10q.htm"
  },
  {
    "date": "2013-12-31",
    "symbol": "IT",
    "reportedCurrency": "USD",
    "cik": "0000749251",
    "fillingDate": "2014-02-26",
    "acceptedDate": "2014-02-26 16:15:58",
    "calendarYear": "2013",
    "period": "Q4",
    "revenue": 520707000,
    "costOfRevenue": 210108000,
    "grossProfit": 310599000,
    "grossProfitRatio": 0.5964947658,
    "researchAndDevelopmentExpenses": 0,
    "generalAndAdministrativeExpenses": 212805000,
    "sellingAndMarketingExpenses": 0,
    "sellingGeneralAndAdministrativeExpenses": 212805000,
    "otherExpenses": 9037000,
    "operatingExpenses": 221842000,
    "costAndExpenses": 431950000,
    "interestIncome": 0,
    "interestExpense": 2133000,
    "depreciationAndAmortization": 8978000,
    "ebitda": 99134000,
    "ebitdaratio": 0.1903834594,
    "operatingIncome": 88757000,
    "operatingIncomeRatio": 0.1704547855,
    "totalOtherIncomeExpensesNet": -2285000,
    "incomeBeforeTax": 86472000,
    "incomeBeforeTaxRatio": 0.1660665211,
    "incomeTaxExpense": 25054000,
    "netIncome": 61418000,
    "netIncomeRatio": 0.1179511702,
    "eps": 0.67,
    "epsdiluted": 0.65,
    "weightedAverageShsOut": 92205000,
    "weightedAverageShsOutDil": 93946000,
    "link": "https://www.sec.gov/Archives/edgar/data/749251/000074925114000007/0000749251-14-000007-index.htm",
    "finalLink": "https://www.sec.gov/Archives/edgar/data/749251/000074925114000007/it-12312013x10k.htm"
  },
  {
    "date": "2013-09-30",
    "symbol": "IT",
    "reportedCurrency": "USD",
    "cik": "0000749251",
    "fillingDate": "2013-11-07",
    "acceptedDate": "2013-11-07 07:08:02",
    "calendarYear": "2013",
    "period": "Q3",
    "revenue": 410705000,
    "costOfRevenue": 161735000,
    "grossProfit": 248970000,
    "grossProfitRatio": 0.6062015315,
    "researchAndDevelopmentExpenses": 0,
    "generalAndAdministrativeExpenses": 181546000,
    "sellingAndMarketingExpenses": 0,
    "sellingGeneralAndAdministrativeExpenses": 181546000,
    "otherExpenses": 8681000,
    "operatingExpenses": 190227000,
    "costAndExpenses": 351962000,
    "interestIncome": 0,
    "interestExpense": 2124000,
    "depreciationAndAmortization": 8609000,
    "ebitda": 67357000,
    "ebitdaratio": 0.1640033601,
    "operatingIncome": 58743000,
    "operatingIncomeRatio": 0.1430296685,
    "totalOtherIncomeExpensesNet": -2119000,
    "incomeBeforeTax": 56624000,
    "incomeBeforeTaxRatio": 0.1378702475,
    "incomeTaxExpense": 18430000,
    "netIncome": 38194000,
    "netIncomeRatio": 0.0929961895,
    "eps": 0.41,
    "epsdiluted": 0.4,
    "weightedAverageShsOut": 92689000,
    "weightedAverageShsOutDil": 94355000,
    "link": "https://www.sec.gov/Archives/edgar/data/749251/000074925113000009/0000749251-13-000009-index.htm",
    "finalLink": "https://www.sec.gov/Archives/edgar/data/749251/000074925113000009/it-9302013x10q.htm"
  },
  {
    "date": "2013-06-30",
    "symbol": "IT",
    "reportedCurrency": "USD",
    "cik": "0000749251",
    "fillingDate": "2013-08-02",
    "acceptedDate": "2013-08-02 07:23:02",
    "calendarYear": "2013",
    "period": "Q2",
    "revenue": 446047000,
    "costOfRevenue": 177904000,
    "grossProfit": 268143000,
    "grossProfitRatio": 0.6011541385,
    "researchAndDevelopmentExpenses": 0,
    "generalAndAdministrativeExpenses": 185629000,
    "sellingAndMarketingExpenses": 0,
    "sellingGeneralAndAdministrativeExpenses": 185629000,
    "otherExpenses": 8527000,
    "operatingExpenses": 194156000,
    "costAndExpenses": 372060000,
    "interestIncome": 0,
    "interestExpense": 2144000,
    "depreciationAndAmortization": 8421000,
    "ebitda": 82128000,
    "ebitdaratio": 0.1841240945,
    "operatingIncome": 73987000,
    "operatingIncomeRatio": 0.1658726547,
    "totalOtherIncomeExpensesNet": -2424000,
    "incomeBeforeTax": 71563000,
    "incomeBeforeTaxRatio": 0.1604382498,
    "incomeTaxExpense": 25049000,
    "netIncome": 46514000,
    "netIncomeRatio": 0.1042804906,
    "eps": 0.5,
    "epsdiluted": 0.49,
    "weightedAverageShsOut": 93574000,
    "weightedAverageShsOutDil": 95188000,
    "link": "https://www.sec.gov/Archives/edgar/data/749251/000144530513001817/0001445305-13-001817-index.htm",
    "finalLink": "https://www.sec.gov/Archives/edgar/data/749251/000144530513001817/it-6302013x10q.htm"
  },
  {
    "date": "2013-03-31",
    "symbol": "IT",
    "reportedCurrency": "USD",
    "cik": "0000749251",
    "fillingDate": "2013-05-02",
    "acceptedDate": "2013-05-02 07:08:36",
    "calendarYear": "2013",
    "period": "Q1",
    "revenue": 406754000,
    "costOfRevenue": 163737000,
    "grossProfit": 243017000,
    "grossProfitRatio": 0.5974544811,
    "researchAndDevelopmentExpenses": 0,
    "generalAndAdministrativeExpenses": 180478000,
    "sellingAndMarketingExpenses": 0,
    "sellingGeneralAndAdministrativeExpenses": 180478000,
    "otherExpenses": 8534000,
    "operatingExpenses": 189012000,
    "costAndExpenses": 352749000,
    "interestIncome": 0,
    "interestExpense": 2436000,
    "depreciationAndAmortization": 8434000,
    "ebitda": 62650000,
    "ebitdaratio": 0.1540242997,
    "operatingIncome": 54005000,
    "operatingIncomeRatio": 0.1327706673,
    "totalOtherIncomeExpensesNet": -2225000,
    "incomeBeforeTax": 51780000,
    "incomeBeforeTaxRatio": 0.1273005305,
    "incomeTaxExpense": 15105000,
    "netIncome": 36675000,
    "netIncomeRatio": 0.0901650629,
    "eps": 0.39,
    "epsdiluted": 0.38,
    "weightedAverageShsOut": 93595000,
    "weightedAverageShsOutDil": 95537000,
    "link": "https://www.sec.gov/Archives/edgar/data/749251/000093041313002718/0000930413-13-002718-index.htm",
    "finalLink": "https://www.sec.gov/Archives/edgar/data/749251/000093041313002718/c73618_10q.htm"
  },
  {
    "date": "2012-12-31",
    "symbol": "IT",
    "reportedCurrency": "USD",
    "cik": "0000749251",
    "fillingDate": "2013-02-22",
    "acceptedDate": "2013-02-22 06:04:18",
    "calendarYear": "2012",
    "period": "Q4",
    "revenue": 474749000,
    "costOfRevenue": 200214000,
    "grossProfit": 274535000,
    "grossProfitRatio": 0.5782739932,
    "researchAndDevelopmentExpenses": 0,
    "generalAndAdministrativeExpenses": 186216000,
    "sellingAndMarketingExpenses": 0,
    "sellingGeneralAndAdministrativeExpenses": 186216000,
    "otherExpenses": 8658000,
    "operatingExpenses": 194874000,
    "costAndExpenses": 395088000,
    "interestIncome": 0,
    "interestExpense": 2302000,
    "depreciationAndAmortization": 8364000,
    "ebitda": 85693000,
    "ebitdaratio": 0.1805016967,
    "operatingIncome": 79661000,
    "operatingIncomeRatio": 0.1677960354,
    "totalOtherIncomeExpensesNet": -1752000,
    "incomeBeforeTax": 77909000,
    "incomeBeforeTaxRatio": 0.1641056643,
    "incomeTaxExpense": 19086000,
    "netIncome": 58823000,
    "netIncomeRatio": 0.1239033679,
    "eps": 0.63,
    "epsdiluted": 0.61,
    "weightedAverageShsOut": 93488000,
    "weightedAverageShsOutDil": 95716000,
    "link": "https://www.sec.gov/Archives/edgar/data/749251/000093041313001003/0000930413-13-001003-index.htm",
    "finalLink": "https://www.sec.gov/Archives/edgar/data/749251/000093041313001003/c72276_10k.htm"
  },
  {
    "date": "2012-09-30",
    "symbol": "IT",
    "reportedCurrency": "USD",
    "cik": "0000749251",
    "fillingDate": "2012-11-06",
    "acceptedDate": "2012-11-06 07:00:56",
    "calendarYear": "2012",
    "period": "Q3",
    "revenue": 374406000,
    "costOfRevenue": 151143000,
    "grossProfit": 223263000,
    "grossProfitRatio": 0.5963125591,
    "researchAndDevelopmentExpenses": 0,
    "generalAndAdministrativeExpenses": 164888000,
    "sellingAndMarketingExpenses": 0,
    "sellingGeneralAndAdministrativeExpenses": 164888000,
    "otherExpenses": 8607000,
    "operatingExpenses": 173495000,
    "costAndExpenses": 324638000,
    "interestIncome": 0,
    "interestExpense": 2209000,
    "depreciationAndAmortization": 7663000,
    "ebitda": 56683000,
    "ebitdaratio": 0.1513944755,
    "operatingIncome": 49768000,
    "operatingIncomeRatio": 0.1329252202,
    "totalOtherIncomeExpensesNet": -2957000,
    "incomeBeforeTax": 46811000,
    "incomeBeforeTaxRatio": 0.1250273767,
    "incomeTaxExpense": 15436000,
    "netIncome": 31375000,
    "netIncomeRatio": 0.0837994049,
    "eps": 0.34,
    "epsdiluted": 0.33,
    "weightedAverageShsOut": 93522000,
    "weightedAverageShsOutDil": 95611000,
    "link": "https://www.sec.gov/Archives/edgar/data/749251/000093041312005974/0000930413-12-005974-index.htm",
    "finalLink": "https://www.sec.gov/Archives/edgar/data/749251/000093041312005974/c71463_10-q.htm"
  },
  {
    "date": "2012-06-30",
    "symbol": "IT",
    "reportedCurrency": "USD",
    "cik": "0000749251",
    "fillingDate": "2012-08-03",
    "acceptedDate": "2012-08-03 07:13:33",
    "calendarYear": "2012",
    "period": "Q2",
    "revenue": 397482000,
    "costOfRevenue": 161247000,
    "grossProfit": 236235000,
    "grossProfitRatio": 0.5943287998,
    "researchAndDevelopmentExpenses": 0,
    "generalAndAdministrativeExpenses": 165221000,
    "sellingAndMarketingExpenses": 0,
    "sellingGeneralAndAdministrativeExpenses": 165221000,
    "otherExpenses": 8292000,
    "operatingExpenses": 173513000,
    "costAndExpenses": 334760000,
    "interestIncome": 0,
    "interestExpense": 2153000,
    "depreciationAndAmortization": 7110000,
    "ebitda": 69756000,
    "ebitdaratio": 0.1754947394,
    "operatingIncome": 62722000,
    "operatingIncomeRatio": 0.1577983406,
    "totalOtherIncomeExpensesNet": -2229000,
    "incomeBeforeTax": 60493000,
    "incomeBeforeTaxRatio": 0.1521905394,
    "incomeTaxExpense": 19009000,
    "netIncome": 41484000,
    "netIncomeRatio": 0.1043669902,
    "eps": 0.44,
    "epsdiluted": 0.43,
    "weightedAverageShsOut": 93350000,
    "weightedAverageShsOutDil": 95423000,
    "link": "https://www.sec.gov/Archives/edgar/data/749251/000093041312004293/0000930413-12-004293-index.htm",
    "finalLink": "https://www.sec.gov/Archives/edgar/data/749251/000093041312004293/c70375_10-q.htm"
  },
  {
    "date": "2012-03-31",
    "symbol": "IT",
    "reportedCurrency": "USD",
    "cik": "0000749251",
    "fillingDate": "2012-05-03",
    "acceptedDate": "2012-05-03 07:09:59",
    "calendarYear": "2012",
    "period": "Q1",
    "revenue": 369171000,
    "costOfRevenue": 146463000,
    "grossProfit": 222708000,
    "grossProfitRatio": 0.6032651535,
    "researchAndDevelopmentExpenses": 0,
    "generalAndAdministrativeExpenses": 162518000,
    "sellingAndMarketingExpenses": 0,
    "sellingGeneralAndAdministrativeExpenses": 162518000,
    "otherExpenses": 6634000,
    "operatingExpenses": 169152000,
    "costAndExpenses": 315615000,
    "interestIncome": 0,
    "interestExpense": 2195000,
    "depreciationAndAmortization": 6634000,
    "ebitda": 59212000,
    "ebitdaratio": 0.1603917968,
    "operatingIncome": 53556000,
    "operatingIncomeRatio": 0.1450709834,
    "totalOtherIncomeExpensesNet": -3173000,
    "incomeBeforeTax": 50383000,
    "incomeBeforeTaxRatio": 0.1364760504,
    "incomeTaxExpense": 16162000,
    "netIncome": 34221000,
    "netIncomeRatio": 0.0926968803,
    "eps": 0.37,
    "epsdiluted": 0.36,
    "weightedAverageShsOut": 93416000,
    "weightedAverageShsOutDil": 96199000,
    "link": "https://www.sec.gov/Archives/edgar/data/749251/000093041312002776/0000930413-12-002776-index.htm",
    "finalLink": "https://www.sec.gov/Archives/edgar/data/749251/000093041312002776/c69384_10-q.htm"
  },
  {
    "date": "2011-12-31",
    "symbol": "IT",
    "reportedCurrency": "USD",
    "cik": "0000749251",
    "fillingDate": "2012-02-23",
    "acceptedDate": "2012-02-23 16:24:35",
    "calendarYear": "2011",
    "period": "Q4",
    "revenue": 427694000,
    "costOfRevenue": 180282000,
    "grossProfit": 247412000,
    "grossProfitRatio": 0.578479006,
    "researchAndDevelopmentExpenses": 0,
    "generalAndAdministrativeExpenses": 170816000,
    "sellingAndMarketingExpenses": 0,
    "sellingGeneralAndAdministrativeExpenses": 170816000,
    "otherExpenses": 7133000,
    "operatingExpenses": 177949000,
    "costAndExpenses": 358231000,
    "interestIncome": 0,
    "interestExpense": 3353000,
    "depreciationAndAmortization": 7133000,
    "ebitda": 77428000,
    "ebitdaratio": 0.1810359743,
    "operatingIncome": 69463000,
    "operatingIncomeRatio": 0.1624128466,
    "totalOtherIncomeExpensesNet": -2521000,
    "incomeBeforeTax": 66942000,
    "incomeBeforeTaxRatio": 0.1565184454,
    "incomeTaxExpense": 21918000,
    "netIncome": 45024000,
    "netIncomeRatio": 0.1052715259,
    "eps": 0.48,
    "epsdiluted": 0.46,
    "weightedAverageShsOut": 94691000,
    "weightedAverageShsOutDil": 97037000,
    "link": "https://www.sec.gov/Archives/edgar/data/749251/000093041312001031/0000930413-12-001031-index.htm",
    "finalLink": "https://www.sec.gov/Archives/edgar/data/749251/000093041312001031/c67980_10-k.htm"
  },
  {
    "date": "2011-09-30",
    "symbol": "IT",
    "reportedCurrency": "USD",
    "cik": "0000749251",
    "fillingDate": "2011-11-01",
    "acceptedDate": "2011-11-01 07:17:50",
    "calendarYear": "2011",
    "period": "Q3",
    "revenue": 345784000,
    "costOfRevenue": 142696000,
    "grossProfit": 203088000,
    "grossProfitRatio": 0.5873261921,
    "researchAndDevelopmentExpenses": 0,
    "generalAndAdministrativeExpenses": 148461000,
    "sellingAndMarketingExpenses": 0,
    "sellingGeneralAndAdministrativeExpenses": 148461000,
    "otherExpenses": 7377000,
    "operatingExpenses": 155838000,
    "costAndExpenses": 298534000,
    "interestIncome": 0,
    "interestExpense": 2282000,
    "depreciationAndAmortization": 7377000,
    "ebitda": 54627000,
    "ebitdaratio": 0.1579801263,
    "operatingIncome": 47250000,
    "operatingIncomeRatio": 0.1366459987,
    "totalOtherIncomeExpensesNet": -2823000,
    "incomeBeforeTax": 44427000,
    "incomeBeforeTaxRatio": 0.1284819425,
    "incomeTaxExpense": 13963000,
    "netIncome": 30464000,
    "netIncomeRatio": 0.0881012424,
    "eps": 0.32,
    "epsdiluted": 0.31,
    "weightedAverageShsOut": 96057000,
    "weightedAverageShsOutDil": 98259000,
    "link": "https://www.sec.gov/Archives/edgar/data/749251/000093041311006905/0000930413-11-006905-index.htm",
    "finalLink": "https://www.sec.gov/Archives/edgar/data/749251/000093041311006905/c66978_10-q.htm"
  },
  {
    "date": "2011-06-30",
    "symbol": "IT",
    "reportedCurrency": "USD",
    "cik": "0000749251",
    "fillingDate": "2011-08-02",
    "acceptedDate": "2011-08-02 07:12:31",
    "calendarYear": "2011",
    "period": "Q2",
    "revenue": 365543000,
    "costOfRevenue": 152461000,
    "grossProfit": 213082000,
    "grossProfitRatio": 0.5829191094,
    "researchAndDevelopmentExpenses": 0,
    "generalAndAdministrativeExpenses": 152758000,
    "sellingAndMarketingExpenses": 0,
    "sellingGeneralAndAdministrativeExpenses": 152758000,
    "otherExpenses": 8756000,
    "operatingExpenses": 161514000,
    "costAndExpenses": 313975000,
    "interestIncome": 0,
    "interestExpense": 2797000,
    "depreciationAndAmortization": 8756000,
    "ebitda": 59753000,
    "ebitdaratio": 0.1634636691,
    "operatingIncome": 51568000,
    "operatingIncomeRatio": 0.1410723225,
    "totalOtherIncomeExpensesNet": -3368000,
    "incomeBeforeTax": 48200000,
    "incomeBeforeTaxRatio": 0.1318586322,
    "incomeTaxExpense": 15977000,
    "netIncome": 32223000,
    "netIncomeRatio": 0.088151052,
    "eps": 0.33,
    "epsdiluted": 0.32,
    "weightedAverageShsOut": 96886000,
    "weightedAverageShsOutDil": 99340000,
    "link": "https://www.sec.gov/Archives/edgar/data/749251/000093041311005035/0000930413-11-005035-index.htm",
    "finalLink": "https://www.sec.gov/Archives/edgar/data/749251/000093041311005035/c66427_10-q.htm"
  },
  {
    "date": "2011-03-31",
    "symbol": "IT",
    "reportedCurrency": "USD",
    "cik": "0000749251",
    "fillingDate": "2011-05-05",
    "acceptedDate": "2011-05-05 07:15:56",
    "calendarYear": "2011",
    "period": "Q1",
    "revenue": 329567000,
    "costOfRevenue": 133316000,
    "grossProfit": 196251000,
    "grossProfitRatio": 0.5954813437,
    "researchAndDevelopmentExpenses": 0,
    "generalAndAdministrativeExpenses": 141672000,
    "sellingAndMarketingExpenses": 0,
    "sellingGeneralAndAdministrativeExpenses": 141672000,
    "otherExpenses": 8798000,
    "operatingExpenses": 150470000,
    "costAndExpenses": 283786000,
    "interestIncome": 0,
    "interestExpense": 2784000,
    "depreciationAndAmortization": 8798000,
    "ebitda": 54197000,
    "ebitdaratio": 0.1644491105,
    "operatingIncome": 45781000,
    "operatingIncomeRatio": 0.1389125732,
    "totalOtherIncomeExpensesNet": -3166000,
    "incomeBeforeTax": 42615000,
    "incomeBeforeTaxRatio": 0.1293060288,
    "incomeTaxExpense": 13424000,
    "netIncome": 29191000,
    "netIncomeRatio": 0.0885737953,
    "eps": 0.3,
    "epsdiluted": 0.29,
    "weightedAverageShsOut": 96442000,
    "weightedAverageShsOutDil": 99451000,
    "link": "https://www.sec.gov/Archives/edgar/data/749251/000093041311003679/0000930413-11-003679-index.htm",
    "finalLink": "https://www.sec.gov/Archives/edgar/data/749251/000093041311003679/c65508_10-q.htm"
  },
  {
    "date": "2010-12-31",
    "symbol": "IT",
    "reportedCurrency": "USD",
    "cik": "0000749251",
    "fillingDate": "2011-02-15",
    "acceptedDate": "2011-02-15 17:16:56",
    "calendarYear": "2010",
    "period": "Q4",
    "revenue": 382304000,
    "costOfRevenue": 164959000,
    "grossProfit": 217345000,
    "grossProfitRatio": 0.568513539,
    "researchAndDevelopmentExpenses": 0,
    "generalAndAdministrativeExpenses": 154796000,
    "sellingAndMarketingExpenses": 0,
    "sellingGeneralAndAdministrativeExpenses": 154796000,
    "otherExpenses": 9475000,
    "operatingExpenses": 164271000,
    "costAndExpenses": 329230000,
    "interestIncome": 0,
    "interestExpense": 7203000,
    "depreciationAndAmortization": 8662000,
    "ebitda": 62592000,
    "ebitdaratio": 0.1637231104,
    "operatingIncome": 53074000,
    "operatingIncomeRatio": 0.1388266929,
    "totalOtherIncomeExpensesNet": -6347000,
    "incomeBeforeTax": 46727000,
    "incomeBeforeTaxRatio": 0.1222247217,
    "incomeTaxExpense": 10033000,
    "netIncome": 36694000,
    "netIncomeRatio": 0.0959812087,
    "eps": 0.38,
    "epsdiluted": 0.38,
    "weightedAverageShsOut": 95894000,
    "weightedAverageShsOutDil": 96442000,
    "link": "https://www.sec.gov/Archives/edgar/data/749251/000095012311014318/0000950123-11-014318-index.htm",
    "finalLink": "https://www.sec.gov/Archives/edgar/data/749251/000095012311014318/y88686e10vk.htm"
  },
  {
    "date": "2010-09-30",
    "symbol": "IT",
    "reportedCurrency": "USD",
    "cik": "0000749251",
    "fillingDate": "2010-11-03",
    "acceptedDate": "2010-11-03 16:24:50",
    "calendarYear": "2010",
    "period": "Q3",
    "revenue": 296122000,
    "costOfRevenue": 125897000,
    "grossProfit": 170225000,
    "grossProfitRatio": 0.5748475291,
    "researchAndDevelopmentExpenses": 0,
    "generalAndAdministrativeExpenses": 127488000,
    "sellingAndMarketingExpenses": 0,
    "sellingGeneralAndAdministrativeExpenses": 127488000,
    "otherExpenses": 9974000,
    "operatingExpenses": 137462000,
    "costAndExpenses": 263359000,
    "interestIncome": 0,
    "interestExpense": 3005000,
    "depreciationAndAmortization": 8725000,
    "ebitda": 41115000,
    "ebitdaratio": 0.1388448005,
    "operatingIncome": 32763000,
    "operatingIncomeRatio": 0.1106402091,
    "totalOtherIncomeExpensesNet": -3378000,
    "incomeBeforeTax": 29385000,
    "incomeBeforeTaxRatio": 0.0992327487,
    "incomeTaxExpense": 9310000,
    "netIncome": 20075000,
    "netIncomeRatio": 0.0677930042,
    "eps": 0.21,
    "epsdiluted": 0.2,
    "weightedAverageShsOut": 95473000,
    "weightedAverageShsOutDil": 98797000,
    "link": "https://www.sec.gov/Archives/edgar/data/749251/000095012310100123/0000950123-10-100123-index.htm",
    "finalLink": "https://www.sec.gov/Archives/edgar/data/749251/000095012310100123/y87451e10vq.htm"
  },
  {
    "date": "2010-06-30",
    "symbol": "IT",
    "reportedCurrency": "USD",
    "cik": "0000749251",
    "fillingDate": "2010-08-09",
    "acceptedDate": "2010-08-09 16:30:25",
    "calendarYear": "2010",
    "period": "Q2",
    "revenue": 314195000,
    "costOfRevenue": 138336000,
    "grossProfit": 175859000,
    "grossProfitRatio": 0.5597129171,
    "researchAndDevelopmentExpenses": 0,
    "generalAndAdministrativeExpenses": 130322000,
    "sellingAndMarketingExpenses": 0,
    "sellingGeneralAndAdministrativeExpenses": 130322000,
    "otherExpenses": 11307000,
    "operatingExpenses": 141629000,
    "costAndExpenses": 279965000,
    "interestIncome": 0,
    "interestExpense": 3180000,
    "depreciationAndAmortization": 8977000,
    "ebitda": 42564000,
    "ebitdaratio": 0.1354700107,
    "operatingIncome": 34230000,
    "operatingIncomeRatio": 0.1089450819,
    "totalOtherIncomeExpensesNet": -3823000,
    "incomeBeforeTax": 30407000,
    "incomeBeforeTaxRatio": 0.096777479,
    "incomeTaxExpense": 10294000,
    "netIncome": 20113000,
    "netIncomeRatio": 0.064014386,
    "eps": 0.21,
    "epsdiluted": 0.2,
    "weightedAverageShsOut": 95657000,
    "weightedAverageShsOutDil": 98855000,
    "link": "https://www.sec.gov/Archives/edgar/data/749251/000095012310075062/0000950123-10-075062-index.htm",
    "finalLink": "https://www.sec.gov/Archives/edgar/data/749251/000095012310075062/y85823e10vq.htm"
  },
  {
    "date": "2010-03-31",
    "symbol": "IT",
    "reportedCurrency": "USD",
    "cik": "0000749251",
    "fillingDate": "2010-05-05",
    "acceptedDate": "2010-05-05 08:40:10",
    "calendarYear": "2010",
    "period": "Q1",
    "revenue": 295833000,
    "costOfRevenue": 123046000,
    "grossProfit": 172787000,
    "grossProfitRatio": 0.5840693905,
    "researchAndDevelopmentExpenses": 0,
    "generalAndAdministrativeExpenses": 130568000,
    "sellingAndMarketingExpenses": 0,
    "sellingGeneralAndAdministrativeExpenses": 130568000,
    "otherExpenses": 13021000,
    "operatingExpenses": 143589000,
    "costAndExpenses": 266635000,
    "interestIncome": 0,
    "interestExpense": 3384000,
    "depreciationAndAmortization": 9510000,
    "ebitda": 40460000,
    "ebitdaratio": 0.1367663513,
    "operatingIncome": 29198000,
    "operatingIncomeRatio": 0.098697576,
    "totalOtherIncomeExpensesNet": -1632000,
    "incomeBeforeTax": 27566000,
    "incomeBeforeTaxRatio": 0.0931809501,
    "incomeTaxExpense": 8163000,
    "netIncome": 19403000,
    "netIncomeRatio": 0.0655876795,
    "eps": 0.2,
    "epsdiluted": 0.19,
    "weightedAverageShsOut": 95693000,
    "weightedAverageShsOutDil": 99649000,
    "link": "https://www.sec.gov/Archives/edgar/data/749251/000095012310044105/0000950123-10-044105-index.htm",
    "finalLink": "https://www.sec.gov/Archives/edgar/data/749251/000095012310044105/y84364e10vq.htm"
  },
  {
    "date": "2009-12-31",
    "symbol": "IT",
    "reportedCurrency": "USD",
    "cik": "0000749251",
    "fillingDate": "2010-02-19",
    "acceptedDate": "2010-02-19 15:12:52",
    "calendarYear": "2009",
    "period": "Q4",
    "revenue": 328827000,
    "costOfRevenue": 146499000,
    "grossProfit": 182328000,
    "grossProfitRatio": 0.5544800153,
    "researchAndDevelopmentExpenses": 0,
    "generalAndAdministrativeExpenses": 131023000,
    "sellingAndMarketingExpenses": 0,
    "sellingGeneralAndAdministrativeExpenses": 131023000,
    "otherExpenses": 9561000,
    "operatingExpenses": 140584000,
    "costAndExpenses": 287083000,
    "interestIncome": 0,
    "interestExpense": 3757000,
    "depreciationAndAmortization": 6627000,
    "ebitda": 48787000,
    "ebitdaratio": 0.1483667704,
    "operatingIncome": 41744000,
    "operatingIncomeRatio": 0.1269482129,
    "totalOtherIncomeExpensesNet": -3341000,
    "incomeBeforeTax": 38403000,
    "incomeBeforeTaxRatio": 0.116787855,
    "incomeTaxExpense": 12687000,
    "netIncome": 25716000,
    "netIncomeRatio": 0.0782052569,
    "eps": 0.27,
    "epsdiluted": 0.27,
    "weightedAverageShsOut": 95492000,
    "weightedAverageShsOutDil": 95963000,
    "link": "https://www.sec.gov/Archives/edgar/data/749251/000095012310014517/0000950123-10-014517-index.htm",
    "finalLink": "https://www.sec.gov/Archives/edgar/data/749251/000095012310014517/y81529e10vk.htm"
  },
  {
    "date": "2009-09-30",
    "symbol": "IT",
    "reportedCurrency": "USD",
    "cik": "0000749251",
    "fillingDate": "2009-10-30",
    "acceptedDate": "2009-10-30 08:32:28",
    "calendarYear": "2009",
    "period": "Q3",
    "revenue": 267469000,
    "costOfRevenue": 118120000,
    "grossProfit": 149349000,
    "grossProfitRatio": 0.558378728,
    "researchAndDevelopmentExpenses": 0,
    "generalAndAdministrativeExpenses": 115049000,
    "sellingAndMarketingExpenses": 0,
    "sellingGeneralAndAdministrativeExpenses": 115049000,
    "otherExpenses": 6779000,
    "operatingExpenses": 121828000,
    "costAndExpenses": 239948000,
    "interestIncome": 0,
    "interestExpense": 4914000,
    "depreciationAndAmortization": 6779000,
    "ebitda": 34173000,
    "ebitdaratio": 0.127764339,
    "operatingIncome": 27521000,
    "operatingIncomeRatio": 0.1028941672,
    "totalOtherIncomeExpensesNet": -5041000,
    "incomeBeforeTax": 22480000,
    "incomeBeforeTaxRatio": 0.0840471232,
    "incomeTaxExpense": 2413000,
    "netIncome": 20067000,
    "netIncomeRatio": 0.075025517,
    "eps": 0.21,
    "epsdiluted": 0.21,
    "weightedAverageShsOut": 94872000,
    "weightedAverageShsOutDil": 97657000,
    "link": "https://www.sec.gov/Archives/edgar/data/749251/000095012309055250/0000950123-09-055250-index.htm",
    "finalLink": "https://www.sec.gov/Archives/edgar/data/749251/000095012309055250/y80080e10vq.htm"
  },
  {
    "date": "2009-06-30",
    "symbol": "IT",
    "reportedCurrency": "USD",
    "cik": "0000749251",
    "fillingDate": "2009-08-04",
    "acceptedDate": "2009-08-04 08:35:42",
    "calendarYear": "2009",
    "period": "Q2",
    "revenue": 269971000,
    "costOfRevenue": 117100000,
    "grossProfit": 152871000,
    "grossProfitRatio": 0.5662497083,
    "researchAndDevelopmentExpenses": 0,
    "generalAndAdministrativeExpenses": 115367000,
    "sellingAndMarketingExpenses": 0,
    "sellingGeneralAndAdministrativeExpenses": 115367000,
    "otherExpenses": 6743000,
    "operatingExpenses": 122110000,
    "costAndExpenses": 239210000,
    "interestIncome": 0,
    "interestExpense": 4011000,
    "depreciationAndAmortization": 6743000,
    "ebitda": 36372000,
    "ebitdaratio": 0.1347255816,
    "operatingIncome": 30761000,
    "operatingIncomeRatio": 0.1139418678,
    "totalOtherIncomeExpensesNet": -5143000,
    "incomeBeforeTax": 25618000,
    "incomeBeforeTaxRatio": 0.0948916736,
    "incomeTaxExpense": 8433000,
    "netIncome": 17185000,
    "netIncomeRatio": 0.0636549852,
    "eps": 0.18,
    "epsdiluted": 0.18,
    "weightedAverageShsOut": 94370000,
    "weightedAverageShsOutDil": 96523000,
    "link": "https://www.sec.gov/Archives/edgar/data/749251/000095012309029255/0000950123-09-029255-index.htm",
    "finalLink": "https://www.sec.gov/Archives/edgar/data/749251/000095012309029255/y78569e10vq.htm"
  },
  {
    "date": "2009-03-31",
    "symbol": "IT",
    "reportedCurrency": "USD",
    "cik": "0000749251",
    "fillingDate": "2009-05-08",
    "acceptedDate": "2009-05-08 08:20:30",
    "calendarYear": "2009",
    "period": "Q1",
    "revenue": 273533000,
    "costOfRevenue": 116644000,
    "grossProfit": 156889000,
    "grossProfitRatio": 0.573565164,
    "researchAndDevelopmentExpenses": 0,
    "generalAndAdministrativeExpenses": 115564000,
    "sellingAndMarketingExpenses": 0,
    "sellingGeneralAndAdministrativeExpenses": 115564000,
    "otherExpenses": 6874000,
    "operatingExpenses": 122438000,
    "costAndExpenses": 239082000,
    "interestIncome": 0,
    "interestExpense": 4180000,
    "depreciationAndAmortization": 6874000,
    "ebitda": 40079000,
    "ebitdaratio": 0.1465234542,
    "operatingIncome": 34451000,
    "operatingIncomeRatio": 0.1259482402,
    "totalOtherIncomeExpensesNet": -5426000,
    "incomeBeforeTax": 29025000,
    "incomeBeforeTaxRatio": 0.1061115112,
    "incomeTaxExpense": 9029000,
    "netIncome": 19996000,
    "netIncomeRatio": 0.0731026969,
    "eps": 0.21,
    "epsdiluted": 0.21,
    "weightedAverageShsOut": 93898000,
    "weightedAverageShsOutDil": 95763000,
    "link": "https://www.sec.gov/Archives/edgar/data/749251/000095012309008363/0000950123-09-008363-index.htm",
    "finalLink": "https://www.sec.gov/Archives/edgar/data/749251/000095012309008363/y77008e10vq.htm"
  },
  {
    "date": "2008-12-31",
    "symbol": "IT",
    "reportedCurrency": "USD",
    "cik": "0000749251",
    "fillingDate": "2009-02-20",
    "acceptedDate": "2009-02-20 11:26:21",
    "calendarYear": "2008",
    "period": "Q4",
    "revenue": 347321000,
    "costOfRevenue": 152381000,
    "grossProfit": 194940000,
    "grossProfitRatio": 0.5612675306,
    "researchAndDevelopmentExpenses": 0,
    "generalAndAdministrativeExpenses": 131879000,
    "sellingAndMarketingExpenses": 0,
    "sellingGeneralAndAdministrativeExpenses": 131879000,
    "otherExpenses": 7280000,
    "operatingExpenses": 139159000,
    "costAndExpenses": 291540000,
    "interestIncome": 0,
    "interestExpense": 4463000,
    "depreciationAndAmortization": 6408000,
    "ebitda": 65824000,
    "ebitdaratio": 0.1895192056,
    "operatingIncome": 55781000,
    "operatingIncomeRatio": 0.1606035915,
    "totalOtherIncomeExpensesNet": -4468000,
    "incomeBeforeTax": 51313000,
    "incomeBeforeTaxRatio": 0.1477394111,
    "incomeTaxExpense": 17672000,
    "netIncome": 33646000,
    "netIncomeRatio": 0.0968729216,
    "eps": 0.36,
    "epsdiluted": 0.36,
    "weightedAverageShsOut": 93809000,
    "weightedAverageShsOutDil": 93898000,
    "link": "https://www.sec.gov/Archives/edgar/data/749251/000095012309003157/0000950123-09-003157-index.htm",
    "finalLink": "https://www.sec.gov/Archives/edgar/data/749251/000095012309003157/y74719e10vk.htm"
  },
  {
    "date": "2008-09-30",
    "symbol": "IT",
    "reportedCurrency": "USD",
    "cik": "0000749251",
    "fillingDate": "2008-10-30",
    "acceptedDate": "2008-10-30 08:16:03",
    "calendarYear": "2008",
    "period": "Q3",
    "revenue": 297706000,
    "costOfRevenue": 124343000,
    "grossProfit": 173363000,
    "grossProfitRatio": 0.5823295466,
    "researchAndDevelopmentExpenses": 0,
    "generalAndAdministrativeExpenses": 131854000,
    "sellingAndMarketingExpenses": 0,
    "sellingGeneralAndAdministrativeExpenses": 131854000,
    "otherExpenses": 6827000,
    "operatingExpenses": 138681000,
    "costAndExpenses": 263024000,
    "interestIncome": 0,
    "interestExpense": 5857000,
    "depreciationAndAmortization": 7251000,
    "ebitda": 41933000,
    "ebitdaratio": 0.1408537282,
    "operatingIncome": 34682000,
    "operatingIncomeRatio": 0.1164974841,
    "totalOtherIncomeExpensesNet": -5857000,
    "incomeBeforeTax": 28825000,
    "incomeBeforeTaxRatio": 0.096823712,
    "incomeTaxExpense": 10044000,
    "netIncome": 18781000,
    "netIncomeRatio": 0.0630857289,
    "eps": 0.2,
    "epsdiluted": 0.19,
    "weightedAverageShsOut": 94539000,
    "weightedAverageShsOutDil": 98552000,
    "link": "https://www.sec.gov/Archives/edgar/data/749251/000095012308013900/0000950123-08-013900-index.htm",
    "finalLink": "https://www.sec.gov/Archives/edgar/data/749251/000095012308013900/y72164e10vq.htm"
  },
  {
    "date": "2008-06-30",
    "symbol": "IT",
    "reportedCurrency": "USD",
    "cik": "0000749251",
    "fillingDate": "2008-07-30",
    "acceptedDate": "2008-07-30 08:40:00",
    "calendarYear": "2008",
    "period": "Q2",
    "revenue": 343939000,
    "costOfRevenue": 152153000,
    "grossProfit": 191786000,
    "grossProfitRatio": 0.5576163215,
    "researchAndDevelopmentExpenses": 0,
    "generalAndAdministrativeExpenses": 137746000,
    "sellingAndMarketingExpenses": 0,
    "sellingGeneralAndAdministrativeExpenses": 137746000,
    "otherExpenses": 6465000,
    "operatingExpenses": 144211000,
    "costAndExpenses": 296364000,
    "interestIncome": 0,
    "interestExpense": 5338000,
    "depreciationAndAmortization": 6729000,
    "ebitda": 54304000,
    "ebitdaratio": 0.1578884628,
    "operatingIncome": 47575000,
    "operatingIncomeRatio": 0.138323947,
    "totalOtherIncomeExpensesNet": -5110000,
    "incomeBeforeTax": 42465000,
    "incomeBeforeTaxRatio": 0.1234666612,
    "incomeTaxExpense": 12337000,
    "netIncome": 29900000,
    "netIncomeRatio": 0.0869340203,
    "eps": 0.32,
    "epsdiluted": 0.3,
    "weightedAverageShsOut": 94845000,
    "weightedAverageShsOutDil": 98895000,
    "link": "https://www.sec.gov/Archives/edgar/data/749251/000095012308008504/0000950123-08-008504-index.htm",
    "finalLink": "https://www.sec.gov/Archives/edgar/data/749251/000095012308008504/y64152qe10vq.htm"
  },
  {
    "date": "2008-03-31",
    "symbol": "IT",
    "reportedCurrency": "USD",
    "cik": "0000749251",
    "fillingDate": "2008-05-08",
    "acceptedDate": "2008-05-08 08:27:21",
    "calendarYear": "2008",
    "period": "Q1",
    "revenue": 290099000,
    "costOfRevenue": 125960000,
    "grossProfit": 164139000,
    "grossProfitRatio": 0.5658033982,
    "researchAndDevelopmentExpenses": 0,
    "generalAndAdministrativeExpenses": 130886000,
    "sellingAndMarketingExpenses": 0,
    "sellingGeneralAndAdministrativeExpenses": 130886000,
    "otherExpenses": 6923000,
    "operatingExpenses": 137809000,
    "costAndExpenses": 263769000,
    "interestIncome": 0,
    "interestExpense": 4192000,
    "depreciationAndAmortization": 7107000,
    "ebitda": 33437000,
    "ebitdaratio": 0.1152606524,
    "operatingIncome": 26330000,
    "operatingIncomeRatio": 0.0907621191,
    "totalOtherIncomeExpensesNet": -4192000,
    "incomeBeforeTax": 22138000,
    "incomeBeforeTaxRatio": 0.0763118797,
    "incomeTaxExpense": 7545000,
    "netIncome": 14593000,
    "netIncomeRatio": 0.0503035171,
    "eps": 0.22,
    "epsdiluted": 0.21,
    "weightedAverageShsOut": 97790000,
    "weightedAverageShsOutDil": 101363000,
    "link": "https://www.sec.gov/Archives/edgar/data/749251/000095012308005299/0000950123-08-005299-index.htm",
    "finalLink": "https://www.sec.gov/Archives/edgar/data/749251/000095012308005299/y57560qe10vq.htm"
  },
  {
    "date": "2007-12-31",
    "symbol": "IT",
    "reportedCurrency": "USD",
    "cik": "0000749251",
    "fillingDate": "2008-02-28",
    "acceptedDate": "2008-02-28 15:28:55",
    "calendarYear": "2007",
    "period": "Q4",
    "revenue": 348391000,
    "costOfRevenue": 150140000,
    "grossProfit": 198251000,
    "grossProfitRatio": 0.5690474209,
    "researchAndDevelopmentExpenses": 0,
    "generalAndAdministrativeExpenses": 123495000,
    "sellingAndMarketingExpenses": 0,
    "sellingGeneralAndAdministrativeExpenses": 123495000,
    "otherExpenses": 6753000,
    "operatingExpenses": 130248000,
    "costAndExpenses": 280388000,
    "interestIncome": 0,
    "interestExpense": 4156000,
    "depreciationAndAmortization": 6960000,
    "ebitda": 74963000,
    "ebitdaratio": 0.2151691634,
    "operatingIncome": 68003000,
    "operatingIncomeRatio": 0.1951916094,
    "totalOtherIncomeExpensesNet": -4156000,
    "incomeBeforeTax": 63847000,
    "incomeBeforeTaxRatio": 0.1832624838,
    "incomeTaxExpense": 25028000,
    "netIncome": 38819000,
    "netIncomeRatio": 0.111423659,
    "eps": 0.4,
    "epsdiluted": 0.4,
    "weightedAverageShsOut": 97790000,
    "weightedAverageShsOutDil": 97790000,
    "link": "https://www.sec.gov/Archives/edgar/data/749251/000095012308002262/0000950123-08-002262-index.htm",
    "finalLink": "https://www.sec.gov/Archives/edgar/data/749251/000095012308002262/y46746e10vk.htm"
  },
  {
    "date": "2007-09-30",
    "symbol": "IT",
    "reportedCurrency": "USD",
    "cik": "0000749251",
    "fillingDate": "2007-10-30",
    "acceptedDate": "2007-10-30 08:33:13",
    "calendarYear": "2007",
    "period": "Q3",
    "revenue": 273119000,
    "costOfRevenue": 127211000,
    "grossProfit": 145908000,
    "grossProfitRatio": 0.5342286696,
    "researchAndDevelopmentExpenses": 0,
    "generalAndAdministrativeExpenses": 115564000,
    "sellingAndMarketingExpenses": 0,
    "sellingGeneralAndAdministrativeExpenses": 115564000,
    "otherExpenses": 6764000,
    "operatingExpenses": 122328000,
    "costAndExpenses": 249539000,
    "interestIncome": 0,
    "interestExpense": 4617000,
    "depreciationAndAmortization": 7006000,
    "ebitda": 30586000,
    "ebitdaratio": 0.1119878148,
    "operatingIncome": 23580000,
    "operatingIncomeRatio": 0.0863359927,
    "totalOtherIncomeExpensesNet": -4920000,
    "incomeBeforeTax": 18660000,
    "incomeBeforeTaxRatio": 0.068321867,
    "incomeTaxExpense": 6166000,
    "netIncome": 12494000,
    "netIncomeRatio": 0.0457456274,
    "eps": 0.12,
    "epsdiluted": 0.11,
    "weightedAverageShsOut": 104728000,
    "weightedAverageShsOutDil": 109197000,
    "link": "https://www.sec.gov/Archives/edgar/data/749251/000095012307014431/0000950123-07-014431-index.htm",
    "finalLink": "https://www.sec.gov/Archives/edgar/data/749251/000095012307014431/y41500e10vq.htm"
  },
  {
    "date": "2007-06-30",
    "symbol": "IT",
    "reportedCurrency": "USD",
    "cik": "0000749251",
    "fillingDate": "2007-07-31",
    "acceptedDate": "2007-07-31 13:30:14",
    "calendarYear": "2007",
    "period": "Q2",
    "revenue": 303491000,
    "costOfRevenue": 144211000,
    "grossProfit": 159280000,
    "grossProfitRatio": 0.5248261069,
    "researchAndDevelopmentExpenses": 0,
    "generalAndAdministrativeExpenses": 120523000,
    "sellingAndMarketingExpenses": 0,
    "sellingGeneralAndAdministrativeExpenses": 120523000,
    "otherExpenses": 15692000,
    "operatingExpenses": 136215000,
    "costAndExpenses": 280426000,
    "interestIncome": 0,
    "interestExpense": 3584000,
    "depreciationAndAmortization": 6829000,
    "ebitda": 29894000,
    "ebitdaratio": 0.0985004498,
    "operatingIncome": 23065000,
    "operatingIncomeRatio": 0.0759989588,
    "totalOtherIncomeExpensesNet": -3584000,
    "incomeBeforeTax": 19481000,
    "incomeBeforeTaxRatio": 0.0641897124,
    "incomeTaxExpense": 5433000,
    "netIncome": 14048000,
    "netIncomeRatio": 0.0462880283,
    "eps": 0.13,
    "epsdiluted": 0.13,
    "weightedAverageShsOut": 104259000,
    "weightedAverageShsOutDil": 109571000,
    "link": "https://www.sec.gov/Archives/edgar/data/749251/000095012307010520/0000950123-07-010520-index.htm",
    "finalLink": "https://www.sec.gov/Archives/edgar/data/749251/000095012307010520/y37498e10vq.htm"
  },
  {
    "date": "2007-03-31",
    "symbol": "IT",
    "reportedCurrency": "USD",
    "cik": "0000749251",
    "fillingDate": "2007-05-03",
    "acceptedDate": "2007-05-03 10:00:29",
    "calendarYear": "2007",
    "period": "Q1",
    "revenue": 264197000,
    "costOfRevenue": 123356000,
    "grossProfit": 140841000,
    "grossProfitRatio": 0.5330908375,
    "researchAndDevelopmentExpenses": 0,
    "generalAndAdministrativeExpenses": 115746000,
    "sellingAndMarketingExpenses": 0,
    "sellingGeneralAndAdministrativeExpenses": 115107000,
    "otherExpenses": 6264000,
    "operatingExpenses": 121371000,
    "costAndExpenses": 244727000,
    "interestIncome": 0,
    "interestExpense": 6301000,
    "depreciationAndAmortization": 6957000,
    "ebitda": 26427000,
    "ebitdaratio": 0.1000276309,
    "operatingIncome": 19470000,
    "operatingIncomeRatio": 0.0736950079,
    "totalOtherIncomeExpensesNet": -5305000,
    "incomeBeforeTax": 12173000,
    "incomeBeforeTaxRatio": 0.0460754664,
    "incomeTaxExpense": 3981000,
    "netIncome": 8192000,
    "netIncomeRatio": 0.0310071651,
    "eps": 0.08,
    "epsdiluted": 0.08,
    "weightedAverageShsOut": 103521000,
    "weightedAverageShsOutDil": 108263000,
    "link": "https://www.sec.gov/Archives/edgar/data/749251/000095012307006627/0000950123-07-006627-index.htm",
    "finalLink": "https://www.sec.gov/Archives/edgar/data/749251/000095012307006627/y34345e10vq.htm"
  },
  {
    "date": "2006-12-31",
    "symbol": "IT",
    "reportedCurrency": "USD",
    "cik": "0000749251",
    "fillingDate": "2007-03-01",
    "acceptedDate": "2007-03-01 15:46:17",
    "calendarYear": "2006",
    "period": "Q4",
    "revenue": 303939000,
    "costOfRevenue": 146439000,
    "grossProfit": 157500000,
    "grossProfitRatio": 0.5181960854,
    "researchAndDevelopmentExpenses": 0,
    "generalAndAdministrativeExpenses": 110112000,
    "sellingAndMarketingExpenses": 0,
    "sellingGeneralAndAdministrativeExpenses": 110112000,
    "otherExpenses": 6316000,
    "operatingExpenses": 116428000,
    "costAndExpenses": 262867000,
    "interestIncome": 0,
    "interestExpense": 3626000,
    "depreciationAndAmortization": 7337000,
    "ebitda": 46959000,
    "ebitdaratio": 0.1545013967,
    "operatingIncome": 41072000,
    "operatingIncomeRatio": 0.1351323785,
    "totalOtherIncomeExpensesNet": -3626000,
    "incomeBeforeTax": 37446000,
    "incomeBeforeTaxRatio": 0.1232023531,
    "incomeTaxExpense": 14876000,
    "netIncome": 22570000,
    "netIncomeRatio": 0.0742583216,
    "eps": 0.22,
    "epsdiluted": 0.22,
    "weightedAverageShsOut": 103521000,
    "weightedAverageShsOutDil": 103521000,
    "link": "https://www.sec.gov/Archives/edgar/data/749251/000095012307003019/0000950123-07-003019-index.htm",
    "finalLink": "https://www.sec.gov/Archives/edgar/data/749251/000095012307003019/y30787e10vk.htm"
  },
  {
    "date": "2006-09-30",
    "symbol": "IT",
    "reportedCurrency": "USD",
    "cik": "0000749251",
    "fillingDate": "2006-10-31",
    "acceptedDate": "2006-10-31 09:46:24",
    "calendarYear": "2006",
    "period": "Q3",
    "revenue": 241360000,
    "costOfRevenue": 116259000,
    "grossProfit": 125101000,
    "grossProfitRatio": 0.5183170368,
    "researchAndDevelopmentExpenses": 0,
    "generalAndAdministrativeExpenses": 99814000,
    "sellingAndMarketingExpenses": 0,
    "sellingGeneralAndAdministrativeExpenses": 99814000,
    "otherExpenses": 9324000,
    "operatingExpenses": 109138000,
    "costAndExpenses": 225397000,
    "interestIncome": 0,
    "interestExpense": 4930000,
    "depreciationAndAmortization": 9527000,
    "ebitda": 25490000,
    "ebitdaratio": 0.1056098774,
    "operatingIncome": 15963000,
    "operatingIncomeRatio": 0.0661377196,
    "totalOtherIncomeExpensesNet": -4389000,
    "incomeBeforeTax": 11574000,
    "incomeBeforeTaxRatio": 0.0479532648,
    "incomeTaxExpense": 1966000,
    "netIncome": 9608000,
    "netIncomeRatio": 0.039807756,
    "eps": 0.08,
    "epsdiluted": 0.08,
    "weightedAverageShsOut": 113523000,
    "weightedAverageShsOutDil": 116255000,
    "link": "https://www.sec.gov/Archives/edgar/data/749251/000095012306013246/0000950123-06-013246-index.htm",
    "finalLink": "https://www.sec.gov/Archives/edgar/data/749251/000095012306013246/y26389e10vq.htm"
  },
  {
    "date": "2006-06-30",
    "symbol": "IT",
    "reportedCurrency": "USD",
    "cik": "0000749251",
    "fillingDate": "2006-08-01",
    "acceptedDate": "2006-08-01 08:51:54",
    "calendarYear": "2006",
    "period": "Q2",
    "revenue": 284093000,
    "costOfRevenue": 137283000,
    "grossProfit": 146810000,
    "grossProfitRatio": 0.5167673966,
    "researchAndDevelopmentExpenses": 0,
    "generalAndAdministrativeExpenses": 106701000,
    "sellingAndMarketingExpenses": 0,
    "sellingGeneralAndAdministrativeExpenses": 106701000,
    "otherExpenses": 9514000,
    "operatingExpenses": 116215000,
    "costAndExpenses": 253498000,
    "interestIncome": 0,
    "interestExpense": 4306000,
    "depreciationAndAmortization": 9716000,
    "ebitda": 40311000,
    "ebitdaratio": 0.1418936757,
    "operatingIncome": 30595000,
    "operatingIncomeRatio": 0.1076936074,
    "totalOtherIncomeExpensesNet": -4306000,
    "incomeBeforeTax": 26289000,
    "incomeBeforeTaxRatio": 0.0925365989,
    "incomeTaxExpense": 8045000,
    "netIncome": 18244000,
    "netIncomeRatio": 0.0642184074,
    "eps": 0.16,
    "epsdiluted": 0.16,
    "weightedAverageShsOut": 113525000,
    "weightedAverageShsOutDil": 115743000,
    "link": "https://www.sec.gov/Archives/edgar/data/749251/000095012306009689/0000950123-06-009689-index.htm",
    "finalLink": "https://www.sec.gov/Archives/edgar/data/749251/000095012306009689/y23293e10vq.htm"
  },
  {
    "date": "2006-03-31",
    "symbol": "IT",
    "reportedCurrency": "USD",
    "cik": "0000749251",
    "fillingDate": "2006-05-03",
    "acceptedDate": "2006-05-03 10:55:11",
    "calendarYear": "2006",
    "period": "Q1",
    "revenue": 230929000,
    "costOfRevenue": 105349000,
    "grossProfit": 125580000,
    "grossProfitRatio": 0.5438035067,
    "researchAndDevelopmentExpenses": 0,
    "generalAndAdministrativeExpenses": 99467000,
    "sellingAndMarketingExpenses": 0,
    "sellingGeneralAndAdministrativeExpenses": 99467000,
    "otherExpenses": 10493000,
    "operatingExpenses": 109960000,
    "costAndExpenses": 215309000,
    "interestIncome": 0,
    "interestExpense": 5057000,
    "depreciationAndAmortization": 9244000,
    "ebitda": 24864000,
    "ebitdaratio": 0.1076694568,
    "operatingIncome": 15620000,
    "operatingIncomeRatio": 0.0676398374,
    "totalOtherIncomeExpensesNet": -5057000,
    "incomeBeforeTax": 10563000,
    "incomeBeforeTaxRatio": 0.0457413318,
    "incomeTaxExpense": 2793000,
    "netIncome": 7770000,
    "netIncomeRatio": 0.0336467053,
    "eps": 0.07,
    "epsdiluted": 0.07,
    "weightedAverageShsOut": 113769000,
    "weightedAverageShsOutDil": 115798000,
    "link": "https://www.sec.gov/Archives/edgar/data/749251/000095012306005636/0000950123-06-005636-index.htm",
    "finalLink": "https://www.sec.gov/Archives/edgar/data/749251/000095012306005636/y20431e10vq.htm"
  },
  {
    "date": "2005-12-31",
    "symbol": "IT",
    "reportedCurrency": "USD",
    "cik": "0000749251",
    "fillingDate": "2006-03-13",
    "acceptedDate": "2006-03-13 14:20:30",
    "calendarYear": "2005",
    "period": "Q4",
    "revenue": 289300000,
    "costOfRevenue": 138712000,
    "grossProfit": 150588000,
    "grossProfitRatio": 0.5205254062,
    "researchAndDevelopmentExpenses": 0,
    "generalAndAdministrativeExpenses": 80169000,
    "sellingAndMarketingExpenses": 0,
    "sellingGeneralAndAdministrativeExpenses": 80169000,
    "otherExpenses": 40677000,
    "operatingExpenses": 120846000,
    "costAndExpenses": 259558000,
    "interestIncome": 0,
    "interestExpense": 4189000,
    "depreciationAndAmortization": 10359000,
    "ebitda": 40101000,
    "ebitdaratio": 0.1386138956,
    "operatingIncome": 29742000,
    "operatingIncomeRatio": 0.102806775,
    "totalOtherIncomeExpensesNet": -4189000,
    "incomeBeforeTax": 25553000,
    "incomeBeforeTaxRatio": 0.0883269962,
    "incomeTaxExpense": 10743000,
    "netIncome": 14810000,
    "netIncomeRatio": 0.0511925337,
    "eps": 0.13,
    "epsdiluted": 0.13,
    "weightedAverageShsOut": 113267000,
    "weightedAverageShsOutDil": 113769000,
    "link": "https://www.sec.gov/Archives/edgar/data/749251/000095012306003019/0000950123-06-003019-index.htm",
    "finalLink": "https://www.sec.gov/Archives/edgar/data/749251/000095012306003019/y18453e10vk.htm"
  },
  {
    "date": "2005-09-30",
    "symbol": "IT",
    "reportedCurrency": "USD",
    "cik": "0000749251",
    "fillingDate": "2005-11-09",
    "acceptedDate": "2005-11-09 11:40:04",
    "calendarYear": "2005",
    "period": "Q3",
    "revenue": 225311000,
    "costOfRevenue": 112104000,
    "grossProfit": 113207000,
    "grossProfitRatio": 0.5024477278,
    "researchAndDevelopmentExpenses": 0,
    "generalAndAdministrativeExpenses": 100310000,
    "sellingAndMarketingExpenses": 0,
    "sellingGeneralAndAdministrativeExpenses": 100310000,
    "otherExpenses": 11711000,
    "operatingExpenses": 112021000,
    "costAndExpenses": 224125000,
    "interestIncome": 0,
    "interestExpense": 3259000,
    "depreciationAndAmortization": 10893000,
    "ebitda": 12079000,
    "ebitdaratio": 0.053610343,
    "operatingIncome": 1186000,
    "operatingIncomeRatio": 0.0052638353,
    "totalOtherIncomeExpensesNet": -3259000,
    "incomeBeforeTax": -2073000,
    "incomeBeforeTaxRatio": -0.009200616,
    "incomeTaxExpense": -352000,
    "netIncome": -1721000,
    "netIncomeRatio": -0.007638331,
    "eps": -0.0153,
    "epsdiluted": -0.0153,
    "weightedAverageShsOut": 112542000,
    "weightedAverageShsOutDil": 112542000,
    "link": "https://www.sec.gov/Archives/edgar/data/749251/000095012305013338/0000950123-05-013338-index.htm",
    "finalLink": "https://www.sec.gov/Archives/edgar/data/749251/000095012305013338/y14479e10vq.htm"
  },
  {
    "date": "2005-06-30",
    "symbol": "IT",
    "reportedCurrency": "USD",
    "cik": "0000749251",
    "fillingDate": "2005-08-09",
    "acceptedDate": "2005-08-09 15:32:27",
    "calendarYear": "2005",
    "period": "Q2",
    "revenue": 274569000,
    "costOfRevenue": 140517000,
    "grossProfit": 134052000,
    "grossProfitRatio": 0.488227003,
    "researchAndDevelopmentExpenses": 0,
    "generalAndAdministrativeExpenses": 102727000,
    "sellingAndMarketingExpenses": 0,
    "sellingGeneralAndAdministrativeExpenses": 102727000,
    "otherExpenses": 26187000,
    "operatingExpenses": 128914000,
    "costAndExpenses": 269431000,
    "interestIncome": 0,
    "interestExpense": 5639000,
    "depreciationAndAmortization": 9571000,
    "ebitda": 14931000,
    "ebitdaratio": 0.0543797734,
    "operatingIncome": 5138000,
    "operatingIncomeRatio": 0.0187129647,
    "totalOtherIncomeExpensesNet": -5639000,
    "incomeBeforeTax": -501000,
    "incomeBeforeTaxRatio": -0.0018246779,
    "incomeTaxExpense": 318000,
    "netIncome": -819000,
    "netIncomeRatio": -0.0029828568,
    "eps": -0.0073,
    "epsdiluted": -0.0073,
    "weightedAverageShsOut": 111880000,
    "weightedAverageShsOutDil": 111880000,
    "link": "https://www.sec.gov/Archives/edgar/data/749251/000095012305009644/0000950123-05-009644-index.htm",
    "finalLink": "https://www.sec.gov/Archives/edgar/data/749251/000095012305009644/y11442e10vq.htm"
  },
  {
    "date": "2005-03-31",
    "symbol": "IT",
    "reportedCurrency": "USD",
    "cik": "0000749251",
    "fillingDate": "2005-05-10",
    "acceptedDate": "2005-05-10 17:20:02",
    "calendarYear": "2005",
    "period": "Q1",
    "revenue": 199824000,
    "costOfRevenue": 95278000,
    "grossProfit": 104546000,
    "grossProfitRatio": 0.5231904076,
    "researchAndDevelopmentExpenses": 0,
    "generalAndAdministrativeExpenses": 91546000,
    "sellingAndMarketingExpenses": 0,
    "sellingGeneralAndAdministrativeExpenses": 91546000,
    "otherExpenses": 23786000,
    "operatingExpenses": 115332000,
    "costAndExpenses": 210610000,
    "interestIncome": 0,
    "interestExpense": 6755000,
    "depreciationAndAmortization": 6329000,
    "ebitda": -4457000,
    "ebitdaratio": -0.0223046281,
    "operatingIncome": -10786000,
    "operatingIncomeRatio": -0.0539775002,
    "totalOtherIncomeExpensesNet": -6755000,
    "incomeBeforeTax": -17541000,
    "incomeBeforeTaxRatio": -0.0877822484,
    "incomeTaxExpense": -2834000,
    "netIncome": -14707000,
    "netIncomeRatio": -0.0735997678,
    "eps": -0.13,
    "epsdiluted": -0.13,
    "weightedAverageShsOut": 111324000,
    "weightedAverageShsOutDil": 111324000,
    "link": "https://www.sec.gov/Archives/edgar/data/749251/000095012305006055/0000950123-05-006055-index.htm",
    "finalLink": "https://www.sec.gov/Archives/edgar/data/749251/000095012305006055/y08943e10vq.htm"
  },
  {
    "date": "2004-12-31",
    "symbol": "IT",
    "reportedCurrency": "USD",
    "cik": "0000749251",
    "fillingDate": "2005-03-16",
    "acceptedDate": "2005-03-16 16:39:36",
    "calendarYear": "2004",
    "period": "Q4",
    "revenue": 255409000,
    "costOfRevenue": 124441000,
    "grossProfit": 130968000,
    "grossProfitRatio": 0.512777545,
    "researchAndDevelopmentExpenses": 0,
    "generalAndAdministrativeExpenses": 110105000,
    "sellingAndMarketingExpenses": 0,
    "sellingGeneralAndAdministrativeExpenses": 110105000,
    "otherExpenses": 5638000,
    "operatingExpenses": 115743000,
    "costAndExpenses": 240184000,
    "interestIncome": 0,
    "interestExpense": 2440000,
    "depreciationAndAmortization": 5638000,
    "ebitda": 20863000,
    "ebitdaratio": 0.0816846705,
    "operatingIncome": 15225000,
    "operatingIncomeRatio": 0.0596102722,
    "totalOtherIncomeExpensesNet": -2440000,
    "incomeBeforeTax": 12785000,
    "incomeBeforeTaxRatio": 0.0500569675,
    "incomeTaxExpense": 7548000,
    "netIncome": 5237000,
    "netIncomeRatio": 0.0205043675,
    "eps": 0.047,
    "epsdiluted": 0.047,
    "weightedAverageShsOut": 110280000,
    "weightedAverageShsOutDil": 111324000,
    "link": "https://www.sec.gov/Archives/edgar/data/749251/000095012305003248/0000950123-05-003248-index.htm",
    "finalLink": "https://www.sec.gov/Archives/edgar/data/749251/000095012305003248/y06583e10vk.htm"
  },
  {
    "date": "2004-09-30",
    "symbol": "IT",
    "reportedCurrency": "USD",
    "cik": "0000749251",
    "fillingDate": "2004-11-08",
    "acceptedDate": "2004-11-08 17:13:20",
    "calendarYear": "2004",
    "period": "Q3",
    "revenue": 201888000,
    "costOfRevenue": 100196000,
    "grossProfit": 101692000,
    "grossProfitRatio": 0.5037050246,
    "researchAndDevelopmentExpenses": 0,
    "generalAndAdministrativeExpenses": 89423000,
    "sellingAndMarketingExpenses": 0,
    "sellingGeneralAndAdministrativeExpenses": 89423000,
    "otherExpenses": 6792000,
    "operatingExpenses": 96215000,
    "costAndExpenses": 196411000,
    "interestIncome": 0,
    "interestExpense": 2975000,
    "depreciationAndAmortization": 6797000,
    "ebitda": 12274000,
    "ebitdaratio": 0.060796085,
    "operatingIncome": 5477000,
    "operatingIncomeRatio": 0.0271289032,
    "totalOtherIncomeExpensesNet": -2975000,
    "incomeBeforeTax": 2502000,
    "incomeBeforeTaxRatio": 0.01239301,
    "incomeTaxExpense": 2342000,
    "netIncome": 160000,
    "netIncomeRatio": 0.0007925186,
    "eps": 0.0013,
    "epsdiluted": 0.0013,
    "weightedAverageShsOut": 121767000,
    "weightedAverageShsOutDil": 124318000,
    "link": "https://www.sec.gov/Archives/edgar/data/749251/000095012304013195/0000950123-04-013195-index.htm",
    "finalLink": "https://www.sec.gov/Archives/edgar/data/749251/000095012304013195/y68446e10vq.txt"
  },
  {
    "date": "2004-06-30",
    "symbol": "IT",
    "reportedCurrency": "USD",
    "cik": "0000749251",
    "fillingDate": "2004-08-03",
    "acceptedDate": "2004-08-03 08:31:08",
    "calendarYear": "2004",
    "period": "Q2",
    "revenue": 227857000,
    "costOfRevenue": 114386000,
    "grossProfit": 113471000,
    "grossProfitRatio": 0.4979921618,
    "researchAndDevelopmentExpenses": 0,
    "generalAndAdministrativeExpenses": 81588000,
    "sellingAndMarketingExpenses": 0,
    "sellingGeneralAndAdministrativeExpenses": 81588000,
    "otherExpenses": 16097000,
    "operatingExpenses": 97685000,
    "costAndExpenses": 212071000,
    "interestIncome": 0,
    "interestExpense": 0,
    "depreciationAndAmortization": 7034000,
    "ebitda": 22820000,
    "ebitdaratio": 0.100150533,
    "operatingIncome": 15786000,
    "operatingIncomeRatio": 0.0692802942,
    "totalOtherIncomeExpensesNet": 66000,
    "incomeBeforeTax": 15852000,
    "incomeBeforeTaxRatio": 0.0695699496,
    "incomeTaxExpense": 4824000,
    "netIncome": 11028000,
    "netIncomeRatio": 0.0483987764,
    "eps": 0.08,
    "epsdiluted": 0.08,
    "weightedAverageShsOut": 132129000,
    "weightedAverageShsOutDil": 135335000,
    "link": "https://www.sec.gov/Archives/edgar/data/749251/000095012304009147/0000950123-04-009147-index.htm",
    "finalLink": "https://www.sec.gov/Archives/edgar/data/749251/000095012304009147/y99641e10vq.txt"
  },
  {
    "date": "2004-03-31",
    "symbol": "IT",
    "reportedCurrency": "USD",
    "cik": "0000749251",
    "fillingDate": "2004-05-04",
    "acceptedDate": "2004-05-04 16:53:32",
    "calendarYear": "2004",
    "period": "Q1",
    "revenue": 208667000,
    "costOfRevenue": 95476000,
    "grossProfit": 113191000,
    "grossProfitRatio": 0.5424480153,
    "researchAndDevelopmentExpenses": 0,
    "generalAndAdministrativeExpenses": 87634000,
    "sellingAndMarketingExpenses": 0,
    "sellingGeneralAndAdministrativeExpenses": 87634000,
    "otherExpenses": 19386000,
    "operatingExpenses": 107020000,
    "costAndExpenses": 202496000,
    "interestIncome": 0,
    "interestExpense": 2848000,
    "depreciationAndAmortization": 8873000,
    "ebitda": 15044000,
    "ebitdaratio": 0.0720957315,
    "operatingIncome": 6171000,
    "operatingIncomeRatio": 0.0295734352,
    "totalOtherIncomeExpensesNet": -2848000,
    "incomeBeforeTax": 3323000,
    "incomeBeforeTaxRatio": 0.0159248947,
    "incomeTaxExpense": 2859000,
    "netIncome": 464000,
    "netIncomeRatio": 0.0022236386,
    "eps": 0.0036,
    "epsdiluted": 0.0035,
    "weightedAverageShsOut": 130311000,
    "weightedAverageShsOutDil": 133180000,
    "link": "https://www.sec.gov/Archives/edgar/data/749251/000095012304005693/0000950123-04-005693-index.htm",
    "finalLink": "https://www.sec.gov/Archives/edgar/data/749251/000095012304005693/y96971e10vq.txt"
  },
  {
    "date": "2003-12-31",
    "symbol": "IT",
    "reportedCurrency": "USD",
    "cik": "0000749251",
    "fillingDate": "2004-03-12",
    "acceptedDate": "2004-03-12 16:23:50",
    "calendarYear": "2003",
    "period": "Q4",
    "revenue": 243942000,
    "costOfRevenue": 110515000,
    "grossProfit": 133427000,
    "grossProfitRatio": 0.5469619828,
    "researchAndDevelopmentExpenses": 0,
    "generalAndAdministrativeExpenses": 0,
    "sellingAndMarketingExpenses": 0,
    "sellingGeneralAndAdministrativeExpenses": 89880000,
    "otherExpenses": 32712000,
    "operatingExpenses": 122592000,
    "costAndExpenses": 233107000,
    "interestIncome": 0,
    "interestExpense": 949000,
    "depreciationAndAmortization": 8422000,
    "ebitda": 19257000,
    "ebitdaratio": 0.0789408958,
    "operatingIncome": 10835000,
    "operatingIncomeRatio": 0.0444162957,
    "totalOtherIncomeExpensesNet": -949000,
    "incomeBeforeTax": 9886000,
    "incomeBeforeTaxRatio": 0.0405260267,
    "incomeTaxExpense": 3009000,
    "netIncome": 6877000,
    "netIncomeRatio": 0.0281911274,
    "eps": 0.0881,
    "epsdiluted": 0.0881,
    "weightedAverageShsOut": 78026000,
    "weightedAverageShsOutDil": 78026000,
    "link": "https://www.sec.gov/Archives/edgar/data/749251/000114544304000310/0001145443-04-000310-index.htm",
    "finalLink": "https://www.sec.gov/Archives/edgar/data/749251/000114544304000310/d13921.txt"
  },
  {
    "date": "2003-09-30",
    "symbol": "IT",
    "reportedCurrency": "USD",
    "cik": "0000749251",
    "fillingDate": "2003-11-14",
    "acceptedDate": "2003-11-14 09:52:15",
    "calendarYear": "2003",
    "period": "Q3",
    "revenue": 196904000,
    "costOfRevenue": 94378000,
    "grossProfit": 102526000,
    "grossProfitRatio": 0.5206902856,
    "researchAndDevelopmentExpenses": 0,
    "generalAndAdministrativeExpenses": 0,
    "sellingAndMarketingExpenses": 0,
    "sellingGeneralAndAdministrativeExpenses": 79169000,
    "otherExpenses": 9366000,
    "operatingExpenses": 88535000,
    "costAndExpenses": 182913000,
    "interestIncome": 0,
    "interestExpense": 5820000,
    "depreciationAndAmortization": 9366000,
    "ebitda": 23357000,
    "ebitdaratio": 0.1186212571,
    "operatingIncome": 13991000,
    "operatingIncomeRatio": 0.0710549303,
    "totalOtherIncomeExpensesNet": -5820000,
    "incomeBeforeTax": 8171000,
    "incomeBeforeTaxRatio": 0.0414973794,
    "incomeTaxExpense": 2697000,
    "netIncome": 5474000,
    "netIncomeRatio": 0.0278003494,
    "eps": 0.07,
    "epsdiluted": 0.07,
    "weightedAverageShsOut": 78026000,
    "weightedAverageShsOutDil": 128934000,
    "link": "https://www.sec.gov/Archives/edgar/data/749251/000095012303012707/0000950123-03-012707-index.htm",
    "finalLink": "https://www.sec.gov/Archives/edgar/data/749251/000095012303012707/y91529e10vq.txt"
  },
  {
    "date": "2003-06-30",
    "symbol": "IT",
    "reportedCurrency": "USD",
    "cik": "0000749251",
    "fillingDate": "2003-08-14",
    "acceptedDate": "2003-08-14 14:58:15",
    "calendarYear": "2003",
    "period": "Q2",
    "revenue": 213318000,
    "costOfRevenue": 103440000,
    "grossProfit": 109878000,
    "grossProfitRatio": 0.5150901471,
    "researchAndDevelopmentExpenses": 0,
    "generalAndAdministrativeExpenses": 0,
    "sellingAndMarketingExpenses": 0,
    "sellingGeneralAndAdministrativeExpenses": 80730000,
    "otherExpenses": 9302000,
    "operatingExpenses": 90032000,
    "costAndExpenses": 193472000,
    "interestIncome": 0,
    "interestExpense": 90000,
    "depreciationAndAmortization": 9302000,
    "ebitda": 29148000,
    "ebitdaratio": 0.1366410711,
    "operatingIncome": 19846000,
    "operatingIncomeRatio": 0.0930348119,
    "totalOtherIncomeExpensesNet": -90000,
    "incomeBeforeTax": 19756000,
    "incomeBeforeTaxRatio": 0.0926129066,
    "incomeTaxExpense": 6902000,
    "netIncome": 12854000,
    "netIncomeRatio": 0.060257456,
    "eps": 0.16,
    "epsdiluted": 0.13,
    "weightedAverageShsOut": 79234000,
    "weightedAverageShsOutDil": 127959000,
    "link": "https://www.sec.gov/Archives/edgar/data/749251/000095012303009476/0000950123-03-009476-index.htm",
    "finalLink": "https://www.sec.gov/Archives/edgar/data/749251/000095012303009476/y89241e10vq.txt"
  },
  {
    "date": "2003-03-31",
    "symbol": "IT",
    "reportedCurrency": "USD",
    "cik": "0000749251",
    "fillingDate": "2003-05-15",
    "acceptedDate": "2003-05-15 10:40:47",
    "calendarYear": "2003",
    "period": "Q1",
    "revenue": 204282000,
    "costOfRevenue": 102333000,
    "grossProfit": 101949000,
    "grossProfitRatio": 0.4990601228,
    "researchAndDevelopmentExpenses": 0,
    "generalAndAdministrativeExpenses": 0,
    "sellingAndMarketingExpenses": 0,
    "sellingGeneralAndAdministrativeExpenses": 83504000,
    "otherExpenses": 15656000,
    "operatingExpenses": 99160000,
    "costAndExpenses": 201493000,
    "interestIncome": 0,
    "interestExpense": 5046000,
    "depreciationAndAmortization": 10230000,
    "ebitda": 13019000,
    "ebitdaratio": 0.0637305294,
    "operatingIncome": 2789000,
    "operatingIncomeRatio": 0.0136526958,
    "totalOtherIncomeExpensesNet": -5046000,
    "incomeBeforeTax": -2257000,
    "incomeBeforeTaxRatio": -0.0110484526,
    "incomeTaxExpense": -745000,
    "netIncome": -1512000,
    "netIncomeRatio": -0.0074015332,
    "eps": -0.0188,
    "epsdiluted": -0.0188,
    "weightedAverageShsOut": 80492000,
    "weightedAverageShsOutDil": 80492000,
    "link": "https://www.sec.gov/Archives/edgar/data/749251/000095012303006023/0000950123-03-006023-index.htm",
    "finalLink": "https://www.sec.gov/Archives/edgar/data/749251/000095012303006023/y86589e10vq.txt"
  },
  {
    "date": "2002-12-31",
    "symbol": "IT",
    "reportedCurrency": "USD",
    "cik": "0000749251",
    "fillingDate": "2002-12-31",
    "acceptedDate": "2002-12-31 00:00:00",
    "calendarYear": "2002",
    "period": "Q4",
    "revenue": 229814000,
    "costOfRevenue": 108600000,
    "grossProfit": 121214000,
    "grossProfitRatio": 0.5274439329,
    "researchAndDevelopmentExpenses": 0,
    "generalAndAdministrativeExpenses": 0,
    "sellingAndMarketingExpenses": 0,
    "sellingGeneralAndAdministrativeExpenses": 90306000,
    "otherExpenses": 43794000,
    "operatingExpenses": 134100000,
    "costAndExpenses": 242700000,
    "interestIncome": 0,
    "interestExpense": 7136000,
    "depreciationAndAmortization": 17362000,
    "ebitda": 4476000,
    "ebitdaratio": 0.0194766202,
    "operatingIncome": -12886000,
    "operatingIncomeRatio": -0.0560714317,
    "totalOtherIncomeExpensesNet": -7136000,
    "incomeBeforeTax": -20022000,
    "incomeBeforeTaxRatio": -0.0871226296,
    "incomeTaxExpense": -5604000,
    "netIncome": -14418000,
    "netIncomeRatio": -0.0627376922,
    "eps": -0.18,
    "epsdiluted": -0.18,
    "weightedAverageShsOut": 81379000,
    "weightedAverageShsOutDil": 81379000,
    "link": null,
    "finalLink": null
  },
  {
    "date": "2002-09-30",
    "symbol": "IT",
    "reportedCurrency": "USD",
    "cik": "0000749251",
    "fillingDate": "2002-12-27",
    "acceptedDate": "2002-12-27 10:58:22",
    "calendarYear": "2002",
    "period": "Q3",
    "revenue": 220527000,
    "costOfRevenue": 93503000,
    "grossProfit": 127024000,
    "grossProfitRatio": 0.5760020315,
    "researchAndDevelopmentExpenses": 0,
    "generalAndAdministrativeExpenses": 0,
    "sellingAndMarketingExpenses": 0,
    "sellingGeneralAndAdministrativeExpenses": 85745000,
    "otherExpenses": 12158000,
    "operatingExpenses": 97903000,
    "costAndExpenses": 191406000,
    "interestIncome": 0,
    "interestExpense": 5491000,
    "depreciationAndAmortization": 12158000,
    "ebitda": 41279000,
    "ebitdaratio": 0.1871834288,
    "operatingIncome": 29121000,
    "operatingIncomeRatio": 0.1320518576,
    "totalOtherIncomeExpensesNet": -5491000,
    "incomeBeforeTax": 23630000,
    "incomeBeforeTaxRatio": 0.1071524122,
    "incomeTaxExpense": 8034000,
    "netIncome": 15596000,
    "netIncomeRatio": 0.070721499,
    "eps": 0.19,
    "epsdiluted": 0.19,
    "weightedAverageShsOut": 82128000,
    "weightedAverageShsOutDil": 83719000,
    "link": "https://www.sec.gov/Archives/edgar/data/749251/000095012302012279/0000950123-02-012279-index.htm",
    "finalLink": "https://www.sec.gov/Archives/edgar/data/749251/000095012302012279/y67368e10vk.txt"
  },
  {
    "date": "2002-06-30",
    "symbol": "IT",
    "reportedCurrency": "USD",
    "cik": "0000749251",
    "fillingDate": "2002-08-09",
    "acceptedDate": "2002-08-09 15:26:46",
    "calendarYear": "2002",
    "period": "Q2",
    "revenue": 236157000,
    "costOfRevenue": 106045000,
    "grossProfit": 130112000,
    "grossProfitRatio": 0.5509555084,
    "researchAndDevelopmentExpenses": 0,
    "generalAndAdministrativeExpenses": 0,
    "sellingAndMarketingExpenses": 0,
    "sellingGeneralAndAdministrativeExpenses": 84412000,
    "otherExpenses": 11022000,
    "operatingExpenses": 95434000,
    "costAndExpenses": 201479000,
    "interestIncome": 0,
    "interestExpense": 5953000,
    "depreciationAndAmortization": 11022000,
    "ebitda": 45700000,
    "ebitdaratio": 0.1935153309,
    "operatingIncome": 34678000,
    "operatingIncomeRatio": 0.14684299,
    "totalOtherIncomeExpensesNet": -7362000,
    "incomeBeforeTax": 27316000,
    "incomeBeforeTaxRatio": 0.1156688135,
    "incomeTaxExpense": 9061000,
    "netIncome": 18255000,
    "netIncomeRatio": 0.0773002706,
    "eps": 0.22,
    "epsdiluted": 0.16,
    "weightedAverageShsOut": 83719000,
    "weightedAverageShsOutDil": 132299000,
    "link": "https://www.sec.gov/Archives/edgar/data/749251/000115752302000740/0001157523-02-000740-index.htm",
    "finalLink": "https://www.sec.gov/Archives/edgar/data/749251/000115752302000740/a4231362.txt"
  },
  {
    "date": "2002-03-31",
    "symbol": "IT",
    "reportedCurrency": "USD",
    "cik": "0000749251",
    "fillingDate": "2002-05-14",
    "acceptedDate": "2002-05-14 08:28:44",
    "calendarYear": "2002",
    "period": "Q1",
    "revenue": 197728000,
    "costOfRevenue": 88341000,
    "grossProfit": 109387000,
    "grossProfitRatio": 0.5532195744,
    "researchAndDevelopmentExpenses": 0,
    "generalAndAdministrativeExpenses": 0,
    "sellingAndMarketingExpenses": 0,
    "sellingGeneralAndAdministrativeExpenses": 86032000,
    "otherExpenses": 10847000,
    "operatingExpenses": 96879000,
    "costAndExpenses": 185220000,
    "interestIncome": 0,
    "interestExpense": 19148000,
    "depreciationAndAmortization": 10847000,
    "ebitda": 23355000,
    "ebitdaratio": 0.1181168069,
    "operatingIncome": 12508000,
    "operatingIncomeRatio": 0.0632586179,
    "totalOtherIncomeExpensesNet": -19148000,
    "incomeBeforeTax": -6640000,
    "incomeBeforeTaxRatio": -0.0335814857,
    "incomeTaxExpense": -2324000,
    "netIncome": -4316000,
    "netIncomeRatio": -0.0218279657,
    "eps": -0.051,
    "epsdiluted": -0.051,
    "weightedAverageShsOut": 84613000,
    "weightedAverageShsOutDil": 84613000,
    "link": "https://www.sec.gov/Archives/edgar/data/749251/000095012302005061/0000950123-02-005061-index.htm",
    "finalLink": "https://www.sec.gov/Archives/edgar/data/749251/000095012302005061/y60696e10-q.txt"
  },
  {
    "date": "2001-12-31",
    "symbol": "IT",
    "reportedCurrency": "USD",
    "cik": "0000749251",
    "fillingDate": "2002-02-13",
    "acceptedDate": "2002-02-13 00:00:00",
    "calendarYear": "2001",
    "period": "Q4",
    "revenue": 247206000,
    "costOfRevenue": 113640000,
    "grossProfit": 133566000,
    "grossProfitRatio": 0.5403024198,
    "researchAndDevelopmentExpenses": 0,
    "generalAndAdministrativeExpenses": 0,
    "sellingAndMarketingExpenses": 0,
    "sellingGeneralAndAdministrativeExpenses": 89193000,
    "otherExpenses": 10426000,
    "operatingExpenses": 99619000,
    "costAndExpenses": 213259000,
    "interestIncome": 0,
    "interestExpense": 4650000,
    "depreciationAndAmortization": 10426000,
    "ebitda": 44373000,
    "ebitdaratio": 0.1794980704,
    "operatingIncome": 33947000,
    "operatingIncomeRatio": 0.1373227187,
    "totalOtherIncomeExpensesNet": -4650000,
    "incomeBeforeTax": 29297000,
    "incomeBeforeTaxRatio": 0.1185124957,
    "incomeTaxExpense": 10254000,
    "netIncome": 19043000,
    "netIncomeRatio": 0.0770329199,
    "eps": 0.23,
    "epsdiluted": 0.17,
    "weightedAverageShsOut": 83883000,
    "weightedAverageShsOutDil": 84248000,
    "link": "https://www.sec.gov/Archives/edgar/data/749251/000095012302001452/0000950123-02-001452-index.htm",
    "finalLink": "https://www.sec.gov/Archives/edgar/data/749251/000095012302001452/y57529e10-q.htm"
  },
  {
    "date": "2001-09-30",
    "symbol": "IT",
    "reportedCurrency": "USD",
    "cik": "0000749251",
    "fillingDate": "2001-12-28",
    "acceptedDate": "2001-12-28 00:00:00",
    "calendarYear": "2001",
    "period": "Q3",
    "revenue": 224105000,
    "costOfRevenue": 94960000,
    "grossProfit": 129145000,
    "grossProfitRatio": 0.576270052,
    "researchAndDevelopmentExpenses": 0,
    "generalAndAdministrativeExpenses": 91308000,
    "sellingAndMarketingExpenses": 0,
    "sellingGeneralAndAdministrativeExpenses": 91308000,
    "otherExpenses": 30066000,
    "operatingExpenses": 121374000,
    "costAndExpenses": 216334000,
    "interestIncome": 0,
    "interestExpense": 22286000,
    "depreciationAndAmortization": 14587000,
    "ebitda": 22358000,
    "ebitdaratio": 0.0997657348,
    "operatingIncome": 7771000,
    "operatingIncomeRatio": 0.03467571,
    "totalOtherIncomeExpensesNet": -22286000,
    "incomeBeforeTax": -14515000,
    "incomeBeforeTaxRatio": -0.0647687468,
    "incomeTaxExpense": -8199000,
    "netIncome": -8066000,
    "netIncomeRatio": -0.0359920573,
    "eps": -0.0962,
    "epsdiluted": -0.0962,
    "weightedAverageShsOut": 83883000,
    "weightedAverageShsOutDil": 83883000,
    "link": "https://www.sec.gov/Archives/edgar/data/749251/000095012301509621/0000950123-01-509621-index.htm",
    "finalLink": "https://www.sec.gov/Archives/edgar/data/749251/000095012301509621/y56014e10-k.txt"
  },
  {
    "date": "2001-06-30",
    "symbol": "IT",
    "reportedCurrency": "USD",
    "cik": "0000749251",
    "fillingDate": "2001-08-13",
    "acceptedDate": "2001-08-13 00:00:00",
    "calendarYear": "2001",
    "period": "Q2",
    "revenue": 250075000,
    "costOfRevenue": 115210000,
    "grossProfit": 134865000,
    "grossProfitRatio": 0.5392982105,
    "researchAndDevelopmentExpenses": 0,
    "generalAndAdministrativeExpenses": 93180000,
    "sellingAndMarketingExpenses": 0,
    "sellingGeneralAndAdministrativeExpenses": 93180000,
    "otherExpenses": 45144000,
    "operatingExpenses": 138324000,
    "costAndExpenses": 253534000,
    "interestIncome": 0,
    "interestExpense": 17315000,
    "depreciationAndAmortization": 14060000,
    "ebitda": 10601000,
    "ebitdaratio": 0.0423912826,
    "operatingIncome": -3459000,
    "operatingIncomeRatio": -0.0138318504,
    "totalOtherIncomeExpensesNet": -17315000,
    "incomeBeforeTax": -20774000,
    "incomeBeforeTaxRatio": -0.0830710787,
    "incomeTaxExpense": -10555000,
    "netIncome": -8454000,
    "netIncomeRatio": -0.0338058582,
    "eps": -0.0979,
    "epsdiluted": -0.0979,
    "weightedAverageShsOut": 86341000,
    "weightedAverageShsOutDil": 86341000,
    "link": "https://www.sec.gov/Archives/edgar/data/749251/000095012301505448/0000950123-01-505448-index.htm",
    "finalLink": "https://www.sec.gov/Archives/edgar/data/749251/000095012301505448/y52412e10-q.txt"
  },
  {
    "date": "2001-03-31",
    "symbol": "IT",
    "reportedCurrency": "USD",
    "cik": "0000749251",
    "fillingDate": "2001-05-15",
    "acceptedDate": "2001-05-15 00:00:00",
    "calendarYear": "2001",
    "period": "Q1",
    "revenue": 221464000,
    "costOfRevenue": 111656000,
    "grossProfit": 109808000,
    "grossProfitRatio": 0.4958277643,
    "researchAndDevelopmentExpenses": 0,
    "generalAndAdministrativeExpenses": 94833000,
    "sellingAndMarketingExpenses": 0,
    "sellingGeneralAndAdministrativeExpenses": 93808000,
    "otherExpenses": 13791000,
    "operatingExpenses": 107599000,
    "costAndExpenses": 219255000,
    "interestIncome": 0,
    "interestExpense": 9190000,
    "depreciationAndAmortization": 13791000,
    "ebitda": 16000000,
    "ebitdaratio": 0.0722465051,
    "operatingIncome": 2209000,
    "operatingIncomeRatio": 0.0099745331,
    "totalOtherIncomeExpensesNet": -4403000,
    "incomeBeforeTax": -2194000,
    "incomeBeforeTaxRatio": -0.009906802,
    "incomeTaxExpense": -812000,
    "netIncome": -53580000,
    "netIncomeRatio": -0.2419354839,
    "eps": -0.62,
    "epsdiluted": -0.62,
    "weightedAverageShsOut": 86551000,
    "weightedAverageShsOutDil": 86551000,
    "link": "https://www.sec.gov/Archives/edgar/data/749251/000095012301502602/0000950123-01-502602-index.htm",
    "finalLink": "https://www.sec.gov/Archives/edgar/data/749251/000095012301502602/y49307e10-q.txt"
  },
  {
    "date": "2000-12-31",
    "symbol": "IT",
    "reportedCurrency": "USD",
    "cik": "0000749251",
    "fillingDate": "2001-02-14",
    "acceptedDate": "2001-02-14 00:00:00",
    "calendarYear": "2000",
    "period": "Q4",
    "revenue": 255615000,
    "costOfRevenue": 122832000,
    "grossProfit": 132783000,
    "grossProfitRatio": 0.5194648201,
    "researchAndDevelopmentExpenses": 0,
    "generalAndAdministrativeExpenses": 93339000,
    "sellingAndMarketingExpenses": 0,
    "sellingGeneralAndAdministrativeExpenses": 91801000,
    "otherExpenses": 10802000,
    "operatingExpenses": 102603000,
    "costAndExpenses": 225435000,
    "interestIncome": 0,
    "interestExpense": 1515000,
    "depreciationAndAmortization": 10802000,
    "ebitda": 40982000,
    "ebitdaratio": 0.1603270544,
    "operatingIncome": 30180000,
    "operatingIncomeRatio": 0.1180681885,
    "totalOtherIncomeExpensesNet": 15443000,
    "incomeBeforeTax": 11133000,
    "incomeBeforeTaxRatio": 0.0435537821,
    "incomeTaxExpense": 7236000,
    "netIncome": 3897000,
    "netIncomeRatio": 0.0152455842,
    "eps": 0.05,
    "epsdiluted": 0.04,
    "weightedAverageShsOut": 86048000,
    "weightedAverageShsOutDil": 86816000,
    "link": "https://www.sec.gov/Archives/edgar/data/749251/000095012301001450/0000950123-01-001450-index.htm",
    "finalLink": "https://www.sec.gov/Archives/edgar/data/749251/000095012301001450/y45550e10-q.txt"
  },
  {
    "date": "2000-09-30",
    "symbol": "IT",
    "reportedCurrency": "USD",
    "cik": "0000749251",
    "fillingDate": "2000-12-29",
    "acceptedDate": "2000-12-29 00:00:00",
    "calendarYear": "2000",
    "period": "Q3",
    "revenue": 219870000,
    "costOfRevenue": 99282000,
    "grossProfit": 120588000,
    "grossProfitRatio": 0.5484513576,
    "researchAndDevelopmentExpenses": 0,
    "generalAndAdministrativeExpenses": 91851000,
    "sellingAndMarketingExpenses": 0,
    "sellingGeneralAndAdministrativeExpenses": 91851000,
    "otherExpenses": 28304000,
    "operatingExpenses": 120155000,
    "costAndExpenses": 219437000,
    "interestIncome": 0,
    "interestExpense": 0,
    "depreciationAndAmortization": 28304000,
    "ebitda": 28737000,
    "ebitdaratio": 0.1306999591,
    "operatingIncome": 433000,
    "operatingIncomeRatio": 0.0019693455,
    "totalOtherIncomeExpensesNet": 6503000,
    "incomeBeforeTax": 6936000,
    "incomeBeforeTaxRatio": 0.0315459135,
    "incomeTaxExpense": 1293000,
    "netIncome": 3914000,
    "netIncomeRatio": 0.0178014281,
    "eps": 0.0656,
    "epsdiluted": 0.0656,
    "weightedAverageShsOut": 84389000,
    "weightedAverageShsOutDil": 86048000,
    "link": "https://www.sec.gov/Archives/edgar/data/749251/000095012300011900/0000950123-00-011900-index.htm",
    "finalLink": "https://www.sec.gov/Archives/edgar/data/749251/000095012300011900/y43399e10-k.txt"
  },
  {
    "date": "2000-06-30",
    "symbol": "IT",
    "reportedCurrency": "USD",
    "cik": "0000749251",
    "fillingDate": "2000-08-14",
    "acceptedDate": "2000-08-14 00:00:00",
    "calendarYear": "2000",
    "period": "Q2",
    "revenue": 220825000,
    "costOfRevenue": 102965000,
    "grossProfit": 117860000,
    "grossProfitRatio": 0.533725801,
    "researchAndDevelopmentExpenses": 0,
    "generalAndAdministrativeExpenses": 86515000,
    "sellingAndMarketingExpenses": 0,
    "sellingGeneralAndAdministrativeExpenses": 87182000,
    "otherExpenses": 10592000,
    "operatingExpenses": 97774000,
    "costAndExpenses": 200739000,
    "interestIncome": 0,
    "interestExpense": 973000,
    "depreciationAndAmortization": 9844000,
    "ebitda": 30677000,
    "ebitdaratio": 0.1389199592,
    "operatingIncome": 20086000,
    "operatingIncomeRatio": 0.0909589041,
    "totalOtherIncomeExpensesNet": 13396000,
    "incomeBeforeTax": 5413000,
    "incomeBeforeTaxRatio": 0.0245126231,
    "incomeTaxExpense": 3031000,
    "netIncome": 2382000,
    "netIncomeRatio": 0.0107868221,
    "eps": 0.03,
    "epsdiluted": 0.03,
    "weightedAverageShsOut": 86291000,
    "weightedAverageShsOutDil": 88757000,
    "link": "https://www.sec.gov/Archives/edgar/data/749251/000095012300007617/0000950123-00-007617-index.htm",
    "finalLink": "https://www.sec.gov/Archives/edgar/data/749251/000095012300007617/e10-q.txt"
  },
  {
    "date": "2000-03-31",
    "symbol": "IT",
    "reportedCurrency": "USD",
    "cik": "0000749251",
    "fillingDate": "2000-05-12",
    "acceptedDate": "2000-05-12 00:00:00",
    "calendarYear": "2000",
    "period": "Q1",
    "revenue": 193393000,
    "costOfRevenue": 80634000,
    "grossProfit": 112759000,
    "grossProfitRatio": 0.5830562637,
    "researchAndDevelopmentExpenses": 0,
    "generalAndAdministrativeExpenses": 80147000,
    "sellingAndMarketingExpenses": 0,
    "sellingGeneralAndAdministrativeExpenses": 80147000,
    "otherExpenses": 10741000,
    "operatingExpenses": 90888000,
    "costAndExpenses": 171522000,
    "interestIncome": 0,
    "interestExpense": 4098000,
    "depreciationAndAmortization": 10741000,
    "ebitda": 32612000,
    "ebitdaratio": 0.1686307157,
    "operatingIncome": 21871000,
    "operatingIncomeRatio": 0.1130909599,
    "totalOtherIncomeExpensesNet": -4098000,
    "incomeBeforeTax": 17773000,
    "incomeBeforeTaxRatio": 0.0919009478,
    "incomeTaxExpense": 14985000,
    "netIncome": 2788000,
    "netIncomeRatio": 0.0144162405,
    "eps": 0.03,
    "epsdiluted": 0.03,
    "weightedAverageShsOut": 87040000,
    "weightedAverageShsOutDil": 90512000,
    "link": "https://www.sec.gov/Archives/edgar/data/749251/000095012300004971/0000950123-00-004971-index.html",
    "finalLink": "https://www.sec.gov/Archives/edgar/data/749251/000095012300004971/"
  },
  {
    "date": "1999-12-31",
    "symbol": "IT",
    "reportedCurrency": "USD",
    "cik": "0000749251",
    "fillingDate": "2000-02-08",
    "acceptedDate": "2000-02-08 00:00:00",
    "calendarYear": "1999",
    "period": "Q4",
    "revenue": 222900000,
    "costOfRevenue": 97400000,
    "grossProfit": 125500000,
    "grossProfitRatio": 0.5630327501,
    "researchAndDevelopmentExpenses": 0,
    "generalAndAdministrativeExpenses": 79500000,
    "sellingAndMarketingExpenses": 0,
    "sellingGeneralAndAdministrativeExpenses": 79500000,
    "otherExpenses": 8900000,
    "operatingExpenses": 88400000,
    "costAndExpenses": 185800000,
    "interestIncome": 0,
    "interestExpense": 11100000,
    "depreciationAndAmortization": 8900000,
    "ebitda": 46000000,
    "ebitdaratio": 0.2063705698,
    "operatingIncome": 37100000,
    "operatingIncomeRatio": 0.1664423508,
    "totalOtherIncomeExpensesNet": -11100000,
    "incomeBeforeTax": 26000000,
    "incomeBeforeTaxRatio": 0.1166442351,
    "incomeTaxExpense": 9500000,
    "netIncome": 16500000,
    "netIncomeRatio": 0.0740242261,
    "eps": 0.19,
    "epsdiluted": 0.18,
    "weightedAverageShsOut": 88537000,
    "weightedAverageShsOutDil": 90672000,
    "link": "https://www.sec.gov/Archives/edgar/data/749251/000095012300000876/0000950123-00-000876-index.html",
    "finalLink": "https://www.sec.gov/Archives/edgar/data/749251/000095012300000876/"
  },
  {
    "date": "1999-09-30",
    "symbol": "IT",
    "reportedCurrency": "USD",
    "cik": "0000749251",
    "fillingDate": "1999-12-22",
    "acceptedDate": "1999-12-22 00:00:00",
    "calendarYear": "1999",
    "period": "Q3",
    "revenue": 186800000,
    "costOfRevenue": 74900000,
    "grossProfit": 111900000,
    "grossProfitRatio": 0.5990364026,
    "researchAndDevelopmentExpenses": 0,
    "generalAndAdministrativeExpenses": 71900000,
    "sellingAndMarketingExpenses": 0,
    "sellingGeneralAndAdministrativeExpenses": 71900000,
    "otherExpenses": 8300000,
    "operatingExpenses": 80200000,
    "costAndExpenses": 155100000,
    "interestIncome": 0,
    "interestExpense": 23500000,
    "depreciationAndAmortization": 8300000,
    "ebitda": 40000000,
    "ebitdaratio": 0.2141327623,
    "operatingIncome": 31700000,
    "operatingIncomeRatio": 0.1697002141,
    "totalOtherIncomeExpensesNet": -23500000,
    "incomeBeforeTax": 8200000,
    "incomeBeforeTaxRatio": 0.0438972163,
    "incomeTaxExpense": 5200000,
    "netIncome": 3000000,
    "netIncomeRatio": 0.0160599572,
    "eps": 0.0339,
    "epsdiluted": 0.0339,
    "weightedAverageShsOut": 88537000,
    "weightedAverageShsOutDil": 88537000,
    "link": "https://www.sec.gov/Archives/edgar/data/749251/000095014699001839/0000950146-99-001839-index.html",
    "finalLink": "https://www.sec.gov/Archives/edgar/data/749251/000095014699001839/"
  },
  {
    "date": "1999-06-30",
    "symbol": "IT",
    "reportedCurrency": "USD",
    "cik": "0000749251",
    "fillingDate": "1999-08-12",
    "acceptedDate": "1999-08-12 00:00:00",
    "calendarYear": "1999",
    "period": "Q2",
    "revenue": 185658000,
    "costOfRevenue": 74400000,
    "grossProfit": 111258000,
    "grossProfitRatio": 0.5992631613,
    "researchAndDevelopmentExpenses": 0,
    "generalAndAdministrativeExpenses": 63500000,
    "sellingAndMarketingExpenses": 0,
    "sellingGeneralAndAdministrativeExpenses": 63500000,
    "otherExpenses": 8100000,
    "operatingExpenses": 71600000,
    "costAndExpenses": 146000000,
    "interestIncome": 0,
    "interestExpense": 0,
    "depreciationAndAmortization": 8100000,
    "ebitda": 47758000,
    "ebitdaratio": 0.257236424,
    "operatingIncome": 39658000,
    "operatingIncomeRatio": 0.2136078165,
    "totalOtherIncomeExpensesNet": 1000000,
    "incomeBeforeTax": 40700000,
    "incomeBeforeTaxRatio": 0.2192202868,
    "incomeTaxExpense": 14300000,
    "netIncome": 26400000,
    "netIncomeRatio": 0.1421969428,
    "eps": 0.25,
    "epsdiluted": 0.25,
    "weightedAverageShsOut": 104229000,
    "weightedAverageShsOutDil": 106838000,
    "link": "https://www.sec.gov/Archives/edgar/data/749251/000095012399007553/0000950123-99-007553-index.html",
    "finalLink": "https://www.sec.gov/Archives/edgar/data/749251/000095012399007553/"
  },
  {
    "date": "1999-03-31",
    "symbol": "IT",
    "reportedCurrency": "USD",
    "cik": "0000749251",
    "fillingDate": "1999-05-17",
    "acceptedDate": "1999-05-17 00:00:00",
    "calendarYear": "1999",
    "period": "Q1",
    "revenue": 171300000,
    "costOfRevenue": 60400000,
    "grossProfit": 110900000,
    "grossProfitRatio": 0.6474022183,
    "researchAndDevelopmentExpenses": 0,
    "generalAndAdministrativeExpenses": 59100000,
    "sellingAndMarketingExpenses": 0,
    "sellingGeneralAndAdministrativeExpenses": 59100000,
    "otherExpenses": 7800000,
    "operatingExpenses": 66900000,
    "costAndExpenses": 127300000,
    "interestIncome": 0,
    "interestExpense": 1800000,
    "depreciationAndAmortization": 7800000,
    "ebitda": 51800000,
    "ebitdaratio": 0.3023934618,
    "operatingIncome": 44000000,
    "operatingIncomeRatio": 0.2568593112,
    "totalOtherIncomeExpensesNet": -1800000,
    "incomeBeforeTax": 42200000,
    "incomeBeforeTaxRatio": 0.2463514302,
    "incomeTaxExpense": 13400000,
    "netIncome": 28800000,
    "netIncomeRatio": 0.1681260946,
    "eps": 0.28,
    "epsdiluted": 0.27,
    "weightedAverageShsOut": 102857143,
    "weightedAverageShsOutDil": 106666667,
    "link": "https://www.sec.gov/Archives/edgar/data/749251/000095012399004834/0000950123-99-004834-index.html",
    "finalLink": "https://www.sec.gov/Archives/edgar/data/749251/"
  },
  {
    "date": "1998-12-31",
    "symbol": "IT",
    "reportedCurrency": "USD",
    "cik": "0000749251",
    "fillingDate": "1999-02-12",
    "acceptedDate": "1999-02-12 00:00:00",
    "calendarYear": "1998",
    "period": "Q4",
    "revenue": 190400000,
    "costOfRevenue": 79400000,
    "grossProfit": 111000000,
    "grossProfitRatio": 0.5829831933,
    "researchAndDevelopmentExpenses": 0,
    "generalAndAdministrativeExpenses": 57900000,
    "sellingAndMarketingExpenses": 0,
    "sellingGeneralAndAdministrativeExpenses": 57900000,
    "otherExpenses": 7400000,
    "operatingExpenses": 65300000,
    "costAndExpenses": 144700000,
    "interestIncome": 0,
    "interestExpense": 0,
    "depreciationAndAmortization": 7400000,
    "ebitda": 53100000,
    "ebitdaratio": 0.2788865546,
    "operatingIncome": 45700000,
    "operatingIncomeRatio": 0.2400210084,
    "totalOtherIncomeExpensesNet": 2500000,
    "incomeBeforeTax": 48200000,
    "incomeBeforeTaxRatio": 0.2531512605,
    "incomeTaxExpense": 18100000,
    "netIncome": 30100000,
    "netIncomeRatio": 0.1580882353,
    "eps": 0.3,
    "epsdiluted": 0.29,
    "weightedAverageShsOut": 100333333,
    "weightedAverageShsOutDil": 103793103,
    "link": "https://www.sec.gov/Archives/edgar/data/749251/000095012399001078/0000950123-99-001078-index.html",
    "finalLink": "https://www.sec.gov/Archives/edgar/data/749251/"
  },
  {
    "date": "1998-09-30",
    "symbol": "IT",
    "reportedCurrency": "USD",
    "cik": "0000749251",
    "fillingDate": "1998-12-24",
    "acceptedDate": "1998-12-24 00:00:00",
    "calendarYear": "1998",
    "period": "Q3",
    "revenue": 168800000,
    "costOfRevenue": 66500000,
    "grossProfit": 102300000,
    "grossProfitRatio": 0.606042654,
    "researchAndDevelopmentExpenses": 0,
    "generalAndAdministrativeExpenses": 60800000,
    "sellingAndMarketingExpenses": 0,
    "sellingGeneralAndAdministrativeExpenses": 60800000,
    "otherExpenses": 7400000,
    "operatingExpenses": 68200000,
    "costAndExpenses": 134700000,
    "interestIncome": 0,
    "interestExpense": 0,
    "depreciationAndAmortization": 7400000,
    "ebitda": 41500000,
    "ebitdaratio": 0.2458530806,
    "operatingIncome": 34100000,
    "operatingIncomeRatio": 0.202014218,
    "totalOtherIncomeExpensesNet": 2500000,
    "incomeBeforeTax": 36600000,
    "incomeBeforeTaxRatio": 0.2168246445,
    "incomeTaxExpense": 17000000,
    "netIncome": 19600000,
    "netIncomeRatio": 0.1161137441,
    "eps": 0.2,
    "epsdiluted": 0.2,
    "weightedAverageShsOut": 100333333,
    "weightedAverageShsOutDil": 100333333,
    "link": "https://www.sec.gov/Archives/edgar/data/749251/000095014698002141/0000950146-98-002141-index.html",
    "finalLink": "https://www.sec.gov/Archives/edgar/data/749251/"
  },
  {
    "date": "1998-06-30",
    "symbol": "IT",
    "reportedCurrency": "USD",
    "cik": "0000749251",
    "fillingDate": "1998-08-14",
    "acceptedDate": "1998-08-14 00:00:00",
    "calendarYear": "1998",
    "period": "Q2",
    "revenue": 161000000,
    "costOfRevenue": 62900000,
    "grossProfit": 98100000,
    "grossProfitRatio": 0.6093167702,
    "researchAndDevelopmentExpenses": 0,
    "generalAndAdministrativeExpenses": 55600000,
    "sellingAndMarketingExpenses": 0,
    "sellingGeneralAndAdministrativeExpenses": 55600000,
    "otherExpenses": 7100000,
    "operatingExpenses": 62700000,
    "costAndExpenses": 125600000,
    "interestIncome": 0,
    "interestExpense": 0,
    "depreciationAndAmortization": 7100000,
    "ebitda": 42500000,
    "ebitdaratio": 0.2639751553,
    "operatingIncome": 35400000,
    "operatingIncomeRatio": 0.2198757764,
    "totalOtherIncomeExpensesNet": 2300000,
    "incomeBeforeTax": 37700000,
    "incomeBeforeTaxRatio": 0.2341614907,
    "incomeTaxExpense": 14700000,
    "netIncome": 23000000,
    "netIncomeRatio": 0.1428571429,
    "eps": 0.23,
    "epsdiluted": 0.22,
    "weightedAverageShsOut": 100000000,
    "weightedAverageShsOutDil": 104545455,
    "link": "https://www.sec.gov/Archives/edgar/data/749251/000095012398007661/0000950123-98-007661-index.html",
    "finalLink": "https://www.sec.gov/Archives/edgar/data/749251/"
  },
  {
    "date": "1998-03-31",
    "symbol": "IT",
    "reportedCurrency": "USD",
    "cik": "0000749251",
    "fillingDate": "1998-05-08",
    "acceptedDate": "1998-05-08 00:00:00",
    "calendarYear": "1998",
    "period": "Q1",
    "revenue": 149600000,
    "costOfRevenue": 52200000,
    "grossProfit": 97400000,
    "grossProfitRatio": 0.6510695187,
    "researchAndDevelopmentExpenses": 0,
    "generalAndAdministrativeExpenses": 50500000,
    "sellingAndMarketingExpenses": 0,
    "sellingGeneralAndAdministrativeExpenses": 50500000,
    "otherExpenses": 6700000,
    "operatingExpenses": 57200000,
    "costAndExpenses": 109400000,
    "interestIncome": 0,
    "interestExpense": 0,
    "depreciationAndAmortization": 6700000,
    "ebitda": 46900000,
    "ebitdaratio": 0.3135026738,
    "operatingIncome": 40200000,
    "operatingIncomeRatio": 0.2687165775,
    "totalOtherIncomeExpensesNet": -6700000,
    "incomeBeforeTax": 33500000,
    "incomeBeforeTaxRatio": 0.2239304813,
    "incomeTaxExpense": 13400000,
    "netIncome": 20100000,
    "netIncomeRatio": 0.1343582888,
    "eps": 0.2,
    "epsdiluted": 0.19,
    "weightedAverageShsOut": 100500000,
    "weightedAverageShsOutDil": 105789474,
    "link": "https://www.sec.gov/Archives/edgar/data/749251/000095012398004739/0000950123-98-004739-index.html",
    "finalLink": "https://www.sec.gov/Archives/edgar/data/749251/"
  },
  {
    "date": "1997-12-31",
    "symbol": "IT",
    "reportedCurrency": "USD",
    "cik": "0000749251",
    "fillingDate": "1998-02-10",
    "acceptedDate": "1998-02-10 00:00:00",
    "calendarYear": "1997",
    "period": "Q4",
    "revenue": 162700000,
    "costOfRevenue": 66400000,
    "grossProfit": 96300000,
    "grossProfitRatio": 0.5918869084,
    "researchAndDevelopmentExpenses": 0,
    "generalAndAdministrativeExpenses": 49000000,
    "sellingAndMarketingExpenses": 0,
    "sellingGeneralAndAdministrativeExpenses": 49000000,
    "otherExpenses": 6100000,
    "operatingExpenses": 55100000,
    "costAndExpenses": 121500000,
    "interestIncome": 0,
    "interestExpense": 0,
    "depreciationAndAmortization": 6100000,
    "ebitda": 47300000,
    "ebitdaratio": 0.2907191149,
    "operatingIncome": 41200000,
    "operatingIncomeRatio": 0.2532267978,
    "totalOtherIncomeExpensesNet": 2100000,
    "incomeBeforeTax": 43300000,
    "incomeBeforeTaxRatio": 0.2661339889,
    "incomeTaxExpense": 17700000,
    "netIncome": 25600000,
    "netIncomeRatio": 0.1573448064,
    "eps": 0.26,
    "epsdiluted": 0.25,
    "weightedAverageShsOut": 98461538,
    "weightedAverageShsOutDil": 102400000,
    "link": "https://www.sec.gov/Archives/edgar/data/749251/000095012398001165/0000950123-98-001165-index.html",
    "finalLink": "https://www.sec.gov/Archives/edgar/data/749251/"
  },
  {
    "date": "1997-09-30",
    "symbol": "IT",
    "reportedCurrency": "USD",
    "cik": "0000749251",
    "fillingDate": "1997-12-12",
    "acceptedDate": "1997-12-12 00:00:00",
    "calendarYear": "1997",
    "period": "Q3",
    "revenue": 140400000,
    "costOfRevenue": 58500000,
    "grossProfit": 81900000,
    "grossProfitRatio": 0.5833333333,
    "researchAndDevelopmentExpenses": 0,
    "generalAndAdministrativeExpenses": 49800000,
    "sellingAndMarketingExpenses": 0,
    "sellingGeneralAndAdministrativeExpenses": 49800000,
    "otherExpenses": 5400000,
    "operatingExpenses": 55200000,
    "costAndExpenses": 113700000,
    "interestIncome": 0,
    "interestExpense": 0,
    "depreciationAndAmortization": 5400000,
    "ebitda": 32100000,
    "ebitdaratio": 0.2286324786,
    "operatingIncome": 26700000,
    "operatingIncomeRatio": 0.1901709402,
    "totalOtherIncomeExpensesNet": 1900000,
    "incomeBeforeTax": 28600000,
    "incomeBeforeTaxRatio": 0.2037037037,
    "incomeTaxExpense": 11200000,
    "netIncome": 17400000,
    "netIncomeRatio": 0.1239316239,
    "eps": 0.18,
    "epsdiluted": 0.18,
    "weightedAverageShsOut": 98461538,
    "weightedAverageShsOutDil": 98461538,
    "link": "https://www.sec.gov/Archives/edgar/data/749251/000095012397010331/0000950123-97-010331-index.html",
    "finalLink": "https://www.sec.gov/Archives/edgar/data/749251/"
  },
  {
    "date": "1997-06-30",
    "symbol": "IT",
    "reportedCurrency": "USD",
    "cik": "0000749251",
    "fillingDate": "1997-08-14",
    "acceptedDate": "1997-08-14 00:00:00",
    "calendarYear": "1997",
    "period": "Q2",
    "revenue": 126300000,
    "costOfRevenue": 48500000,
    "grossProfit": 77800000,
    "grossProfitRatio": 0.6159936659,
    "researchAndDevelopmentExpenses": 0,
    "generalAndAdministrativeExpenses": 44500000,
    "sellingAndMarketingExpenses": 0,
    "sellingGeneralAndAdministrativeExpenses": 44500000,
    "otherExpenses": 4600000,
    "operatingExpenses": 49100000,
    "costAndExpenses": 97600000,
    "interestIncome": 0,
    "interestExpense": 0,
    "depreciationAndAmortization": 4500000,
    "ebitda": 33300000,
    "ebitdaratio": 0.2636579572,
    "operatingIncome": 28700000,
    "operatingIncomeRatio": 0.2272367379,
    "totalOtherIncomeExpensesNet": 2300000,
    "incomeBeforeTax": 31000000,
    "incomeBeforeTaxRatio": 0.2454473476,
    "incomeTaxExpense": 12500000,
    "netIncome": 18500000,
    "netIncomeRatio": 0.1464766429,
    "eps": 0.18,
    "epsdiluted": 0.18,
    "weightedAverageShsOut": 102777778,
    "weightedAverageShsOutDil": 102777778,
    "link": "https://www.sec.gov/Archives/edgar/data/749251/000095012397006931/0000950123-97-006931-index.html",
    "finalLink": "https://www.sec.gov/Archives/edgar/data/749251/"
  },
  {
    "date": "1997-03-31",
    "symbol": "IT",
    "reportedCurrency": "USD",
    "cik": "0000749251",
    "fillingDate": "1997-05-12",
    "acceptedDate": "1997-05-12 00:00:00",
    "calendarYear": "1997",
    "period": "Q1",
    "revenue": 119100000,
    "costOfRevenue": 45300000,
    "grossProfit": 73800000,
    "grossProfitRatio": 0.6196473552,
    "researchAndDevelopmentExpenses": 0,
    "generalAndAdministrativeExpenses": 40100000,
    "sellingAndMarketingExpenses": 0,
    "sellingGeneralAndAdministrativeExpenses": 40100000,
    "otherExpenses": 4200000,
    "operatingExpenses": 44300000,
    "costAndExpenses": 89600000,
    "interestIncome": 0,
    "interestExpense": 0,
    "depreciationAndAmortization": 4200000,
    "ebitda": 33700000,
    "ebitdaratio": 0.2829554996,
    "operatingIncome": 29500000,
    "operatingIncomeRatio": 0.247691016,
    "totalOtherIncomeExpensesNet": 1900000,
    "incomeBeforeTax": 31400000,
    "incomeBeforeTaxRatio": 0.2636439966,
    "incomeTaxExpense": 13200000,
    "netIncome": 18200000,
    "netIncomeRatio": 0.1528127624,
    "eps": 0.18,
    "epsdiluted": 0.18,
    "weightedAverageShsOut": 101111111,
    "weightedAverageShsOutDil": 101111111,
    "link": "https://www.sec.gov/Archives/edgar/data/749251/000095012397004159/0000950123-97-004159-index.html",
    "finalLink": "https://www.sec.gov/Archives/edgar/data/749251/"
  },
  {
    "date": "1996-12-31",
    "symbol": "IT",
    "reportedCurrency": "USD",
    "cik": "0000749251",
    "fillingDate": "1997-02-14",
    "acceptedDate": "1997-02-14 00:00:00",
    "calendarYear": "1996",
    "period": "Q4",
    "revenue": 125400000,
    "costOfRevenue": 50500000,
    "grossProfit": 74900000,
    "grossProfitRatio": 0.5972886762,
    "researchAndDevelopmentExpenses": 0,
    "generalAndAdministrativeExpenses": 39200000,
    "sellingAndMarketingExpenses": 0,
    "sellingGeneralAndAdministrativeExpenses": 39200000,
    "otherExpenses": 4100000,
    "operatingExpenses": 43300000,
    "costAndExpenses": 93800000,
    "interestIncome": 0,
    "interestExpense": 0,
    "depreciationAndAmortization": 4100000,
    "ebitda": 35700000,
    "ebitdaratio": 0.2846889952,
    "operatingIncome": 31600000,
    "operatingIncomeRatio": 0.2519936204,
    "totalOtherIncomeExpensesNet": 1200000,
    "incomeBeforeTax": 32800000,
    "incomeBeforeTaxRatio": 0.2615629984,
    "incomeTaxExpense": 13800000,
    "netIncome": 19000000,
    "netIncomeRatio": 0.1515151515,
    "eps": 0.19,
    "epsdiluted": 0.19,
    "weightedAverageShsOut": 100000000,
    "weightedAverageShsOutDil": 100000000,
    "link": "https://www.sec.gov/Archives/edgar/data/749251/000095012397001195/0000950123-97-001195-index.html",
    "finalLink": "https://www.sec.gov/Archives/edgar/data/749251/"
  },
  {
    "date": "1996-09-30",
    "symbol": "IT",
    "reportedCurrency": "USD",
    "cik": "0000749251",
    "fillingDate": "1996-12-17",
    "acceptedDate": "1996-12-17 00:00:00",
    "calendarYear": "1996",
    "period": "Q3",
    "revenue": 110000000,
    "costOfRevenue": 42800000,
    "grossProfit": 67200000,
    "grossProfitRatio": 0.6109090909,
    "researchAndDevelopmentExpenses": 0,
    "generalAndAdministrativeExpenses": 39300000,
    "sellingAndMarketingExpenses": 0,
    "sellingGeneralAndAdministrativeExpenses": 39300000,
    "otherExpenses": 3900000,
    "operatingExpenses": 43200000,
    "costAndExpenses": 86000000,
    "interestIncome": 0,
    "interestExpense": 33700000,
    "depreciationAndAmortization": 3900000,
    "ebitda": 27900000,
    "ebitdaratio": 0.2536363636,
    "operatingIncome": 24000000,
    "operatingIncomeRatio": 0.2181818182,
    "totalOtherIncomeExpensesNet": -33700000,
    "incomeBeforeTax": -9700000,
    "incomeBeforeTaxRatio": -0.0881818182,
    "incomeTaxExpense": 9700000,
    "netIncome": -19400000,
    "netIncomeRatio": -0.1763636364,
    "eps": -0.19,
    "epsdiluted": -0.19,
    "weightedAverageShsOut": 100000000,
    "weightedAverageShsOutDil": 100000000,
    "link": "https://www.sec.gov/Archives/edgar/data/749251/000095012396007400/0000950123-96-007400-index.html",
    "finalLink": "https://www.sec.gov/Archives/edgar/data/749251/"
  },
  {
    "date": "1996-06-30",
    "symbol": "IT",
    "reportedCurrency": "USD",
    "cik": "0000749251",
    "fillingDate": "1996-08-13",
    "acceptedDate": "1996-08-13 00:00:00",
    "calendarYear": "1996",
    "period": "Q2",
    "revenue": 97400000,
    "costOfRevenue": 39000000,
    "grossProfit": 58400000,
    "grossProfitRatio": 0.5995893224,
    "researchAndDevelopmentExpenses": 0,
    "generalAndAdministrativeExpenses": 34100000,
    "sellingAndMarketingExpenses": 0,
    "sellingGeneralAndAdministrativeExpenses": 34100000,
    "otherExpenses": 3100000,
    "operatingExpenses": 37200000,
    "costAndExpenses": 76200000,
    "interestIncome": 0,
    "interestExpense": 0,
    "depreciationAndAmortization": 3100000,
    "ebitda": 24300000,
    "ebitdaratio": 0.249486653,
    "operatingIncome": 21200000,
    "operatingIncomeRatio": 0.2176591376,
    "totalOtherIncomeExpensesNet": 900000,
    "incomeBeforeTax": 22100000,
    "incomeBeforeTaxRatio": 0.226899384,
    "incomeTaxExpense": 9500000,
    "netIncome": 12600000,
    "netIncomeRatio": 0.1293634497,
    "eps": 0.13,
    "epsdiluted": 0.13,
    "weightedAverageShsOut": 96923077,
    "weightedAverageShsOutDil": 96923077,
    "link": "https://www.sec.gov/Archives/edgar/data/749251/000095012396004362/0000950123-96-004362-index.html",
    "finalLink": "https://www.sec.gov/Archives/edgar/data/749251/"
  },
  {
    "date": "1996-03-31",
    "symbol": "IT",
    "reportedCurrency": "USD",
    "cik": "0000749251",
    "fillingDate": "1996-05-10",
    "acceptedDate": "1996-05-10 00:00:00",
    "calendarYear": "1996",
    "period": "Q1",
    "revenue": 90800000,
    "costOfRevenue": 34100000,
    "grossProfit": 56700000,
    "grossProfitRatio": 0.6244493392,
    "researchAndDevelopmentExpenses": 0,
    "generalAndAdministrativeExpenses": 0,
    "sellingAndMarketingExpenses": 0,
    "sellingGeneralAndAdministrativeExpenses": 34100000,
    "otherExpenses": 2900000,
    "operatingExpenses": 37000000,
    "costAndExpenses": 71100000,
    "interestIncome": 0,
    "interestExpense": 0,
    "depreciationAndAmortization": 2900000,
    "ebitda": 22600000,
    "ebitdaratio": 0.2488986784,
    "operatingIncome": 19700000,
    "operatingIncomeRatio": 0.2169603524,
    "totalOtherIncomeExpensesNet": 800000,
    "incomeBeforeTax": 20500000,
    "incomeBeforeTaxRatio": 0.2257709251,
    "incomeTaxExpense": 8800000,
    "netIncome": 11700000,
    "netIncomeRatio": 0.1288546256,
    "eps": 0.06,
    "epsdiluted": 0.06,
    "weightedAverageShsOut": 92169000,
    "weightedAverageShsOutDil": 92169000,
    "link": "https://www.sec.gov/Archives/edgar/data/749251/000095012396002184/0000950123-96-002184-index.html",
    "finalLink": "https://www.sec.gov/Archives/edgar/data/749251/"
  },
  {
    "date": "1995-12-31",
    "symbol": "IT",
    "reportedCurrency": "USD",
    "cik": "0000749251",
    "fillingDate": "1995-12-31",
    "acceptedDate": "1995-12-31 00:00:00",
    "calendarYear": "1995",
    "period": "Q4",
    "revenue": 96500000,
    "costOfRevenue": 37100000,
    "grossProfit": 59400000,
    "grossProfitRatio": 0.6155440415,
    "researchAndDevelopmentExpenses": 0,
    "generalAndAdministrativeExpenses": 0,
    "sellingAndMarketingExpenses": 0,
    "sellingGeneralAndAdministrativeExpenses": 37100000,
    "otherExpenses": 3000000,
    "operatingExpenses": 40100000,
    "costAndExpenses": 77200000,
    "interestIncome": 0,
    "interestExpense": 0,
    "depreciationAndAmortization": 3000000,
    "ebitda": 22300000,
    "ebitdaratio": 0.2310880829,
    "operatingIncome": 19300000,
    "operatingIncomeRatio": 0.2,
    "totalOtherIncomeExpensesNet": 900000,
    "incomeBeforeTax": 20200000,
    "incomeBeforeTaxRatio": 0.2093264249,
    "incomeTaxExpense": 8700000,
    "netIncome": 11500000,
    "netIncomeRatio": 0.1191709845,
    "eps": 0.06,
    "epsdiluted": 0.06,
    "weightedAverageShsOut": 89088000,
    "weightedAverageShsOutDil": 89088000,
    "link": null,
    "finalLink": null
  },
  {
    "date": "1995-09-30",
    "symbol": "IT",
    "reportedCurrency": "USD",
    "cik": "0000749251",
    "fillingDate": "1995-09-30",
    "acceptedDate": "1995-09-30 00:00:00",
    "calendarYear": "1995",
    "period": "Q3",
    "revenue": 64000000,
    "costOfRevenue": 22500000,
    "grossProfit": 41500000,
    "grossProfitRatio": 0.6484375,
    "researchAndDevelopmentExpenses": 0,
    "generalAndAdministrativeExpenses": 0,
    "sellingAndMarketingExpenses": 0,
    "sellingGeneralAndAdministrativeExpenses": 29400000,
    "otherExpenses": 2300000,
    "operatingExpenses": 31700000,
    "costAndExpenses": 54200000,
    "interestIncome": 0,
    "interestExpense": 0,
    "depreciationAndAmortization": 2300000,
    "ebitda": 12100000,
    "ebitdaratio": 0.1890625,
    "operatingIncome": 9800000,
    "operatingIncomeRatio": 0.153125,
    "totalOtherIncomeExpensesNet": 1000000,
    "incomeBeforeTax": 10800000,
    "incomeBeforeTaxRatio": 0.16875,
    "incomeTaxExpense": 4600000,
    "netIncome": 6200000,
    "netIncomeRatio": 0.096875,
    "eps": 0.0671,
    "epsdiluted": 0.0671,
    "weightedAverageShsOut": 92372000,
    "weightedAverageShsOutDil": 92372000,
    "link": null,
    "finalLink": null
  }
]