[
  {
    "date": "2025-06-30",
    "symbol": "ITW",
    "reportedCurrency": "USD",
    "cik": "0000049826",
    "fillingDate": "2025-08-01",
    "acceptedDate": "2025-07-31 18:29:09",
    "calendarYear": "2025",
    "period": "Q2",
    "revenue": 4053000000,
    "costOfRevenue": 2271000000,
    "grossProfit": 1782000000,
    "grossProfitRatio": 0.4396743153,
    "researchAndDevelopmentExpenses": 0,
    "generalAndAdministrativeExpenses": 0,
    "sellingAndMarketingExpenses": 0,
    "sellingGeneralAndAdministrativeExpenses": 693000000,
    "otherExpenses": 21000000,
    "operatingExpenses": 714000000,
    "costAndExpenses": 2985000000,
    "interestIncome": 0,
    "interestExpense": 74000000,
    "depreciationAndAmortization": 99000000,
    "ebitda": 1171000000,
    "ebitdaratio": 0.2889217863,
    "operatingIncome": 1068000000,
    "operatingIncomeRatio": 0.2635085122,
    "totalOtherIncomeExpensesNet": -70000000,
    "incomeBeforeTax": 998000000,
    "incomeBeforeTaxRatio": 0.246237355,
    "incomeTaxExpense": 243000000,
    "netIncome": 755000000,
    "netIncomeRatio": 0.1862817666,
    "eps": 2.58,
    "epsdiluted": 2.58,
    "weightedAverageShsOut": 292300000,
    "weightedAverageShsOutDil": 292900000,
    "link": "https://www.sec.gov/Archives/edgar/data/49826/000004982625000037/0000049826-25-000037-index.htm",
    "finalLink": "https://www.sec.gov/Archives/edgar/data/49826/000004982625000037/itw-20250630.htm"
  },
  {
    "date": "2025-03-31",
    "symbol": "ITW",
    "reportedCurrency": "USD",
    "cik": "0000049826",
    "fillingDate": "2025-05-01",
    "acceptedDate": "2025-05-01 16:14:42",
    "calendarYear": "2025",
    "period": "Q1",
    "revenue": 3839000000,
    "costOfRevenue": 2182000000,
    "grossProfit": 1657000000,
    "grossProfitRatio": 0.4316228184,
    "researchAndDevelopmentExpenses": 0,
    "generalAndAdministrativeExpenses": 0,
    "sellingAndMarketingExpenses": 0,
    "sellingGeneralAndAdministrativeExpenses": 706000000,
    "otherExpenses": 0,
    "operatingExpenses": 706000000,
    "costAndExpenses": 2888000000,
    "interestIncome": 0,
    "interestExpense": 68000000,
    "depreciationAndAmortization": 95000000,
    "ebitda": 1058000000,
    "ebitdaratio": 0.2755926022,
    "operatingIncome": 951000000,
    "operatingIncomeRatio": 0.2477207606,
    "totalOtherIncomeExpensesNet": -56000000,
    "incomeBeforeTax": 895000000,
    "incomeBeforeTaxRatio": 0.2331336285,
    "incomeTaxExpense": 195000000,
    "netIncome": 700000000,
    "netIncomeRatio": 0.1823391508,
    "eps": 2.38,
    "epsdiluted": 2.38,
    "weightedAverageShsOut": 293600000,
    "weightedAverageShsOutDil": 294500000,
    "link": "https://www.sec.gov/Archives/edgar/data/49826/000004982625000014/0000049826-25-000014-index.htm",
    "finalLink": "https://www.sec.gov/Archives/edgar/data/49826/000004982625000014/itw-20250331.htm"
  },
  {
    "date": "2024-12-31",
    "symbol": "ITW",
    "reportedCurrency": "USD",
    "cik": "0000049826",
    "fillingDate": "2025-02-14",
    "acceptedDate": "2025-02-14 14:59:04",
    "calendarYear": "2024",
    "period": "Q4",
    "revenue": 3932000000,
    "costOfRevenue": 2246000000,
    "grossProfit": 1686000000,
    "grossProfitRatio": 0.4287894201,
    "researchAndDevelopmentExpenses": 0,
    "generalAndAdministrativeExpenses": 0,
    "sellingAndMarketingExpenses": 0,
    "sellingGeneralAndAdministrativeExpenses": 655000000,
    "otherExpenses": 0,
    "operatingExpenses": 655000000,
    "costAndExpenses": 2901000000,
    "interestIncome": 0,
    "interestExpense": 68000000,
    "depreciationAndAmortization": 102000000,
    "ebitda": 1153000000,
    "ebitdaratio": 0.2932349949,
    "operatingIncome": 1031000000,
    "operatingIncomeRatio": 0.262207528,
    "totalOtherIncomeExpensesNet": -48000000,
    "incomeBeforeTax": 983000000,
    "incomeBeforeTaxRatio": 0.25,
    "incomeTaxExpense": 233000000,
    "netIncome": 750000000,
    "netIncomeRatio": 0.1907426246,
    "eps": 2.55,
    "epsdiluted": 2.54,
    "weightedAverageShsOut": 294700000,
    "weightedAverageShsOutDil": 295800000,
    "link": "https://www.sec.gov/Archives/edgar/data/49826/000004982625000007/0000049826-25-000007-index.htm",
    "finalLink": "https://www.sec.gov/Archives/edgar/data/49826/000004982625000007/itw-20241231.htm"
  },
  {
    "date": "2024-09-30",
    "symbol": "ITW",
    "reportedCurrency": "USD",
    "cik": "0000049826",
    "fillingDate": "2024-10-30",
    "acceptedDate": "2024-10-30 15:57:41",
    "calendarYear": "2024",
    "period": "Q3",
    "revenue": 3966000000,
    "costOfRevenue": 2256000000,
    "grossProfit": 1710000000,
    "grossProfitRatio": 0.4311649017,
    "researchAndDevelopmentExpenses": 0,
    "generalAndAdministrativeExpenses": 0,
    "sellingAndMarketingExpenses": 0,
    "sellingGeneralAndAdministrativeExpenses": 658000000,
    "otherExpenses": 0,
    "operatingExpenses": 658000000,
    "costAndExpenses": 2914000000,
    "interestIncome": 0,
    "interestExpense": 69000000,
    "depreciationAndAmortization": 104000000,
    "ebitda": 1535000000,
    "ebitdaratio": 0.3870398386,
    "operatingIncome": 1052000000,
    "operatingIncomeRatio": 0.2652546646,
    "totalOtherIncomeExpensesNet": 310000000,
    "incomeBeforeTax": 1362000000,
    "incomeBeforeTaxRatio": 0.343419062,
    "incomeTaxExpense": 202000000,
    "netIncome": 1160000000,
    "netIncomeRatio": 0.2924861321,
    "eps": 3.92,
    "epsdiluted": 3.91,
    "weightedAverageShsOut": 296100000,
    "weightedAverageShsOutDil": 297000000,
    "link": "https://www.sec.gov/Archives/edgar/data/49826/000004982624000048/0000049826-24-000048-index.htm",
    "finalLink": "https://www.sec.gov/Archives/edgar/data/49826/000004982624000048/itw-20240930.htm"
  },
  {
    "date": "2024-06-30",
    "symbol": "ITW",
    "reportedCurrency": "USD",
    "cik": "0000049826",
    "fillingDate": "2024-08-02",
    "acceptedDate": "2024-08-01 18:26:02",
    "calendarYear": "2024",
    "period": "Q2",
    "revenue": 4027000000,
    "costOfRevenue": 2287000000,
    "grossProfit": 1740000000,
    "grossProfitRatio": 0.4320834368,
    "researchAndDevelopmentExpenses": 0,
    "generalAndAdministrativeExpenses": 0,
    "sellingAndMarketingExpenses": 0,
    "sellingGeneralAndAdministrativeExpenses": 686000000,
    "otherExpenses": 0,
    "operatingExpenses": 686000000,
    "costAndExpenses": 2973000000,
    "interestIncome": 0,
    "interestExpense": 75000000,
    "depreciationAndAmortization": 99000000,
    "ebitda": 1179000000,
    "ebitdaratio": 0.292773777,
    "operatingIncome": 1054000000,
    "operatingIncomeRatio": 0.2617333002,
    "totalOtherIncomeExpensesNet": -49000000,
    "incomeBeforeTax": 1005000000,
    "incomeBeforeTaxRatio": 0.2495654333,
    "incomeTaxExpense": 246000000,
    "netIncome": 759000000,
    "netIncomeRatio": 0.188477775,
    "eps": 2.55,
    "epsdiluted": 2.54,
    "weightedAverageShsOut": 297600000,
    "weightedAverageShsOutDil": 298500000,
    "link": "https://www.sec.gov/Archives/edgar/data/49826/000004982624000038/0000049826-24-000038-index.htm",
    "finalLink": "https://www.sec.gov/Archives/edgar/data/49826/000004982624000038/itw-20240630.htm"
  },
  {
    "date": "2024-03-31",
    "symbol": "ITW",
    "reportedCurrency": "USD",
    "cik": "0000049826",
    "fillingDate": "2024-05-02",
    "acceptedDate": "2024-05-02 16:28:18",
    "calendarYear": "2024",
    "period": "Q1",
    "revenue": 3973000000,
    "costOfRevenue": 2170000000,
    "grossProfit": 1803000000,
    "grossProfitRatio": 0.4538132394,
    "researchAndDevelopmentExpenses": 0,
    "generalAndAdministrativeExpenses": 0,
    "sellingAndMarketingExpenses": 0,
    "sellingGeneralAndAdministrativeExpenses": 676000000,
    "otherExpenses": 0,
    "operatingExpenses": 676000000,
    "costAndExpenses": 2846000000,
    "interestIncome": 0,
    "interestExpense": 71000000,
    "depreciationAndAmortization": 97000000,
    "ebitda": 1240000000,
    "ebitdaratio": 0.3121067204,
    "operatingIncome": 1127000000,
    "operatingIncomeRatio": 0.283664737,
    "totalOtherIncomeExpensesNet": -55000000,
    "incomeBeforeTax": 1072000000,
    "incomeBeforeTaxRatio": 0.2698212937,
    "incomeTaxExpense": 253000000,
    "netIncome": 819000000,
    "netIncomeRatio": 0.2061414548,
    "eps": 2.74,
    "epsdiluted": 2.73,
    "weightedAverageShsOut": 298900000,
    "weightedAverageShsOutDil": 300000000,
    "link": "https://www.sec.gov/Archives/edgar/data/49826/000004982624000020/0000049826-24-000020-index.htm",
    "finalLink": "https://www.sec.gov/Archives/edgar/data/49826/000004982624000020/itw-20240331.htm"
  },
  {
    "date": "2023-12-31",
    "symbol": "ITW",
    "reportedCurrency": "USD",
    "cik": "0000049826",
    "fillingDate": "2024-02-09",
    "acceptedDate": "2024-02-09 14:56:05",
    "calendarYear": "2023",
    "period": "Q4",
    "revenue": 3983000000,
    "costOfRevenue": 2337000000,
    "grossProfit": 1646000000,
    "grossProfitRatio": 0.4132563394,
    "researchAndDevelopmentExpenses": 0,
    "generalAndAdministrativeExpenses": 0,
    "sellingAndMarketingExpenses": 0,
    "sellingGeneralAndAdministrativeExpenses": 658000000,
    "otherExpenses": 0,
    "operatingExpenses": 658000000,
    "costAndExpenses": 2995000000,
    "interestIncome": 0,
    "interestExpense": 70000000,
    "depreciationAndAmortization": 99000000,
    "ebitda": 1096000000,
    "ebitdaratio": 0.2751694702,
    "operatingIncome": 988000000,
    "operatingIncomeRatio": 0.2480542305,
    "totalOtherIncomeExpensesNet": -61000000,
    "incomeBeforeTax": 927000000,
    "incomeBeforeTaxRatio": 0.2327391414,
    "incomeTaxExpense": 210000000,
    "netIncome": 717000000,
    "netIncomeRatio": 0.180015064,
    "eps": 2.39,
    "epsdiluted": 2.38,
    "weightedAverageShsOut": 300100000,
    "weightedAverageShsOutDil": 301100000,
    "link": "https://www.sec.gov/Archives/edgar/data/49826/000004982624000008/0000049826-24-000008-index.htm",
    "finalLink": "https://www.sec.gov/Archives/edgar/data/49826/000004982624000008/itw-20231231.htm"
  },
  {
    "date": "2023-09-30",
    "symbol": "ITW",
    "reportedCurrency": "USD",
    "cik": "0000049826",
    "fillingDate": "2023-10-24",
    "acceptedDate": "2023-10-24 16:32:45",
    "calendarYear": "2023",
    "period": "Q3",
    "revenue": 4031000000,
    "costOfRevenue": 2346000000,
    "grossProfit": 1685000000,
    "grossProfitRatio": 0.4180104193,
    "researchAndDevelopmentExpenses": 0,
    "generalAndAdministrativeExpenses": 0,
    "sellingAndMarketingExpenses": 0,
    "sellingGeneralAndAdministrativeExpenses": 615000000,
    "otherExpenses": 0,
    "operatingExpenses": 615000000,
    "costAndExpenses": 2961000000,
    "interestIncome": 0,
    "interestExpense": 67000000,
    "depreciationAndAmortization": 97000000,
    "ebitda": 1177000000,
    "ebitdaratio": 0.2919871,
    "operatingIncome": 1070000000,
    "operatingIncomeRatio": 0.2654428182,
    "totalOtherIncomeExpensesNet": -57000000,
    "incomeBeforeTax": 1013000000,
    "incomeBeforeTaxRatio": 0.2513024064,
    "incomeTaxExpense": 241000000,
    "netIncome": 772000000,
    "netIncomeRatio": 0.1915157529,
    "eps": 2.56,
    "epsdiluted": 2.55,
    "weightedAverageShsOut": 301900000,
    "weightedAverageShsOutDil": 303000000,
    "link": "https://www.sec.gov/Archives/edgar/data/49826/000004982623000052/0000049826-23-000052-index.htm",
    "finalLink": "https://www.sec.gov/Archives/edgar/data/49826/000004982623000052/itw-20230930.htm"
  },
  {
    "date": "2023-06-30",
    "symbol": "ITW",
    "reportedCurrency": "USD",
    "cik": "0000049826",
    "fillingDate": "2023-08-04",
    "acceptedDate": "2023-08-03 18:58:59",
    "calendarYear": "2023",
    "period": "Q2",
    "revenue": 4074000000,
    "costOfRevenue": 2374000000,
    "grossProfit": 1700000000,
    "grossProfitRatio": 0.4172803142,
    "researchAndDevelopmentExpenses": 0,
    "generalAndAdministrativeExpenses": 0,
    "sellingAndMarketingExpenses": 0,
    "sellingGeneralAndAdministrativeExpenses": 690000000,
    "otherExpenses": 0,
    "operatingExpenses": 690000000,
    "costAndExpenses": 3064000000,
    "interestIncome": 0,
    "interestExpense": 69000000,
    "depreciationAndAmortization": 100000000,
    "ebitda": 1130000000,
    "ebitdaratio": 0.2773686794,
    "operatingIncome": 1010000000,
    "operatingIncomeRatio": 0.2479135984,
    "totalOtherIncomeExpensesNet": -49000000,
    "incomeBeforeTax": 961000000,
    "incomeBeforeTaxRatio": 0.235886107,
    "incomeTaxExpense": 207000000,
    "netIncome": 754000000,
    "netIncomeRatio": 0.1850760923,
    "eps": 2.49,
    "epsdiluted": 2.48,
    "weightedAverageShsOut": 303300000,
    "weightedAverageShsOutDil": 304200000,
    "link": "https://www.sec.gov/Archives/edgar/data/49826/000004982623000043/0000049826-23-000043-index.htm",
    "finalLink": "https://www.sec.gov/Archives/edgar/data/49826/000004982623000043/itw-20230630.htm"
  },
  {
    "date": "2023-03-31",
    "symbol": "ITW",
    "reportedCurrency": "USD",
    "cik": "0000049826",
    "fillingDate": "2023-05-04",
    "acceptedDate": "2023-05-04 16:50:59",
    "calendarYear": "2023",
    "period": "Q1",
    "revenue": 4019000000,
    "costOfRevenue": 2372000000,
    "grossProfit": 1647000000,
    "grossProfitRatio": 0.4098034337,
    "researchAndDevelopmentExpenses": 0,
    "generalAndAdministrativeExpenses": 0,
    "sellingAndMarketingExpenses": 0,
    "sellingGeneralAndAdministrativeExpenses": 675000000,
    "otherExpenses": 0,
    "operatingExpenses": 675000000,
    "costAndExpenses": 3047000000,
    "interestIncome": 0,
    "interestExpense": 60000000,
    "depreciationAndAmortization": 99000000,
    "ebitda": 1081000000,
    "ebitdaratio": 0.2689723812,
    "operatingIncome": 972000000,
    "operatingIncomeRatio": 0.2418512068,
    "totalOtherIncomeExpensesNet": -50000000,
    "incomeBeforeTax": 922000000,
    "incomeBeforeTaxRatio": 0.2294103011,
    "incomeTaxExpense": 208000000,
    "netIncome": 714000000,
    "netIncomeRatio": 0.1776561334,
    "eps": 2.34,
    "epsdiluted": 2.33,
    "weightedAverageShsOut": 305000000,
    "weightedAverageShsOutDil": 306100000,
    "link": "https://www.sec.gov/Archives/edgar/data/49826/000004982623000025/0000049826-23-000025-index.htm",
    "finalLink": "https://www.sec.gov/Archives/edgar/data/49826/000004982623000025/itw-20230331.htm"
  },
  {
    "date": "2022-12-31",
    "symbol": "ITW",
    "reportedCurrency": "USD",
    "cik": "0000049826",
    "fillingDate": "2023-02-10",
    "acceptedDate": "2023-02-10 15:31:41",
    "calendarYear": "2022",
    "period": "Q4",
    "revenue": 3971000000,
    "costOfRevenue": 2341000000,
    "grossProfit": 1630000000,
    "grossProfitRatio": 0.4104759506,
    "researchAndDevelopmentExpenses": 0,
    "generalAndAdministrativeExpenses": 0,
    "sellingAndMarketingExpenses": 0,
    "sellingGeneralAndAdministrativeExpenses": 644000000,
    "otherExpenses": 0,
    "operatingExpenses": 644000000,
    "costAndExpenses": 2985000000,
    "interestIncome": 0,
    "interestExpense": 56000000,
    "depreciationAndAmortization": 99000000,
    "ebitda": 1276000000,
    "ebitdaratio": 0.3213296399,
    "operatingIncome": 986000000,
    "operatingIncomeRatio": 0.2483001763,
    "totalOtherIncomeExpensesNet": 135000000,
    "incomeBeforeTax": 1121000000,
    "incomeBeforeTaxRatio": 0.2822966507,
    "incomeTaxExpense": 214000000,
    "netIncome": 907000000,
    "netIncomeRatio": 0.2284059431,
    "eps": 2.96,
    "epsdiluted": 2.95,
    "weightedAverageShsOut": 306800000,
    "weightedAverageShsOutDil": 307900000,
    "link": "https://www.sec.gov/Archives/edgar/data/49826/000004982623000008/0000049826-23-000008-index.htm",
    "finalLink": "https://www.sec.gov/Archives/edgar/data/49826/000004982623000008/itw-20221231.htm"
  },
  {
    "date": "2022-09-30",
    "symbol": "ITW",
    "reportedCurrency": "USD",
    "cik": "0000049826",
    "fillingDate": "2022-10-27",
    "acceptedDate": "2022-10-27 17:28:34",
    "calendarYear": "2022",
    "period": "Q3",
    "revenue": 4011000000,
    "costOfRevenue": 2404000000,
    "grossProfit": 1607000000,
    "grossProfitRatio": 0.4006482174,
    "researchAndDevelopmentExpenses": 0,
    "generalAndAdministrativeExpenses": 0,
    "sellingAndMarketingExpenses": 0,
    "sellingGeneralAndAdministrativeExpenses": 624000000,
    "otherExpenses": 0,
    "operatingExpenses": 624000000,
    "costAndExpenses": 3028000000,
    "interestIncome": 0,
    "interestExpense": 52000000,
    "depreciationAndAmortization": 102000000,
    "ebitda": 1111000000,
    "ebitdaratio": 0.2769882822,
    "operatingIncome": 983000000,
    "operatingIncomeRatio": 0.2450760409,
    "totalOtherIncomeExpensesNet": -26000000,
    "incomeBeforeTax": 957000000,
    "incomeBeforeTaxRatio": 0.2385938669,
    "incomeTaxExpense": 230000000,
    "netIncome": 727000000,
    "netIncomeRatio": 0.1812515582,
    "eps": 2.35,
    "epsdiluted": 2.35,
    "weightedAverageShsOut": 308800000,
    "weightedAverageShsOutDil": 309700000,
    "link": "https://www.sec.gov/Archives/edgar/data/49826/000004982622000060/0000049826-22-000060-index.htm",
    "finalLink": "https://www.sec.gov/Archives/edgar/data/49826/000004982622000060/itw-20220930.htm"
  },
  {
    "date": "2022-06-30",
    "symbol": "ITW",
    "reportedCurrency": "USD",
    "cik": "0000049826",
    "fillingDate": "2022-08-05",
    "acceptedDate": "2022-08-04 19:13:35",
    "calendarYear": "2022",
    "period": "Q2",
    "revenue": 4011000000,
    "costOfRevenue": 2426000000,
    "grossProfit": 1585000000,
    "grossProfitRatio": 0.3951633009,
    "researchAndDevelopmentExpenses": 0,
    "generalAndAdministrativeExpenses": 0,
    "sellingAndMarketingExpenses": 0,
    "sellingGeneralAndAdministrativeExpenses": 659000000,
    "otherExpenses": 0,
    "operatingExpenses": 659000000,
    "costAndExpenses": 3085000000,
    "interestIncome": 0,
    "interestExpense": 47000000,
    "depreciationAndAmortization": 103000000,
    "ebitda": 1053000000,
    "ebitdaratio": 0.2625280479,
    "operatingIncome": 926000000,
    "operatingIncomeRatio": 0.2308651209,
    "totalOtherIncomeExpensesNet": -23000000,
    "incomeBeforeTax": 903000000,
    "incomeBeforeTaxRatio": 0.2251308901,
    "incomeTaxExpense": 165000000,
    "netIncome": 738000000,
    "netIncomeRatio": 0.1839940165,
    "eps": 2.38,
    "epsdiluted": 2.37,
    "weightedAverageShsOut": 310600000,
    "weightedAverageShsOutDil": 311500000,
    "link": "https://www.sec.gov/Archives/edgar/data/49826/000004982622000046/0000049826-22-000046-index.htm",
    "finalLink": "https://www.sec.gov/Archives/edgar/data/49826/000004982622000046/itw-20220630.htm"
  },
  {
    "date": "2022-03-31",
    "symbol": "ITW",
    "reportedCurrency": "USD",
    "cik": "0000049826",
    "fillingDate": "2022-05-06",
    "acceptedDate": "2022-05-05 18:55:15",
    "calendarYear": "2022",
    "period": "Q1",
    "revenue": 3939000000,
    "costOfRevenue": 2392000000,
    "grossProfit": 1547000000,
    "grossProfitRatio": 0.3927392739,
    "researchAndDevelopmentExpenses": 0,
    "generalAndAdministrativeExpenses": 0,
    "sellingAndMarketingExpenses": 0,
    "sellingGeneralAndAdministrativeExpenses": 652000000,
    "otherExpenses": 0,
    "operatingExpenses": 652000000,
    "costAndExpenses": 3044000000,
    "interestIncome": 0,
    "interestExpense": 48000000,
    "depreciationAndAmortization": 106000000,
    "ebitda": 1015000000,
    "ebitdaratio": 0.2576796141,
    "operatingIncome": 895000000,
    "operatingIncomeRatio": 0.2272150292,
    "totalOtherIncomeExpensesNet": -34000000,
    "incomeBeforeTax": 861000000,
    "incomeBeforeTaxRatio": 0.2185833968,
    "incomeTaxExpense": 199000000,
    "netIncome": 662000000,
    "netIncomeRatio": 0.1680629601,
    "eps": 2.12,
    "epsdiluted": 2.11,
    "weightedAverageShsOut": 312500000,
    "weightedAverageShsOutDil": 313700000,
    "link": "https://www.sec.gov/Archives/edgar/data/49826/000004982622000012/0000049826-22-000012-index.htm",
    "finalLink": "https://www.sec.gov/Archives/edgar/data/49826/000004982622000012/itw-20220331.htm"
  },
  {
    "date": "2021-12-31",
    "symbol": "ITW",
    "reportedCurrency": "USD",
    "cik": "0000049826",
    "fillingDate": "2022-02-11",
    "acceptedDate": "2022-02-11 14:42:05",
    "calendarYear": "2021",
    "period": "Q4",
    "revenue": 3679000000,
    "costOfRevenue": 2224000000,
    "grossProfit": 1455000000,
    "grossProfitRatio": 0.3954879043,
    "researchAndDevelopmentExpenses": 0,
    "generalAndAdministrativeExpenses": 0,
    "sellingAndMarketingExpenses": 0,
    "sellingGeneralAndAdministrativeExpenses": 621000000,
    "otherExpenses": 0,
    "operatingExpenses": 621000000,
    "costAndExpenses": 2845000000,
    "interestIncome": 0,
    "interestExpense": 49000000,
    "depreciationAndAmortization": 104000000,
    "ebitda": 945000000,
    "ebitdaratio": 0.2568632781,
    "operatingIncome": 834000000,
    "operatingIncomeRatio": 0.2266920359,
    "totalOtherIncomeExpensesNet": -42000000,
    "incomeBeforeTax": 792000000,
    "incomeBeforeTaxRatio": 0.2152758902,
    "incomeTaxExpense": 183000000,
    "netIncome": 609000000,
    "netIncomeRatio": 0.1655341125,
    "eps": 1.94,
    "epsdiluted": 1.93,
    "weightedAverageShsOut": 313600000,
    "weightedAverageShsOutDil": 315000000,
    "link": "https://www.sec.gov/Archives/edgar/data/49826/000004982622000006/0000049826-22-000006-index.htm",
    "finalLink": "https://www.sec.gov/Archives/edgar/data/49826/000004982622000006/itw-20211231.htm"
  },
  {
    "date": "2021-09-30",
    "symbol": "ITW",
    "reportedCurrency": "USD",
    "cik": "0000049826",
    "fillingDate": "2021-10-29",
    "acceptedDate": "2021-10-28 17:43:03",
    "calendarYear": "2021",
    "period": "Q3",
    "revenue": 3556000000,
    "costOfRevenue": 2130000000,
    "grossProfit": 1426000000,
    "grossProfitRatio": 0.4010123735,
    "researchAndDevelopmentExpenses": 0,
    "generalAndAdministrativeExpenses": 0,
    "sellingAndMarketingExpenses": 0,
    "sellingGeneralAndAdministrativeExpenses": 581000000,
    "otherExpenses": 0,
    "operatingExpenses": 581000000,
    "costAndExpenses": 2711000000,
    "interestIncome": 0,
    "interestExpense": 49000000,
    "depreciationAndAmortization": 104000000,
    "ebitda": 959000000,
    "ebitdaratio": 0.2696850394,
    "operatingIncome": 845000000,
    "operatingIncomeRatio": 0.2376265467,
    "totalOtherIncomeExpensesNet": -39000000,
    "incomeBeforeTax": 806000000,
    "incomeBeforeTaxRatio": 0.2266591676,
    "incomeTaxExpense": 167000000,
    "netIncome": 639000000,
    "netIncomeRatio": 0.179696288,
    "eps": 2.03,
    "epsdiluted": 2.02,
    "weightedAverageShsOut": 314600000,
    "weightedAverageShsOutDil": 315900000,
    "link": "https://www.sec.gov/Archives/edgar/data/49826/000004982621000079/0000049826-21-000079-index.htm",
    "finalLink": "https://www.sec.gov/Archives/edgar/data/49826/000004982621000079/itw-20210930.htm"
  },
  {
    "date": "2021-06-30",
    "symbol": "ITW",
    "reportedCurrency": "USD",
    "cik": "0000049826",
    "fillingDate": "2021-08-05",
    "acceptedDate": "2021-08-05 16:12:40",
    "calendarYear": "2021",
    "period": "Q2",
    "revenue": 3676000000,
    "costOfRevenue": 2195000000,
    "grossProfit": 1481000000,
    "grossProfitRatio": 0.4028835691,
    "researchAndDevelopmentExpenses": 0,
    "generalAndAdministrativeExpenses": 0,
    "sellingAndMarketingExpenses": 0,
    "sellingGeneralAndAdministrativeExpenses": 588000000,
    "otherExpenses": 0,
    "operatingExpenses": 588000000,
    "costAndExpenses": 2783000000,
    "interestIncome": 0,
    "interestExpense": 52000000,
    "depreciationAndAmortization": 102000000,
    "ebitda": 1017000000,
    "ebitdaratio": 0.2766594124,
    "operatingIncome": 893000000,
    "operatingIncomeRatio": 0.2429270947,
    "totalOtherIncomeExpensesNet": -30000000,
    "incomeBeforeTax": 863000000,
    "incomeBeforeTaxRatio": 0.2347660501,
    "incomeTaxExpense": 88000000,
    "netIncome": 775000000,
    "netIncomeRatio": 0.2108269859,
    "eps": 2.46,
    "epsdiluted": 2.45,
    "weightedAverageShsOut": 315600000,
    "weightedAverageShsOutDil": 316900000,
    "link": "https://www.sec.gov/Archives/edgar/data/49826/000004982621000059/0000049826-21-000059-index.htm",
    "finalLink": "https://www.sec.gov/Archives/edgar/data/49826/000004982621000059/itw-20210630.htm"
  },
  {
    "date": "2021-03-31",
    "symbol": "ITW",
    "reportedCurrency": "USD",
    "cik": "0000049826",
    "fillingDate": "2021-05-06",
    "acceptedDate": "2021-05-06 16:43:12",
    "calendarYear": "2021",
    "period": "Q1",
    "revenue": 3544000000,
    "costOfRevenue": 2073000000,
    "grossProfit": 1471000000,
    "grossProfitRatio": 0.4150677201,
    "researchAndDevelopmentExpenses": 0,
    "generalAndAdministrativeExpenses": 0,
    "sellingAndMarketingExpenses": 0,
    "sellingGeneralAndAdministrativeExpenses": 566000000,
    "otherExpenses": 0,
    "operatingExpenses": 566000000,
    "costAndExpenses": 2639000000,
    "interestIncome": 0,
    "interestExpense": 52000000,
    "depreciationAndAmortization": 100000000,
    "ebitda": 1017000000,
    "ebitdaratio": 0.2869638826,
    "operatingIncome": 905000000,
    "operatingIncomeRatio": 0.2553611738,
    "totalOtherIncomeExpensesNet": -40000000,
    "incomeBeforeTax": 865000000,
    "incomeBeforeTaxRatio": 0.2440744921,
    "incomeTaxExpense": 194000000,
    "netIncome": 671000000,
    "netIncomeRatio": 0.1893340858,
    "eps": 2.12,
    "epsdiluted": 2.11,
    "weightedAverageShsOut": 316600000,
    "weightedAverageShsOutDil": 317900000,
    "link": "https://www.sec.gov/Archives/edgar/data/49826/000004982621000020/0000049826-21-000020-index.htm",
    "finalLink": "https://www.sec.gov/Archives/edgar/data/49826/000004982621000020/itw-20210331.htm"
  },
  {
    "date": "2020-12-31",
    "symbol": "ITW",
    "reportedCurrency": "USD",
    "cik": "0000049826",
    "fillingDate": "2021-02-12",
    "acceptedDate": "2021-02-12 14:36:16",
    "calendarYear": "2020",
    "period": "Q4",
    "revenue": 3475000000,
    "costOfRevenue": 2035000000,
    "grossProfit": 1440000000,
    "grossProfitRatio": 0.4143884892,
    "researchAndDevelopmentExpenses": 0,
    "generalAndAdministrativeExpenses": 560000000,
    "sellingAndMarketingExpenses": -3000000,
    "sellingGeneralAndAdministrativeExpenses": 557000000,
    "otherExpenses": 0,
    "operatingExpenses": 557000000,
    "costAndExpenses": 2592000000,
    "interestIncome": 0,
    "interestExpense": 52000000,
    "depreciationAndAmortization": 105000000,
    "ebitda": 981000000,
    "ebitdaratio": 0.2823021583,
    "operatingIncome": 883000000,
    "operatingIncomeRatio": 0.2541007194,
    "totalOtherIncomeExpensesNet": -59000000,
    "incomeBeforeTax": 824000000,
    "incomeBeforeTaxRatio": 0.2371223022,
    "incomeTaxExpense": 182000000,
    "netIncome": 642000000,
    "netIncomeRatio": 0.1847482014,
    "eps": 2.03,
    "epsdiluted": 2.02,
    "weightedAverageShsOut": 316700000,
    "weightedAverageShsOutDil": 318100000,
    "link": "https://www.sec.gov/Archives/edgar/data/49826/000004982621000007/0000049826-21-000007-index.htm",
    "finalLink": "https://www.sec.gov/Archives/edgar/data/49826/000004982621000007/itw-20201231.htm"
  },
  {
    "date": "2020-09-30",
    "symbol": "ITW",
    "reportedCurrency": "USD",
    "cik": "0000049826",
    "fillingDate": "2020-10-30",
    "acceptedDate": "2020-10-29 18:30:18",
    "calendarYear": "2020",
    "period": "Q3",
    "revenue": 3307000000,
    "costOfRevenue": 1958000000,
    "grossProfit": 1349000000,
    "grossProfitRatio": 0.4079225884,
    "researchAndDevelopmentExpenses": 0,
    "generalAndAdministrativeExpenses": 0,
    "sellingAndMarketingExpenses": 0,
    "sellingGeneralAndAdministrativeExpenses": 560000000,
    "otherExpenses": 0,
    "operatingExpenses": 560000000,
    "costAndExpenses": 2518000000,
    "interestIncome": 0,
    "interestExpense": 52000000,
    "depreciationAndAmortization": 118000000,
    "ebitda": 909000000,
    "ebitdaratio": 0.2748714847,
    "operatingIncome": 789000000,
    "operatingIncomeRatio": 0.2385848201,
    "totalOtherIncomeExpensesNet": -50000000,
    "incomeBeforeTax": 739000000,
    "incomeBeforeTaxRatio": 0.2234653765,
    "incomeTaxExpense": 157000000,
    "netIncome": 582000000,
    "netIncomeRatio": 0.1759903236,
    "eps": 1.84,
    "epsdiluted": 1.83,
    "weightedAverageShsOut": 316500000,
    "weightedAverageShsOutDil": 317900000,
    "link": "https://www.sec.gov/Archives/edgar/data/49826/000004982620000106/0000049826-20-000106-index.htm",
    "finalLink": "https://www.sec.gov/Archives/edgar/data/49826/000004982620000106/itw-20200930.htm"
  },
  {
    "date": "2020-06-30",
    "symbol": "ITW",
    "reportedCurrency": "USD",
    "cik": "0000049826",
    "fillingDate": "2020-08-06",
    "acceptedDate": "2020-08-06 17:25:17",
    "calendarYear": "2020",
    "period": "Q2",
    "revenue": 2564000000,
    "costOfRevenue": 1629000000,
    "grossProfit": 935000000,
    "grossProfitRatio": 0.3646645866,
    "researchAndDevelopmentExpenses": 0,
    "generalAndAdministrativeExpenses": 0,
    "sellingAndMarketingExpenses": 0,
    "sellingGeneralAndAdministrativeExpenses": 486000000,
    "otherExpenses": 0,
    "operatingExpenses": 486000000,
    "costAndExpenses": 2115000000,
    "interestIncome": 0,
    "interestExpense": 51000000,
    "depreciationAndAmortization": 100000000,
    "ebitda": 557000000,
    "ebitdaratio": 0.2172386895,
    "operatingIncome": 449000000,
    "operatingIncomeRatio": 0.1751170047,
    "totalOtherIncomeExpensesNet": -43000000,
    "incomeBeforeTax": 406000000,
    "incomeBeforeTaxRatio": 0.1583463339,
    "incomeTaxExpense": 87000000,
    "netIncome": 319000000,
    "netIncomeRatio": 0.1244149766,
    "eps": 1.01,
    "epsdiluted": 1.01,
    "weightedAverageShsOut": 316100000,
    "weightedAverageShsOutDil": 317400000,
    "link": "https://www.sec.gov/Archives/edgar/data/49826/000004982620000099/0000049826-20-000099-index.htm",
    "finalLink": "https://www.sec.gov/Archives/edgar/data/49826/000004982620000099/itw-20200630.htm"
  },
  {
    "date": "2020-03-31",
    "symbol": "ITW",
    "reportedCurrency": "USD",
    "cik": "0000049826",
    "fillingDate": "2020-05-08",
    "acceptedDate": "2020-05-07 17:40:00",
    "calendarYear": "2020",
    "period": "Q1",
    "revenue": 3228000000,
    "costOfRevenue": 1907000000,
    "grossProfit": 1321000000,
    "grossProfitRatio": 0.4092317224,
    "researchAndDevelopmentExpenses": 0,
    "generalAndAdministrativeExpenses": 560000000,
    "sellingAndMarketingExpenses": 0,
    "sellingGeneralAndAdministrativeExpenses": 560000000,
    "otherExpenses": 0,
    "operatingExpenses": 560000000,
    "costAndExpenses": 2467000000,
    "interestIncome": 0,
    "interestExpense": 51000000,
    "depreciationAndAmortization": 104000000,
    "ebitda": 890000000,
    "ebitdaratio": 0.2757125155,
    "operatingIncome": 761000000,
    "operatingIncomeRatio": 0.2357496902,
    "totalOtherIncomeExpensesNet": -26000000,
    "incomeBeforeTax": 735000000,
    "incomeBeforeTaxRatio": 0.2276951673,
    "incomeTaxExpense": 169000000,
    "netIncome": 566000000,
    "netIncomeRatio": 0.1753407683,
    "eps": 1.78,
    "epsdiluted": 1.77,
    "weightedAverageShsOut": 318300000,
    "weightedAverageShsOutDil": 319700000,
    "link": "https://www.sec.gov/Archives/edgar/data/49826/000004982620000052/0000049826-20-000052-index.htm",
    "finalLink": "https://www.sec.gov/Archives/edgar/data/49826/000004982620000052/itw-20200331x10q.htm"
  },
  {
    "date": "2019-12-31",
    "symbol": "ITW",
    "reportedCurrency": "USD",
    "cik": "0000049826",
    "fillingDate": "2020-02-14",
    "acceptedDate": "2020-02-14 15:16:14",
    "calendarYear": "2019",
    "period": "Q4",
    "revenue": 3469000000,
    "costOfRevenue": 2059000000,
    "grossProfit": 1410000000,
    "grossProfitRatio": 0.4064571923,
    "researchAndDevelopmentExpenses": 0,
    "generalAndAdministrativeExpenses": 586000000,
    "sellingAndMarketingExpenses": 0,
    "sellingGeneralAndAdministrativeExpenses": 586000000,
    "otherExpenses": 0,
    "operatingExpenses": 586000000,
    "costAndExpenses": 2645000000,
    "interestIncome": 0,
    "interestExpense": 51000000,
    "depreciationAndAmortization": 105000000,
    "ebitda": 987000000,
    "ebitdaratio": 0.2845200346,
    "operatingIncome": 824000000,
    "operatingIncomeRatio": 0.2375324301,
    "totalOtherIncomeExpensesNet": 7000000,
    "incomeBeforeTax": 831000000,
    "incomeBeforeTaxRatio": 0.2395503027,
    "incomeTaxExpense": 190000000,
    "netIncome": 641000000,
    "netIncomeRatio": 0.1847794754,
    "eps": 2,
    "epsdiluted": 1.99,
    "weightedAverageShsOut": 321200000,
    "weightedAverageShsOutDil": 322900000,
    "link": "https://www.sec.gov/Archives/edgar/data/49826/000004982620000020/0000049826-20-000020-index.htm",
    "finalLink": "https://www.sec.gov/Archives/edgar/data/49826/000004982620000020/itw-20191231x10k.htm"
  },
  {
    "date": "2019-09-30",
    "symbol": "ITW",
    "reportedCurrency": "USD",
    "cik": "0000049826",
    "fillingDate": "2019-10-28",
    "acceptedDate": "2019-10-28 11:35:07",
    "calendarYear": "2019",
    "period": "Q3",
    "revenue": 3479000000,
    "costOfRevenue": 2045000000,
    "grossProfit": 1434000000,
    "grossProfitRatio": 0.4121874102,
    "researchAndDevelopmentExpenses": 0,
    "generalAndAdministrativeExpenses": 566000000,
    "sellingAndMarketingExpenses": 0,
    "sellingGeneralAndAdministrativeExpenses": 566000000,
    "otherExpenses": 0,
    "operatingExpenses": 566000000,
    "costAndExpenses": 2611000000,
    "interestIncome": 0,
    "interestExpense": 52000000,
    "depreciationAndAmortization": 104000000,
    "ebitda": 998000000,
    "ebitdaratio": 0.2868640414,
    "operatingIncome": 868000000,
    "operatingIncomeRatio": 0.2494969819,
    "totalOtherIncomeExpensesNet": -26000000,
    "incomeBeforeTax": 842000000,
    "incomeBeforeTaxRatio": 0.24202357,
    "incomeTaxExpense": 182000000,
    "netIncome": 660000000,
    "netIncomeRatio": 0.1897096867,
    "eps": 2.05,
    "epsdiluted": 2.04,
    "weightedAverageShsOut": 322300000,
    "weightedAverageShsOutDil": 324000000,
    "link": "https://www.sec.gov/Archives/edgar/data/49826/000004982619000103/0000049826-19-000103-index.htm",
    "finalLink": "https://www.sec.gov/Archives/edgar/data/49826/000004982619000103/itw-20190930x10q.htm"
  },
  {
    "date": "2019-06-30",
    "symbol": "ITW",
    "reportedCurrency": "USD",
    "cik": "0000049826",
    "fillingDate": "2019-08-02",
    "acceptedDate": "2019-08-01 17:50:38",
    "calendarYear": "2019",
    "period": "Q2",
    "revenue": 3609000000,
    "costOfRevenue": 2140000000,
    "grossProfit": 1469000000,
    "grossProfitRatio": 0.4070379607,
    "researchAndDevelopmentExpenses": 0,
    "generalAndAdministrativeExpenses": 598000000,
    "sellingAndMarketingExpenses": 0,
    "sellingGeneralAndAdministrativeExpenses": 598000000,
    "otherExpenses": 0,
    "operatingExpenses": 598000000,
    "costAndExpenses": 2738000000,
    "interestIncome": 0,
    "interestExpense": 55000000,
    "depreciationAndAmortization": 107000000,
    "ebitda": 987000000,
    "ebitdaratio": 0.2734829593,
    "operatingIncome": 871000000,
    "operatingIncomeRatio": 0.2413410917,
    "totalOtherIncomeExpensesNet": -46000000,
    "incomeBeforeTax": 825000000,
    "incomeBeforeTaxRatio": 0.2285951787,
    "incomeTaxExpense": 202000000,
    "netIncome": 623000000,
    "netIncomeRatio": 0.1726239956,
    "eps": 1.92,
    "epsdiluted": 1.91,
    "weightedAverageShsOut": 324800000,
    "weightedAverageShsOutDil": 326600000,
    "link": "https://www.sec.gov/Archives/edgar/data/49826/000004982619000088/0000049826-19-000088-index.htm",
    "finalLink": "https://www.sec.gov/Archives/edgar/data/49826/000004982619000088/itw-20190630x10q.htm"
  },
  {
    "date": "2019-03-31",
    "symbol": "ITW",
    "reportedCurrency": "USD",
    "cik": "0000049826",
    "fillingDate": "2019-05-03",
    "acceptedDate": "2019-05-02 19:43:01",
    "calendarYear": "2019",
    "period": "Q1",
    "revenue": 3552000000,
    "costOfRevenue": 2102000000,
    "grossProfit": 1450000000,
    "grossProfitRatio": 0.4082207207,
    "researchAndDevelopmentExpenses": 0,
    "generalAndAdministrativeExpenses": 611000000,
    "sellingAndMarketingExpenses": 0,
    "sellingGeneralAndAdministrativeExpenses": 611000000,
    "otherExpenses": 0,
    "operatingExpenses": 611000000,
    "costAndExpenses": 2713000000,
    "interestIncome": 0,
    "interestExpense": 63000000,
    "depreciationAndAmortization": 110000000,
    "ebitda": 963000000,
    "ebitdaratio": 0.2711148649,
    "operatingIncome": 839000000,
    "operatingIncomeRatio": 0.236204955,
    "totalOtherIncomeExpensesNet": -49000000,
    "incomeBeforeTax": 790000000,
    "incomeBeforeTaxRatio": 0.2224099099,
    "incomeTaxExpense": 193000000,
    "netIncome": 597000000,
    "netIncomeRatio": 0.1680743243,
    "eps": 1.82,
    "epsdiluted": 1.81,
    "weightedAverageShsOut": 327300000,
    "weightedAverageShsOutDil": 329600000,
    "link": "https://www.sec.gov/Archives/edgar/data/49826/000004982619000055/0000049826-19-000055-index.htm",
    "finalLink": "https://www.sec.gov/Archives/edgar/data/49826/000004982619000055/itw-20190331x10q.htm"
  },
  {
    "date": "2018-12-31",
    "symbol": "ITW",
    "reportedCurrency": "USD",
    "cik": "0000049826",
    "fillingDate": "2019-02-15",
    "acceptedDate": "2019-02-15 15:56:45",
    "calendarYear": "2018",
    "period": "Q4",
    "revenue": 3580000000,
    "costOfRevenue": 2142000000,
    "grossProfit": 1438000000,
    "grossProfitRatio": 0.4016759777,
    "researchAndDevelopmentExpenses": 0,
    "generalAndAdministrativeExpenses": 0,
    "sellingAndMarketingExpenses": 0,
    "sellingGeneralAndAdministrativeExpenses": 578000000,
    "otherExpenses": 0,
    "operatingExpenses": 578000000,
    "costAndExpenses": 2720000000,
    "interestIncome": 0,
    "interestExpense": 63000000,
    "depreciationAndAmortization": 115000000,
    "ebitda": 994000000,
    "ebitdaratio": 0.2776536313,
    "operatingIncome": 860000000,
    "operatingIncomeRatio": 0.2402234637,
    "totalOtherIncomeExpensesNet": -44000000,
    "incomeBeforeTax": 816000000,
    "incomeBeforeTaxRatio": 0.2279329609,
    "incomeTaxExpense": 209000000,
    "netIncome": 607000000,
    "netIncomeRatio": 0.1695530726,
    "eps": 1.84,
    "epsdiluted": 1.83,
    "weightedAverageShsOut": 329800000,
    "weightedAverageShsOutDil": 331600000,
    "link": "https://www.sec.gov/Archives/edgar/data/49826/000004982619000021/0000049826-19-000021-index.htm",
    "finalLink": "https://www.sec.gov/Archives/edgar/data/49826/000004982619000021/itw-20181231x10k.htm"
  },
  {
    "date": "2018-09-30",
    "symbol": "ITW",
    "reportedCurrency": "USD",
    "cik": "0000049826",
    "fillingDate": "2018-11-01",
    "acceptedDate": "2018-11-01 10:36:07",
    "calendarYear": "2018",
    "period": "Q3",
    "revenue": 3613000000,
    "costOfRevenue": 2143000000,
    "grossProfit": 1470000000,
    "grossProfitRatio": 0.4068641019,
    "researchAndDevelopmentExpenses": 0,
    "generalAndAdministrativeExpenses": 0,
    "sellingAndMarketingExpenses": 0,
    "sellingGeneralAndAdministrativeExpenses": 581000000,
    "otherExpenses": 0,
    "operatingExpenses": 581000000,
    "costAndExpenses": 2724000000,
    "interestIncome": 0,
    "interestExpense": 64000000,
    "depreciationAndAmortization": 115000000,
    "ebitda": 1014000000,
    "ebitdaratio": 0.2806531968,
    "operatingIncome": 889000000,
    "operatingIncomeRatio": 0.2460559092,
    "totalOtherIncomeExpensesNet": -54000000,
    "incomeBeforeTax": 835000000,
    "incomeBeforeTaxRatio": 0.231109881,
    "incomeTaxExpense": 197000000,
    "netIncome": 638000000,
    "netIncomeRatio": 0.1765845558,
    "eps": 1.91,
    "epsdiluted": 1.9,
    "weightedAverageShsOut": 333300000,
    "weightedAverageShsOutDil": 335300000,
    "link": "https://www.sec.gov/Archives/edgar/data/49826/000004982618000106/0000049826-18-000106-index.htm",
    "finalLink": "https://www.sec.gov/Archives/edgar/data/49826/000004982618000106/itw-20180930x10q.htm"
  },
  {
    "date": "2018-06-30",
    "symbol": "ITW",
    "reportedCurrency": "USD",
    "cik": "0000049826",
    "fillingDate": "2018-08-03",
    "acceptedDate": "2018-08-02 18:38:55",
    "calendarYear": "2018",
    "period": "Q2",
    "revenue": 3831000000,
    "costOfRevenue": 2279000000,
    "grossProfit": 1552000000,
    "grossProfitRatio": 0.4051161577,
    "researchAndDevelopmentExpenses": 0,
    "generalAndAdministrativeExpenses": 0,
    "sellingAndMarketingExpenses": 0,
    "sellingGeneralAndAdministrativeExpenses": 620000000,
    "otherExpenses": 0,
    "operatingExpenses": 620000000,
    "costAndExpenses": 2899000000,
    "interestIncome": 0,
    "interestExpense": 64000000,
    "depreciationAndAmortization": 116000000,
    "ebitda": 1074000000,
    "ebitdaratio": 0.2803445576,
    "operatingIncome": 932000000,
    "operatingIncomeRatio": 0.2432785174,
    "totalOtherIncomeExpensesNet": -38000000,
    "incomeBeforeTax": 894000000,
    "incomeBeforeTaxRatio": 0.2333594362,
    "incomeTaxExpense": 228000000,
    "netIncome": 666000000,
    "netIncomeRatio": 0.1738449491,
    "eps": 1.98,
    "epsdiluted": 1.97,
    "weightedAverageShsOut": 336700000,
    "weightedAverageShsOutDil": 338900000,
    "link": "https://www.sec.gov/Archives/edgar/data/49826/000004982618000089/0000049826-18-000089-index.htm",
    "finalLink": "https://www.sec.gov/Archives/edgar/data/49826/000004982618000089/itw-20180630x10q.htm"
  },
  {
    "date": "2018-03-30",
    "symbol": "ITW",
    "reportedCurrency": "USD",
    "cik": "0000049826",
    "fillingDate": "2018-05-04",
    "acceptedDate": "2018-05-04 15:50:09",
    "calendarYear": "2018",
    "period": "Q1",
    "revenue": 3744000000,
    "costOfRevenue": 2229000000,
    "grossProfit": 1515000000,
    "grossProfitRatio": 0.4046474359,
    "researchAndDevelopmentExpenses": 0,
    "generalAndAdministrativeExpenses": 0,
    "sellingAndMarketingExpenses": 0,
    "sellingGeneralAndAdministrativeExpenses": 612000000,
    "otherExpenses": 0,
    "operatingExpenses": 612000000,
    "costAndExpenses": 2841000000,
    "interestIncome": 0,
    "interestExpense": 66000000,
    "depreciationAndAmortization": 115000000,
    "ebitda": 1030000000,
    "ebitdaratio": 0.2751068376,
    "operatingIncome": 903000000,
    "operatingIncomeRatio": 0.2411858974,
    "totalOtherIncomeExpensesNet": -54000000,
    "incomeBeforeTax": 849000000,
    "incomeBeforeTaxRatio": 0.2267628205,
    "incomeTaxExpense": 197000000,
    "netIncome": 652000000,
    "netIncomeRatio": 0.1741452991,
    "eps": 1.92,
    "epsdiluted": 1.9,
    "weightedAverageShsOut": 340200000,
    "weightedAverageShsOutDil": 342800000,
    "link": "https://www.sec.gov/Archives/edgar/data/49826/000004982618000053/0000049826-18-000053-index.htm",
    "finalLink": "https://www.sec.gov/Archives/edgar/data/49826/000004982618000053/itw-20180331x10q.htm"
  },
  {
    "date": "2017-12-31",
    "symbol": "ITW",
    "reportedCurrency": "USD",
    "cik": "0000049826",
    "fillingDate": "2018-02-15",
    "acceptedDate": "2018-02-15 11:12:45",
    "calendarYear": "2017",
    "period": "Q4",
    "revenue": 3629000000,
    "costOfRevenue": 2174000000,
    "grossProfit": 1455000000,
    "grossProfitRatio": 0.4009368972,
    "researchAndDevelopmentExpenses": 0,
    "generalAndAdministrativeExpenses": 605000000,
    "sellingAndMarketingExpenses": 0,
    "sellingGeneralAndAdministrativeExpenses": 605000000,
    "otherExpenses": 0,
    "operatingExpenses": 605000000,
    "costAndExpenses": 2779000000,
    "interestIncome": 0,
    "interestExpense": 66000000,
    "depreciationAndAmortization": 118000000,
    "ebitda": 980000000,
    "ebitdaratio": 0.2700468449,
    "operatingIncome": 850000000,
    "operatingIncomeRatio": 0.2342243042,
    "totalOtherIncomeExpensesNet": -54000000,
    "incomeBeforeTax": 796000000,
    "incomeBeforeTaxRatio": 0.2193441719,
    "incomeTaxExpense": 872000000,
    "netIncome": -76000000,
    "netIncomeRatio": -0.0209424084,
    "eps": -0.22,
    "epsdiluted": -0.22,
    "weightedAverageShsOut": 340411808,
    "weightedAverageShsOutDil": 342100000,
    "link": "https://www.sec.gov/Archives/edgar/data/49826/000004982618000017/0000049826-18-000017-index.htm",
    "finalLink": "https://www.sec.gov/Archives/edgar/data/49826/000004982618000017/itw-20171231x10k.htm"
  },
  {
    "date": "2017-09-30",
    "symbol": "ITW",
    "reportedCurrency": "USD",
    "cik": "0000049826",
    "fillingDate": "2017-10-27",
    "acceptedDate": "2017-10-27 10:26:05",
    "calendarYear": "2017",
    "period": "Q3",
    "revenue": 3615000000,
    "costOfRevenue": 2145000000,
    "grossProfit": 1470000000,
    "grossProfitRatio": 0.4066390041,
    "researchAndDevelopmentExpenses": 0,
    "generalAndAdministrativeExpenses": 589000000,
    "sellingAndMarketingExpenses": 0,
    "sellingGeneralAndAdministrativeExpenses": 589000000,
    "otherExpenses": 0,
    "operatingExpenses": 589000000,
    "costAndExpenses": 2734000000,
    "interestIncome": 0,
    "interestExpense": 65000000,
    "depreciationAndAmortization": 116000000,
    "ebitda": 1087000000,
    "ebitdaratio": 0.3006915629,
    "operatingIncome": 961000000,
    "operatingIncomeRatio": 0.2658367911,
    "totalOtherIncomeExpensesNet": -54000000,
    "incomeBeforeTax": 906000000,
    "incomeBeforeTaxRatio": 0.2506224066,
    "incomeTaxExpense": 266000000,
    "netIncome": 640000000,
    "netIncomeRatio": 0.1770401107,
    "eps": 1.86,
    "epsdiluted": 1.85,
    "weightedAverageShsOut": 343400000,
    "weightedAverageShsOutDil": 346000000,
    "link": "https://www.sec.gov/Archives/edgar/data/49826/000004982617000144/0000049826-17-000144-index.htm",
    "finalLink": "https://www.sec.gov/Archives/edgar/data/49826/000004982617000144/itw-20170930x10q.htm"
  },
  {
    "date": "2017-06-30",
    "symbol": "ITW",
    "reportedCurrency": "USD",
    "cik": "0000049826",
    "fillingDate": "2017-08-04",
    "acceptedDate": "2017-08-03 17:51:46",
    "calendarYear": "2017",
    "period": "Q2",
    "revenue": 3599000000,
    "costOfRevenue": 2139000000,
    "grossProfit": 1460000000,
    "grossProfitRatio": 0.4056682412,
    "researchAndDevelopmentExpenses": 0,
    "generalAndAdministrativeExpenses": 586000000,
    "sellingAndMarketingExpenses": 0,
    "sellingGeneralAndAdministrativeExpenses": 601000000,
    "otherExpenses": 0,
    "operatingExpenses": 601000000,
    "costAndExpenses": 2725000000,
    "interestIncome": 0,
    "interestExpense": 65000000,
    "depreciationAndAmortization": 114000000,
    "ebitda": 998000000,
    "ebitdaratio": 0.2772992498,
    "operatingIncome": 874000000,
    "operatingIncomeRatio": 0.2428452348,
    "totalOtherIncomeExpensesNet": -53000000,
    "incomeBeforeTax": 819000000,
    "incomeBeforeTaxRatio": 0.227563212,
    "incomeTaxExpense": 232000000,
    "netIncome": 587000000,
    "netIncomeRatio": 0.1631008614,
    "eps": 1.7,
    "epsdiluted": 1.69,
    "weightedAverageShsOut": 344700000,
    "weightedAverageShsOutDil": 347500000,
    "link": "https://www.sec.gov/Archives/edgar/data/49826/000004982617000123/0000049826-17-000123-index.htm",
    "finalLink": "https://www.sec.gov/Archives/edgar/data/49826/000004982617000123/itw-20170630x10q.htm"
  },
  {
    "date": "2017-03-31",
    "symbol": "ITW",
    "reportedCurrency": "USD",
    "cik": "0000049826",
    "fillingDate": "2017-05-05",
    "acceptedDate": "2017-05-05 16:03:30",
    "calendarYear": "2017",
    "period": "Q1",
    "revenue": 3471000000,
    "costOfRevenue": 2057000000,
    "grossProfit": 1414000000,
    "grossProfitRatio": 0.4073753961,
    "researchAndDevelopmentExpenses": 0,
    "generalAndAdministrativeExpenses": 605000000,
    "sellingAndMarketingExpenses": 0,
    "sellingGeneralAndAdministrativeExpenses": 605000000,
    "otherExpenses": 0,
    "operatingExpenses": 605000000,
    "costAndExpenses": 2662000000,
    "interestIncome": 0,
    "interestExpense": 64000000,
    "depreciationAndAmortization": 114000000,
    "ebitda": 927000000,
    "ebitdaratio": 0.2670700086,
    "operatingIncome": 809000000,
    "operatingIncomeRatio": 0.2330740421,
    "totalOtherIncomeExpensesNet": -60000000,
    "incomeBeforeTax": 749000000,
    "incomeBeforeTaxRatio": 0.2157879574,
    "incomeTaxExpense": 213000000,
    "netIncome": 536000000,
    "netIncomeRatio": 0.1544223567,
    "eps": 1.55,
    "epsdiluted": 1.54,
    "weightedAverageShsOut": 346200000,
    "weightedAverageShsOutDil": 349000000,
    "link": "https://www.sec.gov/Archives/edgar/data/49826/000004982617000088/0000049826-17-000088-index.htm",
    "finalLink": "https://www.sec.gov/Archives/edgar/data/49826/000004982617000088/itw-20170331x10q.htm"
  },
  {
    "date": "2016-12-31",
    "symbol": "ITW",
    "reportedCurrency": "USD",
    "cik": "0000049826",
    "fillingDate": "2017-02-10",
    "acceptedDate": "2017-02-10 13:52:48",
    "calendarYear": "2016",
    "period": "Q4",
    "revenue": 3399000000,
    "costOfRevenue": 2060000000,
    "grossProfit": 1339000000,
    "grossProfitRatio": 0.3939393939,
    "researchAndDevelopmentExpenses": 0,
    "generalAndAdministrativeExpenses": 597000000,
    "sellingAndMarketingExpenses": 0,
    "sellingGeneralAndAdministrativeExpenses": 597000000,
    "otherExpenses": 0,
    "operatingExpenses": 597000000,
    "costAndExpenses": 2657000000,
    "interestIncome": 0,
    "interestExpense": 63000000,
    "depreciationAndAmortization": 118000000,
    "ebitda": 907000000,
    "ebitdaratio": 0.2668431892,
    "operatingIncome": 742000000,
    "operatingIncomeRatio": 0.2182994999,
    "totalOtherIncomeExpensesNet": -16000000,
    "incomeBeforeTax": 726000000,
    "incomeBeforeTaxRatio": 0.213592233,
    "incomeTaxExpense": 219000000,
    "netIncome": 507000000,
    "netIncomeRatio": 0.1491615181,
    "eps": 1.46,
    "epsdiluted": 1.45,
    "weightedAverageShsOut": 348300000,
    "weightedAverageShsOutDil": 350400000,
    "link": "https://www.sec.gov/Archives/edgar/data/49826/000004982617000022/0000049826-17-000022-index.htm",
    "finalLink": "https://www.sec.gov/Archives/edgar/data/49826/000004982617000022/itw-20161231x10k.htm"
  },
  {
    "date": "2016-09-30",
    "symbol": "ITW",
    "reportedCurrency": "USD",
    "cik": "0000049826",
    "fillingDate": "2016-10-28",
    "acceptedDate": "2016-10-27 17:44:19",
    "calendarYear": "2016",
    "period": "Q3",
    "revenue": 3495000000,
    "costOfRevenue": 2083000000,
    "grossProfit": 1412000000,
    "grossProfitRatio": 0.4040057225,
    "researchAndDevelopmentExpenses": 0,
    "generalAndAdministrativeExpenses": 604000000,
    "sellingAndMarketingExpenses": 0,
    "sellingGeneralAndAdministrativeExpenses": 604000000,
    "otherExpenses": 0,
    "operatingExpenses": 604000000,
    "costAndExpenses": 2687000000,
    "interestIncome": 0,
    "interestExpense": 58000000,
    "depreciationAndAmortization": 120000000,
    "ebitda": 941000000,
    "ebitdaratio": 0.269241774,
    "operatingIncome": 808000000,
    "operatingIncomeRatio": 0.2311874106,
    "totalOtherIncomeExpensesNet": -45000000,
    "incomeBeforeTax": 763000000,
    "incomeBeforeTaxRatio": 0.2183118741,
    "incomeTaxExpense": 228000000,
    "netIncome": 535000000,
    "netIncomeRatio": 0.1530758226,
    "eps": 1.51,
    "epsdiluted": 1.5,
    "weightedAverageShsOut": 353500000,
    "weightedAverageShsOutDil": 355500000,
    "link": "https://www.sec.gov/Archives/edgar/data/49826/000004982616000259/0000049826-16-000259-index.htm",
    "finalLink": "https://www.sec.gov/Archives/edgar/data/49826/000004982616000259/itw-20160930x10q.htm"
  },
  {
    "date": "2016-06-30",
    "symbol": "ITW",
    "reportedCurrency": "USD",
    "cik": "0000049826",
    "fillingDate": "2016-08-04",
    "acceptedDate": "2016-08-04 16:20:53",
    "calendarYear": "2016",
    "period": "Q2",
    "revenue": 3431000000,
    "costOfRevenue": 1967000000,
    "grossProfit": 1464000000,
    "grossProfitRatio": 0.4266977558,
    "researchAndDevelopmentExpenses": 617000000,
    "generalAndAdministrativeExpenses": 617000000,
    "sellingAndMarketingExpenses": 0,
    "sellingGeneralAndAdministrativeExpenses": 617000000,
    "otherExpenses": 17000000,
    "operatingExpenses": 672000000,
    "costAndExpenses": 2639000000,
    "interestIncome": 0,
    "interestExpense": 58000000,
    "depreciationAndAmortization": 55000000,
    "ebitda": 907000000,
    "ebitdaratio": 0.2643544156,
    "operatingIncome": 792000000,
    "operatingIncomeRatio": 0.2308364908,
    "totalOtherIncomeExpensesNet": -41000000,
    "incomeBeforeTax": 751000000,
    "incomeBeforeTaxRatio": 0.218886622,
    "incomeTaxExpense": 226000000,
    "netIncome": 525000000,
    "netIncomeRatio": 0.1530166132,
    "eps": 1.47,
    "epsdiluted": 1.46,
    "weightedAverageShsOut": 356600000,
    "weightedAverageShsOutDil": 358500000,
    "link": "https://www.sec.gov/Archives/edgar/data/49826/000004982616000240/0000049826-16-000240-index.htm",
    "finalLink": "https://www.sec.gov/Archives/edgar/data/49826/000004982616000240/itw-20160630x10q.htm"
  },
  {
    "date": "2016-03-31",
    "symbol": "ITW",
    "reportedCurrency": "USD",
    "cik": "0000049826",
    "fillingDate": "2016-05-06",
    "acceptedDate": "2016-05-05 18:12:14",
    "calendarYear": "2016",
    "period": "Q1",
    "revenue": 3274000000,
    "costOfRevenue": 1896000000,
    "grossProfit": 1378000000,
    "grossProfitRatio": 0.4208918754,
    "researchAndDevelopmentExpenses": 597000000,
    "generalAndAdministrativeExpenses": 597000000,
    "sellingAndMarketingExpenses": 0,
    "sellingGeneralAndAdministrativeExpenses": 597000000,
    "otherExpenses": 4000000,
    "operatingExpenses": 656000000,
    "costAndExpenses": 2552000000,
    "interestIncome": 0,
    "interestExpense": 58000000,
    "depreciationAndAmortization": 59000000,
    "ebitda": 839000000,
    "ebitdaratio": 0.2562614539,
    "operatingIncome": 722000000,
    "operatingIncomeRatio": 0.2205253513,
    "totalOtherIncomeExpensesNet": -54000000,
    "incomeBeforeTax": 668000000,
    "incomeBeforeTaxRatio": 0.2040317654,
    "incomeTaxExpense": 200000000,
    "netIncome": 468000000,
    "netIncomeRatio": 0.1429444105,
    "eps": 1.29,
    "epsdiluted": 1.29,
    "weightedAverageShsOut": 362000000,
    "weightedAverageShsOutDil": 363900000,
    "link": "https://www.sec.gov/Archives/edgar/data/49826/000004982616000182/0000049826-16-000182-index.htm",
    "finalLink": "https://www.sec.gov/Archives/edgar/data/49826/000004982616000182/itw-20160331x10q.htm"
  },
  {
    "date": "2015-12-31",
    "symbol": "ITW",
    "reportedCurrency": "USD",
    "cik": "0000049826",
    "fillingDate": "2016-02-12",
    "acceptedDate": "2016-02-11 18:14:40",
    "calendarYear": "2015",
    "period": "Q4",
    "revenue": 3275000000,
    "costOfRevenue": 1941000000,
    "grossProfit": 1334000000,
    "grossProfitRatio": 0.4073282443,
    "researchAndDevelopmentExpenses": 2417000000,
    "generalAndAdministrativeExpenses": 598000000,
    "sellingAndMarketingExpenses": 0,
    "sellingGeneralAndAdministrativeExpenses": 598000000,
    "otherExpenses": 13000000,
    "operatingExpenses": 655000000,
    "costAndExpenses": 2596000000,
    "interestIncome": 0,
    "interestExpense": 58000000,
    "depreciationAndAmortization": 57000000,
    "ebitda": 800000000,
    "ebitdaratio": 0.2442748092,
    "operatingIncome": 679000000,
    "operatingIncomeRatio": 0.2073282443,
    "totalOtherIncomeExpensesNet": -45000000,
    "incomeBeforeTax": 634000000,
    "incomeBeforeTaxRatio": 0.1935877863,
    "incomeTaxExpense": 184000000,
    "netIncome": 450000000,
    "netIncomeRatio": 0.1374045802,
    "eps": 1.24,
    "epsdiluted": 1.23,
    "weightedAverageShsOut": 363700000,
    "weightedAverageShsOutDil": 365900000,
    "link": "https://www.sec.gov/Archives/edgar/data/49826/000004982616000151/0000049826-16-000151-index.htm",
    "finalLink": "https://www.sec.gov/Archives/edgar/data/49826/000004982616000151/itw-20151231x10k.htm"
  },
  {
    "date": "2015-09-30",
    "symbol": "ITW",
    "reportedCurrency": "USD",
    "cik": "0000049826",
    "fillingDate": "2015-10-30",
    "acceptedDate": "2015-10-29 18:28:58",
    "calendarYear": "2015",
    "period": "Q3",
    "revenue": 3354000000,
    "costOfRevenue": 1953000000,
    "grossProfit": 1401000000,
    "grossProfitRatio": 0.4177101968,
    "researchAndDevelopmentExpenses": 581000000,
    "generalAndAdministrativeExpenses": 581000000,
    "sellingAndMarketingExpenses": 0,
    "sellingGeneralAndAdministrativeExpenses": 581000000,
    "otherExpenses": 23000000,
    "operatingExpenses": 638000000,
    "costAndExpenses": 2591000000,
    "interestIncome": 0,
    "interestExpense": 59000000,
    "depreciationAndAmortization": 57000000,
    "ebitda": 843000000,
    "ebitdaratio": 0.2513416816,
    "operatingIncome": 761000000,
    "operatingIncomeRatio": 0.2268932618,
    "totalOtherIncomeExpensesNet": -36000000,
    "incomeBeforeTax": 725000000,
    "incomeBeforeTaxRatio": 0.2161598092,
    "incomeTaxExpense": 214000000,
    "netIncome": 511000000,
    "netIncomeRatio": 0.1523553965,
    "eps": 1.4,
    "epsdiluted": 1.39,
    "weightedAverageShsOut": 365100000,
    "weightedAverageShsOutDil": 367100000,
    "link": "https://www.sec.gov/Archives/edgar/data/49826/000004982615000115/0000049826-15-000115-index.htm",
    "finalLink": "https://www.sec.gov/Archives/edgar/data/49826/000004982615000115/itw-20150930x10q.htm"
  },
  {
    "date": "2015-06-30",
    "symbol": "ITW",
    "reportedCurrency": "USD",
    "cik": "0000049826",
    "fillingDate": "2015-08-07",
    "acceptedDate": "2015-08-07 10:08:50",
    "calendarYear": "2015",
    "period": "Q2",
    "revenue": 3434000000,
    "costOfRevenue": 2024000000,
    "grossProfit": 1410000000,
    "grossProfitRatio": 0.4105998835,
    "researchAndDevelopmentExpenses": 622000000,
    "generalAndAdministrativeExpenses": 622000000,
    "sellingAndMarketingExpenses": 0,
    "sellingGeneralAndAdministrativeExpenses": 622000000,
    "otherExpenses": 21000000,
    "operatingExpenses": 680000000,
    "costAndExpenses": 2704000000,
    "interestIncome": 0,
    "interestExpense": 55000000,
    "depreciationAndAmortization": 58000000,
    "ebitda": 848000000,
    "ebitdaratio": 0.2469423413,
    "operatingIncome": 730000000,
    "operatingIncomeRatio": 0.2125800815,
    "totalOtherIncomeExpensesNet": -34000000,
    "incomeBeforeTax": 696000000,
    "incomeBeforeTaxRatio": 0.2026790914,
    "incomeTaxExpense": 216000000,
    "netIncome": 480000000,
    "netIncomeRatio": 0.1397786838,
    "eps": 1.31,
    "epsdiluted": 1.3,
    "weightedAverageShsOut": 366200000,
    "weightedAverageShsOutDil": 368400000,
    "link": "https://www.sec.gov/Archives/edgar/data/49826/000004982615000101/0000049826-15-000101-index.htm",
    "finalLink": "https://www.sec.gov/Archives/edgar/data/49826/000004982615000101/itw-20150630x10q.htm"
  },
  {
    "date": "2015-03-31",
    "symbol": "ITW",
    "reportedCurrency": "USD",
    "cik": "0000049826",
    "fillingDate": "2015-05-07",
    "acceptedDate": "2015-05-07 15:55:16",
    "calendarYear": "2015",
    "period": "Q1",
    "revenue": 3342000000,
    "costOfRevenue": 1970000000,
    "grossProfit": 1372000000,
    "grossProfitRatio": 0.4105326152,
    "researchAndDevelopmentExpenses": 616000000,
    "generalAndAdministrativeExpenses": 616000000,
    "sellingAndMarketingExpenses": 0,
    "sellingGeneralAndAdministrativeExpenses": 616000000,
    "otherExpenses": 21000000,
    "operatingExpenses": 675000000,
    "costAndExpenses": 2645000000,
    "interestIncome": 0,
    "interestExpense": 54000000,
    "depreciationAndAmortization": 59000000,
    "ebitda": 815000000,
    "ebitdaratio": 0.2438659485,
    "operatingIncome": 697000000,
    "operatingIncomeRatio": 0.2085577499,
    "totalOtherIncomeExpensesNet": -33000000,
    "incomeBeforeTax": 664000000,
    "incomeBeforeTaxRatio": 0.1986834231,
    "incomeTaxExpense": 206000000,
    "netIncome": 458000000,
    "netIncomeRatio": 0.1370436864,
    "eps": 1.22,
    "epsdiluted": 1.21,
    "weightedAverageShsOut": 376600000,
    "weightedAverageShsOutDil": 379200000,
    "link": "https://www.sec.gov/Archives/edgar/data/49826/000004982615000055/0000049826-15-000055-index.htm",
    "finalLink": "https://www.sec.gov/Archives/edgar/data/49826/000004982615000055/itw-20150331x10q.htm"
  },
  {
    "date": "2014-12-31",
    "symbol": "ITW",
    "reportedCurrency": "USD",
    "cik": "0000049826",
    "fillingDate": "2015-02-13",
    "acceptedDate": "2015-02-13 13:36:31",
    "calendarYear": "2014",
    "period": "Q4",
    "revenue": 3504000000,
    "costOfRevenue": 2114000000,
    "grossProfit": 1390000000,
    "grossProfitRatio": 0.3966894977,
    "researchAndDevelopmentExpenses": 2678000000,
    "generalAndAdministrativeExpenses": 644000000,
    "sellingAndMarketingExpenses": 0,
    "sellingGeneralAndAdministrativeExpenses": 644000000,
    "otherExpenses": 25000000,
    "operatingExpenses": 704000000,
    "costAndExpenses": 2818000000,
    "interestIncome": 0,
    "interestExpense": 54000000,
    "depreciationAndAmortization": 60000000,
    "ebitda": 806000000,
    "ebitdaratio": 0.2300228311,
    "operatingIncome": 686000000,
    "operatingIncomeRatio": 0.1957762557,
    "totalOtherIncomeExpensesNet": -29000000,
    "incomeBeforeTax": 657000000,
    "incomeBeforeTaxRatio": 0.1875,
    "incomeTaxExpense": 196000000,
    "netIncome": 450000000,
    "netIncomeRatio": 0.1284246575,
    "eps": 1.17,
    "epsdiluted": 1.16,
    "weightedAverageShsOut": 386400000,
    "weightedAverageShsOutDil": 389200000,
    "link": "https://www.sec.gov/Archives/edgar/data/49826/000004982615000016/0000049826-15-000016-index.htm",
    "finalLink": "https://www.sec.gov/Archives/edgar/data/49826/000004982615000016/itw-20141231x10k.htm"
  },
  {
    "date": "2014-09-30",
    "symbol": "ITW",
    "reportedCurrency": "USD",
    "cik": "0000049826",
    "fillingDate": "2014-10-31",
    "acceptedDate": "2014-10-31 10:16:13",
    "calendarYear": "2014",
    "period": "Q3",
    "revenue": 3692000000,
    "costOfRevenue": 2182000000,
    "grossProfit": 1510000000,
    "grossProfitRatio": 0.408992416,
    "researchAndDevelopmentExpenses": 675000000,
    "generalAndAdministrativeExpenses": 675000000,
    "sellingAndMarketingExpenses": 0,
    "sellingGeneralAndAdministrativeExpenses": 675000000,
    "otherExpenses": 20000000,
    "operatingExpenses": 735000000,
    "costAndExpenses": 2917000000,
    "interestIncome": 0,
    "interestExpense": 68000000,
    "depreciationAndAmortization": 60000000,
    "ebitda": 855000000,
    "ebitdaratio": 0.2315817985,
    "operatingIncome": 772000000,
    "operatingIncomeRatio": 0.2091007584,
    "totalOtherIncomeExpensesNet": -48000000,
    "incomeBeforeTax": 724000000,
    "incomeBeforeTaxRatio": 0.196099675,
    "incomeTaxExpense": 217000000,
    "netIncome": 531000000,
    "netIncomeRatio": 0.1438244854,
    "eps": 1.35,
    "epsdiluted": 1.34,
    "weightedAverageShsOut": 394000000,
    "weightedAverageShsOutDil": 396800000,
    "link": "https://www.sec.gov/Archives/edgar/data/49826/000004982614000148/0000049826-14-000148-index.htm",
    "finalLink": "https://www.sec.gov/Archives/edgar/data/49826/000004982614000148/itw-20140930x10q.htm"
  },
  {
    "date": "2014-06-30",
    "symbol": "ITW",
    "reportedCurrency": "USD",
    "cik": "0000049826",
    "fillingDate": "2014-08-08",
    "acceptedDate": "2014-08-08 10:47:14",
    "calendarYear": "2014",
    "period": "Q2",
    "revenue": 3719000000,
    "costOfRevenue": 2219000000,
    "grossProfit": 1500000000,
    "grossProfitRatio": 0.4033342296,
    "researchAndDevelopmentExpenses": 677000000,
    "generalAndAdministrativeExpenses": 677000000,
    "sellingAndMarketingExpenses": 0,
    "sellingGeneralAndAdministrativeExpenses": 677000000,
    "otherExpenses": 7000000,
    "operatingExpenses": 737000000,
    "costAndExpenses": 2956000000,
    "interestIncome": 0,
    "interestExpense": 64000000,
    "depreciationAndAmortization": 60000000,
    "ebitda": 892000000,
    "ebitdaratio": 0.2398494219,
    "operatingIncome": 763000000,
    "operatingIncomeRatio": 0.2051626781,
    "totalOtherIncomeExpensesNet": -57000000,
    "incomeBeforeTax": 706000000,
    "incomeBeforeTaxRatio": 0.1898359774,
    "incomeTaxExpense": 212000000,
    "netIncome": 1492000000,
    "netIncomeRatio": 0.4011831137,
    "eps": 3.69,
    "epsdiluted": 3.66,
    "weightedAverageShsOut": 404700000,
    "weightedAverageShsOutDil": 407600000,
    "link": "https://www.sec.gov/Archives/edgar/data/49826/000004982614000130/0000049826-14-000130-index.htm",
    "finalLink": "https://www.sec.gov/Archives/edgar/data/49826/000004982614000130/itw-20140630x10q.htm"
  },
  {
    "date": "2014-03-31",
    "symbol": "ITW",
    "reportedCurrency": "USD",
    "cik": "0000049826",
    "fillingDate": "2014-05-02",
    "acceptedDate": "2014-05-01 18:37:00",
    "calendarYear": "2014",
    "period": "Q1",
    "revenue": 3569000000,
    "costOfRevenue": 2158000000,
    "grossProfit": 1411000000,
    "grossProfitRatio": 0.3953488372,
    "researchAndDevelopmentExpenses": 682000000,
    "generalAndAdministrativeExpenses": 682000000,
    "sellingAndMarketingExpenses": 0,
    "sellingGeneralAndAdministrativeExpenses": 682000000,
    "otherExpenses": 9000000,
    "operatingExpenses": 744000000,
    "costAndExpenses": 2902000000,
    "interestIncome": 0,
    "interestExpense": 64000000,
    "depreciationAndAmortization": 62000000,
    "ebitda": 797000000,
    "ebitdaratio": 0.2233118521,
    "operatingIncome": 667000000,
    "operatingIncomeRatio": 0.1868870832,
    "totalOtherIncomeExpensesNet": -55000000,
    "incomeBeforeTax": 612000000,
    "incomeBeforeTaxRatio": 0.1714766041,
    "incomeTaxExpense": 184000000,
    "netIncome": 473000000,
    "netIncomeRatio": 0.1325301205,
    "eps": 1.12,
    "epsdiluted": 1.11,
    "weightedAverageShsOut": 421900000,
    "weightedAverageShsOutDil": 425000000,
    "link": "https://www.sec.gov/Archives/edgar/data/49826/000004982614000070/0000049826-14-000070-index.htm",
    "finalLink": "https://www.sec.gov/Archives/edgar/data/49826/000004982614000070/itw-20140331x10q.htm"
  },
  {
    "date": "2013-12-31",
    "symbol": "ITW",
    "reportedCurrency": "USD",
    "cik": "0000049826",
    "fillingDate": "2014-02-14",
    "acceptedDate": "2014-02-14 10:54:39",
    "calendarYear": "2013",
    "period": "Q4",
    "revenue": 3554000000,
    "costOfRevenue": 2173000000,
    "grossProfit": 1381000000,
    "grossProfitRatio": 0.3885762521,
    "researchAndDevelopmentExpenses": 2815000000,
    "generalAndAdministrativeExpenses": 689000000,
    "sellingAndMarketingExpenses": 0,
    "sellingGeneralAndAdministrativeExpenses": 689000000,
    "otherExpenses": 5000000,
    "operatingExpenses": 753000000,
    "costAndExpenses": 2926000000,
    "interestIncome": 0,
    "interestExpense": 60000000,
    "depreciationAndAmortization": 64000000,
    "ebitda": 697000000,
    "ebitdaratio": 0.1961170512,
    "operatingIncome": 628000000,
    "operatingIncomeRatio": 0.1767023073,
    "totalOtherIncomeExpensesNet": -55000000,
    "incomeBeforeTax": 573000000,
    "incomeBeforeTaxRatio": 0.1612267867,
    "incomeTaxExpense": 166000000,
    "netIncome": 408000000,
    "netIncomeRatio": 0.1148002251,
    "eps": 0.93,
    "epsdiluted": 0.93,
    "weightedAverageShsOut": 437700000,
    "weightedAverageShsOutDil": 440900000,
    "link": "https://www.sec.gov/Archives/edgar/data/49826/000004982614000022/0000049826-14-000022-index.htm",
    "finalLink": "https://www.sec.gov/Archives/edgar/data/49826/000004982614000022/itw-20131231x10k.htm"
  },
  {
    "date": "2013-09-30",
    "symbol": "ITW",
    "reportedCurrency": "USD",
    "cik": "0000049826",
    "fillingDate": "2013-11-01",
    "acceptedDate": "2013-11-01 10:00:12",
    "calendarYear": "2013",
    "period": "Q3",
    "revenue": 3568000000,
    "costOfRevenue": 2148000000,
    "grossProfit": 1420000000,
    "grossProfitRatio": 0.3979820628,
    "researchAndDevelopmentExpenses": 676000000,
    "generalAndAdministrativeExpenses": 676000000,
    "sellingAndMarketingExpenses": 0,
    "sellingGeneralAndAdministrativeExpenses": 676000000,
    "otherExpenses": 10000000,
    "operatingExpenses": 740000000,
    "costAndExpenses": 2888000000,
    "interestIncome": 0,
    "interestExpense": 60000000,
    "depreciationAndAmortization": 64000000,
    "ebitda": 754000000,
    "ebitdaratio": 0.21132287,
    "operatingIncome": 678000000,
    "operatingIncomeRatio": 0.1900224215,
    "totalOtherIncomeExpensesNet": -50000000,
    "incomeBeforeTax": 628000000,
    "incomeBeforeTaxRatio": 0.1760089686,
    "incomeTaxExpense": 222000000,
    "netIncome": 452000000,
    "netIncomeRatio": 0.1266816143,
    "eps": 1.01,
    "epsdiluted": 1.01,
    "weightedAverageShsOut": 445900000,
    "weightedAverageShsOutDil": 448900000,
    "link": "https://www.sec.gov/Archives/edgar/data/49826/000004982613000068/0000049826-13-000068-index.htm",
    "finalLink": "https://www.sec.gov/Archives/edgar/data/49826/000004982613000068/itw-2013930x10q.htm"
  },
  {
    "date": "2013-06-30",
    "symbol": "ITW",
    "reportedCurrency": "USD",
    "cik": "0000049826",
    "fillingDate": "2013-08-02",
    "acceptedDate": "2013-08-02 10:50:23",
    "calendarYear": "2013",
    "period": "Q2",
    "revenue": 4219000000,
    "costOfRevenue": 2619000000,
    "grossProfit": 1600000000,
    "grossProfitRatio": 0.379236786,
    "researchAndDevelopmentExpenses": 833000000,
    "generalAndAdministrativeExpenses": 833000000,
    "sellingAndMarketingExpenses": 0,
    "sellingGeneralAndAdministrativeExpenses": 833000000,
    "otherExpenses": 11000000,
    "operatingExpenses": 898000000,
    "costAndExpenses": 3517000000,
    "interestIncome": 0,
    "interestExpense": 59000000,
    "depreciationAndAmortization": 65000000,
    "ebitda": 784000000,
    "ebitdaratio": 0.1858260251,
    "operatingIncome": 702000000,
    "operatingIncomeRatio": 0.1663901398,
    "totalOtherIncomeExpensesNet": 24000000,
    "incomeBeforeTax": 654000000,
    "incomeBeforeTaxRatio": 0.1550130363,
    "incomeTaxExpense": 190000000,
    "netIncome": 465000000,
    "netIncomeRatio": 0.1102156909,
    "eps": 1.04,
    "epsdiluted": 1.03,
    "weightedAverageShsOut": 449600000,
    "weightedAverageShsOutDil": 452500000,
    "link": "https://www.sec.gov/Archives/edgar/data/49826/000004982613000045/0000049826-13-000045-index.htm",
    "finalLink": "https://www.sec.gov/Archives/edgar/data/49826/000004982613000045/itw-2013630x10q.htm"
  },
  {
    "date": "2013-03-31",
    "symbol": "ITW",
    "reportedCurrency": "USD",
    "cik": "0000049826",
    "fillingDate": "2013-05-03",
    "acceptedDate": "2013-05-02 18:25:03",
    "calendarYear": "2013",
    "period": "Q1",
    "revenue": 4009000000,
    "costOfRevenue": 2502000000,
    "grossProfit": 1507000000,
    "grossProfitRatio": 0.3759042155,
    "researchAndDevelopmentExpenses": 779000000,
    "generalAndAdministrativeExpenses": 779000000,
    "sellingAndMarketingExpenses": 0,
    "sellingGeneralAndAdministrativeExpenses": 779000000,
    "otherExpenses": 46000000,
    "operatingExpenses": 847000000,
    "costAndExpenses": 3349000000,
    "interestIncome": 0,
    "interestExpense": 60000000,
    "depreciationAndAmortization": 68000000,
    "ebitda": 774000000,
    "ebitdaratio": 0.1930656024,
    "operatingIncome": 660000000,
    "operatingIncomeRatio": 0.1646295834,
    "totalOtherIncomeExpensesNet": 68000000,
    "incomeBeforeTax": 646000000,
    "incomeBeforeTaxRatio": 0.1611374408,
    "incomeTaxExpense": 187000000,
    "netIncome": 354000000,
    "netIncomeRatio": 0.088301322,
    "eps": 0.78,
    "epsdiluted": 0.78,
    "weightedAverageShsOut": 451700000,
    "weightedAverageShsOutDil": 454800000,
    "link": "https://www.sec.gov/Archives/edgar/data/49826/000004982613000024/0000049826-13-000024-index.htm",
    "finalLink": "https://www.sec.gov/Archives/edgar/data/49826/000004982613000024/itw-2013331x10q.htm"
  },
  {
    "date": "2012-12-31",
    "symbol": "ITW",
    "reportedCurrency": "USD",
    "cik": "0000049826",
    "fillingDate": "2013-02-19",
    "acceptedDate": "2013-02-19 12:06:38",
    "calendarYear": "2012",
    "period": "Q4",
    "revenue": 4221000000,
    "costOfRevenue": 2725000000,
    "grossProfit": 1496000000,
    "grossProfitRatio": 0.3544183843,
    "researchAndDevelopmentExpenses": 3332000000,
    "generalAndAdministrativeExpenses": 0,
    "sellingAndMarketingExpenses": 0,
    "sellingGeneralAndAdministrativeExpenses": 816000000,
    "otherExpenses": -23000000,
    "operatingExpenses": 887000000,
    "costAndExpenses": 3612000000,
    "interestIncome": 0,
    "interestExpense": 61000000,
    "depreciationAndAmortization": 71000000,
    "ebitda": 657000000,
    "ebitdaratio": 0.1556503198,
    "operatingIncome": 609000000,
    "operatingIncomeRatio": 0.144278607,
    "totalOtherIncomeExpensesNet": 849000000,
    "incomeBeforeTax": 1458000000,
    "incomeBeforeTaxRatio": 0.3454157783,
    "incomeTaxExpense": 486000000,
    "netIncome": 979000000,
    "netIncomeRatio": 0.2319355603,
    "eps": 2.13,
    "epsdiluted": 2.11,
    "weightedAverageShsOut": 459700000,
    "weightedAverageShsOutDil": 463100000,
    "link": "https://www.sec.gov/Archives/edgar/data/49826/000004982613000007/0000049826-13-000007-index.htm",
    "finalLink": "https://www.sec.gov/Archives/edgar/data/49826/000004982613000007/itw-20121231x10k.htm"
  },
  {
    "date": "2012-09-30",
    "symbol": "ITW",
    "reportedCurrency": "USD",
    "cik": "0000049826",
    "fillingDate": "2012-10-26",
    "acceptedDate": "2012-10-26 09:59:50",
    "calendarYear": "2012",
    "period": "Q3",
    "revenue": 4501000000,
    "costOfRevenue": 2855000000,
    "grossProfit": 1646000000,
    "grossProfitRatio": 0.3656965119,
    "researchAndDevelopmentExpenses": 0,
    "generalAndAdministrativeExpenses": 0,
    "sellingAndMarketingExpenses": 0,
    "sellingGeneralAndAdministrativeExpenses": 811000000,
    "otherExpenses": 70000000,
    "operatingExpenses": 881000000,
    "costAndExpenses": 3736000000,
    "interestIncome": 0,
    "interestExpense": 53000000,
    "depreciationAndAmortization": 70000000,
    "ebitda": 820000000,
    "ebitdaratio": 0.1821817374,
    "operatingIncome": 763000000,
    "operatingIncomeRatio": 0.1695178849,
    "totalOtherIncomeExpensesNet": -24000000,
    "incomeBeforeTax": 739000000,
    "incomeBeforeTaxRatio": 0.1641857365,
    "incomeTaxExpense": 214000000,
    "netIncome": 524000000,
    "netIncomeRatio": 0.1164185737,
    "eps": 1.13,
    "epsdiluted": 1.12,
    "weightedAverageShsOut": 464800000,
    "weightedAverageShsOutDil": 468100000,
    "link": "https://www.sec.gov/Archives/edgar/data/49826/000004982612000096/0000049826-12-000096-index.htm",
    "finalLink": "https://www.sec.gov/Archives/edgar/data/49826/000004982612000096/itw-2012930x10q.htm"
  },
  {
    "date": "2012-06-30",
    "symbol": "ITW",
    "reportedCurrency": "USD",
    "cik": "0000049826",
    "fillingDate": "2012-06-30",
    "acceptedDate": "2012-06-30 00:00:00",
    "calendarYear": "2012",
    "period": "Q2",
    "revenue": 4655000000,
    "costOfRevenue": 2964000000,
    "grossProfit": 1691000000,
    "grossProfitRatio": 0.3632653061,
    "researchAndDevelopmentExpenses": 0,
    "generalAndAdministrativeExpenses": 0,
    "sellingAndMarketingExpenses": 0,
    "sellingGeneralAndAdministrativeExpenses": 846000000,
    "otherExpenses": 75000000,
    "operatingExpenses": 921000000,
    "costAndExpenses": 3885000000,
    "interestIncome": 0,
    "interestExpense": 50000000,
    "depreciationAndAmortization": 75000000,
    "ebitda": 845000000,
    "ebitdaratio": 0.1815252417,
    "operatingIncome": 770000000,
    "operatingIncomeRatio": 0.1654135338,
    "totalOtherIncomeExpensesNet": -26000000,
    "incomeBeforeTax": 743000000,
    "incomeBeforeTaxRatio": 0.159613319,
    "incomeTaxExpense": 216000000,
    "netIncome": 881000000,
    "netIncomeRatio": 0.1892588614,
    "eps": 1.86,
    "epsdiluted": 1.85,
    "weightedAverageShsOut": 472900000,
    "weightedAverageShsOutDil": 476100000,
    "link": "",
    "finalLink": ""
  },
  {
    "date": "2012-03-31",
    "symbol": "ITW",
    "reportedCurrency": "USD",
    "cik": "0000049826",
    "fillingDate": "2012-03-31",
    "acceptedDate": "2012-03-31 00:00:00",
    "calendarYear": "2012",
    "period": "Q1",
    "revenue": 4547000000,
    "costOfRevenue": 2911000000,
    "grossProfit": 1636000000,
    "grossProfitRatio": 0.3597976688,
    "researchAndDevelopmentExpenses": 0,
    "generalAndAdministrativeExpenses": 0,
    "sellingAndMarketingExpenses": 0,
    "sellingGeneralAndAdministrativeExpenses": 859000000,
    "otherExpenses": 72000000,
    "operatingExpenses": 931000000,
    "costAndExpenses": 3842000000,
    "interestIncome": 0,
    "interestExpense": 50000000,
    "depreciationAndAmortization": 72000000,
    "ebitda": 777000000,
    "ebitdaratio": 0.1708819002,
    "operatingIncome": 705000000,
    "operatingIncomeRatio": 0.1550472839,
    "totalOtherIncomeExpensesNet": -31000000,
    "incomeBeforeTax": 663000000,
    "incomeBeforeTaxRatio": 0.1458104245,
    "incomeTaxExpense": 192000000,
    "netIncome": 486000000,
    "netIncomeRatio": 0.1068836596,
    "eps": 1.01,
    "epsdiluted": 1,
    "weightedAverageShsOut": 482000000,
    "weightedAverageShsOutDil": 485600000,
    "link": "",
    "finalLink": ""
  },
  {
    "date": "2011-12-31",
    "symbol": "ITW",
    "reportedCurrency": "USD",
    "cik": "0000049826",
    "fillingDate": "2012-02-17",
    "acceptedDate": "2012-02-17 13:18:59",
    "calendarYear": "2011",
    "period": "Q4",
    "revenue": 4319308000,
    "costOfRevenue": 2798365000,
    "grossProfit": 1520943000,
    "grossProfitRatio": 0.3521265443,
    "researchAndDevelopmentExpenses": 2460440000,
    "generalAndAdministrativeExpenses": 0,
    "sellingAndMarketingExpenses": 0,
    "sellingGeneralAndAdministrativeExpenses": 804774000,
    "otherExpenses": 69087000,
    "operatingExpenses": 873861000,
    "costAndExpenses": 3672226000,
    "interestIncome": 40276000,
    "interestExpense": 54172000,
    "depreciationAndAmortization": 69087000,
    "ebitda": 716169000,
    "ebitdaratio": 0.1658064208,
    "operatingIncome": 647082000,
    "operatingIncomeRatio": 0.1498114976,
    "totalOtherIncomeExpensesNet": -46267000,
    "incomeBeforeTax": 600815000,
    "incomeBeforeTaxRatio": 0.139099828,
    "incomeTaxExpense": 163700000,
    "netIncome": 442197000,
    "netIncomeRatio": 0.1023768159,
    "eps": 0.91,
    "epsdiluted": 0.91,
    "weightedAverageShsOut": 483367000,
    "weightedAverageShsOutDil": 485639000,
    "link": "https://www.sec.gov/Archives/edgar/data/49826/000119312512067004/0001193125-12-067004-index.htm",
    "finalLink": "https://www.sec.gov/Archives/edgar/data/49826/000119312512067004/d259927d10k.htm"
  },
  {
    "date": "2011-09-30",
    "symbol": "ITW",
    "reportedCurrency": "USD",
    "cik": "0000049826",
    "fillingDate": "2011-09-30",
    "acceptedDate": "2011-09-30 00:00:00",
    "calendarYear": "2011",
    "period": "Q3",
    "revenue": 4580516000,
    "costOfRevenue": 2961497000,
    "grossProfit": 1619019000,
    "grossProfitRatio": 0.3534577764,
    "researchAndDevelopmentExpenses": 0,
    "generalAndAdministrativeExpenses": 0,
    "sellingAndMarketingExpenses": 0,
    "sellingGeneralAndAdministrativeExpenses": 836433000,
    "otherExpenses": 68302000,
    "operatingExpenses": 904735000,
    "costAndExpenses": 3866232000,
    "interestIncome": 0,
    "interestExpense": 48583000,
    "depreciationAndAmortization": 68302000,
    "ebitda": 782586000,
    "ebitdaratio": 0.170851057,
    "operatingIncome": 714284000,
    "operatingIncomeRatio": 0.1559396365,
    "totalOtherIncomeExpensesNet": -24000000,
    "incomeBeforeTax": 690383000,
    "incomeBeforeTaxRatio": 0.1507216654,
    "incomeTaxExpense": 200250000,
    "netIncome": 507000000,
    "netIncomeRatio": 0.1106862196,
    "eps": 1.04,
    "epsdiluted": 1.04,
    "weightedAverageShsOut": 486300000,
    "weightedAverageShsOutDil": 488800000,
    "link": "",
    "finalLink": ""
  },
  {
    "date": "2011-06-30",
    "symbol": "ITW",
    "reportedCurrency": "USD",
    "cik": "0000049826",
    "fillingDate": "2011-06-30",
    "acceptedDate": "2011-06-30 00:00:00",
    "calendarYear": "2011",
    "period": "Q2",
    "revenue": 4614914000,
    "costOfRevenue": 2996014000,
    "grossProfit": 1618900000,
    "grossProfitRatio": 0.3507974363,
    "researchAndDevelopmentExpenses": 0,
    "generalAndAdministrativeExpenses": 0,
    "sellingAndMarketingExpenses": 0,
    "sellingGeneralAndAdministrativeExpenses": 845145000,
    "otherExpenses": 62705000,
    "operatingExpenses": 907850000,
    "costAndExpenses": 3903864000,
    "interestIncome": 0,
    "interestExpense": 45396000,
    "depreciationAndAmortization": 62705000,
    "ebitda": 773755000,
    "ebitdaratio": 0.1676640128,
    "operatingIncome": 711050000,
    "operatingIncomeRatio": 0.154076544,
    "totalOtherIncomeExpensesNet": -30000000,
    "incomeBeforeTax": 681011000,
    "incomeBeforeTaxRatio": 0.1475674303,
    "incomeTaxExpense": 197482000,
    "netIncome": 499000000,
    "netIncomeRatio": 0.1081276921,
    "eps": 1,
    "epsdiluted": 0.99,
    "weightedAverageShsOut": 497800000,
    "weightedAverageShsOutDil": 501900000,
    "link": "",
    "finalLink": ""
  },
  {
    "date": "2011-03-31",
    "symbol": "ITW",
    "reportedCurrency": "USD",
    "cik": "0000049826",
    "fillingDate": "2011-03-31",
    "acceptedDate": "2011-03-31 00:00:00",
    "calendarYear": "2011",
    "period": "Q1",
    "revenue": 4387579000,
    "costOfRevenue": 2826692000,
    "grossProfit": 1560887000,
    "grossProfitRatio": 0.3557513152,
    "researchAndDevelopmentExpenses": 821912000,
    "generalAndAdministrativeExpenses": 0,
    "sellingAndMarketingExpenses": 0,
    "sellingGeneralAndAdministrativeExpenses": 821912000,
    "otherExpenses": 56367000,
    "operatingExpenses": 878279000,
    "costAndExpenses": 3704971000,
    "interestIncome": 0,
    "interestExpense": 44025000,
    "depreciationAndAmortization": 56367000,
    "ebitda": 738975000,
    "ebitdaratio": 0.1684243178,
    "operatingIncome": 682608000,
    "operatingIncomeRatio": 0.1555773697,
    "totalOtherIncomeExpensesNet": -14860000,
    "incomeBeforeTax": 644140000,
    "incomeBeforeTaxRatio": 0.1468098922,
    "incomeTaxExpense": 21000000,
    "netIncome": 623000000,
    "netIncomeRatio": 0.1419917453,
    "eps": 1.25,
    "epsdiluted": 1.24,
    "weightedAverageShsOut": 498600000,
    "weightedAverageShsOutDil": 502700000,
    "link": "",
    "finalLink": ""
  },
  {
    "date": "2010-12-31",
    "symbol": "ITW",
    "reportedCurrency": "USD",
    "cik": "0000049826",
    "fillingDate": "2011-02-28",
    "acceptedDate": "2011-02-28 14:40:22",
    "calendarYear": "2010",
    "period": "Q4",
    "revenue": 4169269000,
    "costOfRevenue": 2738841000,
    "grossProfit": 1430428000,
    "grossProfitRatio": 0.3430884407,
    "researchAndDevelopmentExpenses": 2310756000,
    "generalAndAdministrativeExpenses": 0,
    "sellingAndMarketingExpenses": 0,
    "sellingGeneralAndAdministrativeExpenses": 797123000,
    "otherExpenses": 53817000,
    "operatingExpenses": 850940000,
    "costAndExpenses": 3589781000,
    "interestIncome": 0,
    "interestExpense": 44026000,
    "depreciationAndAmortization": 53817000,
    "ebitda": 722107000,
    "ebitdaratio": 0.1731975078,
    "operatingIncome": 579488000,
    "operatingIncomeRatio": 0.1389903122,
    "totalOtherIncomeExpensesNet": -40894000,
    "incomeBeforeTax": 538594000,
    "incomeBeforeTaxRatio": 0.1291818782,
    "incomeTaxExpense": 145800000,
    "netIncome": 392794000,
    "netIncomeRatio": 0.0942117191,
    "eps": 0.79,
    "epsdiluted": 0.79,
    "weightedAverageShsOut": 496710000,
    "weightedAverageShsOutDil": 499898000,
    "link": "https://www.sec.gov/Archives/edgar/data/49826/000095012311019620/0000950123-11-019620-index.htm",
    "finalLink": "https://www.sec.gov/Archives/edgar/data/49826/000095012311019620/c61393e10vk.htm"
  },
  {
    "date": "2010-09-30",
    "symbol": "ITW",
    "reportedCurrency": "USD",
    "cik": "0000049826",
    "fillingDate": "2010-09-30",
    "acceptedDate": "2010-09-30 00:00:00",
    "calendarYear": "2010",
    "period": "Q3",
    "revenue": 4018466000,
    "costOfRevenue": 2584901000,
    "grossProfit": 1433565000,
    "grossProfitRatio": 0.3567443398,
    "researchAndDevelopmentExpenses": 0,
    "generalAndAdministrativeExpenses": 0,
    "sellingAndMarketingExpenses": 0,
    "sellingGeneralAndAdministrativeExpenses": 739984000,
    "otherExpenses": 52053000,
    "operatingExpenses": 792037000,
    "costAndExpenses": 3376938000,
    "interestIncome": 0,
    "interestExpense": 43166000,
    "depreciationAndAmortization": 134479000,
    "ebitda": 757145000,
    "ebitdaratio": 0.1884164256,
    "operatingIncome": 640522000,
    "operatingIncomeRatio": 0.1593946546,
    "totalOtherIncomeExpensesNet": -6449000,
    "incomeBeforeTax": 613276000,
    "incomeBeforeTaxRatio": 0.1526144554,
    "incomeTaxExpense": 194000000,
    "netIncome": 422028000,
    "netIncomeRatio": 0.1050221652,
    "eps": 0.84,
    "epsdiluted": 0.84,
    "weightedAverageShsOut": 500751000,
    "weightedAverageShsOutDil": 503149000,
    "link": "",
    "finalLink": ""
  },
  {
    "date": "2010-06-30",
    "symbol": "ITW",
    "reportedCurrency": "USD",
    "cik": "0000049826",
    "fillingDate": "2010-06-30",
    "acceptedDate": "2010-06-30 00:00:00",
    "calendarYear": "2010",
    "period": "Q2",
    "revenue": 4076252000,
    "costOfRevenue": 2595954000,
    "grossProfit": 1480298000,
    "grossProfitRatio": 0.3631517384,
    "researchAndDevelopmentExpenses": 0,
    "generalAndAdministrativeExpenses": 0,
    "sellingAndMarketingExpenses": 0,
    "sellingGeneralAndAdministrativeExpenses": 773649000,
    "otherExpenses": 53911000,
    "operatingExpenses": 827560000,
    "costAndExpenses": 3423514000,
    "interestIncome": 0,
    "interestExpense": 43687000,
    "depreciationAndAmortization": 137541000,
    "ebitda": 764672000,
    "ebitdaratio": 0.1875919349,
    "operatingIncome": 652738000,
    "operatingIncomeRatio": 0.1601319055,
    "totalOtherIncomeExpensesNet": -11243000,
    "incomeBeforeTax": 614792000,
    "incomeBeforeTaxRatio": 0.1508228637,
    "incomeTaxExpense": 194000000,
    "netIncome": 411456000,
    "netIncomeRatio": 0.1009397849,
    "eps": 0.82,
    "epsdiluted": 0.81,
    "weightedAverageShsOut": 503265000,
    "weightedAverageShsOutDil": 506297000,
    "link": "",
    "finalLink": ""
  },
  {
    "date": "2010-03-31",
    "symbol": "ITW",
    "reportedCurrency": "USD",
    "cik": "0000049826",
    "fillingDate": "2010-05-07",
    "acceptedDate": "2010-05-06 18:08:45",
    "calendarYear": "2010",
    "period": "Q1",
    "revenue": 3606389000,
    "costOfRevenue": 2320752000,
    "grossProfit": 1285637000,
    "grossProfitRatio": 0.3564887204,
    "researchAndDevelopmentExpenses": 748604000,
    "generalAndAdministrativeExpenses": 0,
    "sellingAndMarketingExpenses": 0,
    "sellingGeneralAndAdministrativeExpenses": 748604000,
    "otherExpenses": 53103000,
    "operatingExpenses": 801707000,
    "costAndExpenses": 3122459000,
    "interestIncome": 0,
    "interestExpense": 44577000,
    "depreciationAndAmortization": 136771000,
    "ebitda": 620701000,
    "ebitdaratio": 0.1721114944,
    "operatingIncome": 483930000,
    "operatingIncomeRatio": 0.1341868556,
    "totalOtherIncomeExpensesNet": 17875000,
    "incomeBeforeTax": 445331000,
    "incomeBeforeTaxRatio": 0.1234839059,
    "incomeTaxExpense": 151000000,
    "netIncome": 333805000,
    "netIncomeRatio": 0.092559344,
    "eps": 0.66,
    "epsdiluted": 0.66,
    "weightedAverageShsOut": 502424000,
    "weightedAverageShsOutDil": 505014000,
    "link": "https://www.sec.gov/Archives/edgar/data/49826/000004982610000017/0000049826-10-000017-index.htm",
    "finalLink": "https://www.sec.gov/Archives/edgar/data/49826/000004982610000017/itw10q10.htm"
  },
  {
    "date": "2009-12-31",
    "symbol": "ITW",
    "reportedCurrency": "USD",
    "cik": "0000049826",
    "fillingDate": "2010-02-26",
    "acceptedDate": "2010-02-26 12:51:03",
    "calendarYear": "2009",
    "period": "Q4",
    "revenue": 3757429000,
    "costOfRevenue": 2428597000,
    "grossProfit": 1328832000,
    "grossProfitRatio": 0.3536545867,
    "researchAndDevelopmentExpenses": 3037439000,
    "generalAndAdministrativeExpenses": 797835000,
    "sellingAndMarketingExpenses": 0,
    "sellingGeneralAndAdministrativeExpenses": 797835000,
    "otherExpenses": 51171000,
    "operatingExpenses": 849006000,
    "costAndExpenses": 3277603000,
    "interestIncome": 0,
    "interestExpense": 43847000,
    "depreciationAndAmortization": 148533000,
    "ebitda": 630479000,
    "ebitdaratio": 0.1677953196,
    "operatingIncome": 476255000,
    "operatingIncomeRatio": 0.1267502327,
    "totalOtherIncomeExpensesNet": -38156000,
    "incomeBeforeTax": 438099000,
    "incomeBeforeTaxRatio": 0.1165954167,
    "incomeTaxExpense": -57500000,
    "netIncome": 507400000,
    "netIncomeRatio": 0.1350391451,
    "eps": 1.01,
    "epsdiluted": 1.01,
    "weightedAverageShsOut": 501803000,
    "weightedAverageShsOutDil": 502424000,
    "link": "https://www.sec.gov/Archives/edgar/data/49826/000095012310017817/0000950123-10-017817-index.htm",
    "finalLink": "https://www.sec.gov/Archives/edgar/data/49826/000095012310017817/c55376e10vk.htm"
  },
  {
    "date": "2009-09-30",
    "symbol": "ITW",
    "reportedCurrency": "USD",
    "cik": "0000049826",
    "fillingDate": "2009-10-30",
    "acceptedDate": "2009-10-30 13:08:42",
    "calendarYear": "2009",
    "period": "Q3",
    "revenue": 3580354000,
    "costOfRevenue": 2315175000,
    "grossProfit": 1265179000,
    "grossProfitRatio": 0.3533670134,
    "researchAndDevelopmentExpenses": 0,
    "generalAndAdministrativeExpenses": 720042000,
    "sellingAndMarketingExpenses": 0,
    "sellingGeneralAndAdministrativeExpenses": 720042000,
    "otherExpenses": 49542000,
    "operatingExpenses": 769584000,
    "costAndExpenses": 3084759000,
    "interestIncome": 0,
    "interestExpense": 45670000,
    "depreciationAndAmortization": 151245000,
    "ebitda": 645979000,
    "ebitdaratio": 0.1804232207,
    "operatingIncome": 483595000,
    "operatingIncomeRatio": 0.1350690462,
    "totalOtherIncomeExpensesNet": -34531000,
    "incomeBeforeTax": 449064000,
    "incomeBeforeTaxRatio": 0.1254244692,
    "incomeTaxExpense": 146100000,
    "netIncome": 302418000,
    "netIncomeRatio": 0.0844659495,
    "eps": 0.6,
    "epsdiluted": 0.6,
    "weightedAverageShsOut": 500313000,
    "weightedAverageShsOutDil": 502187000,
    "link": "https://www.sec.gov/Archives/edgar/data/49826/000004982609000091/0000049826-09-000091-index.htm",
    "finalLink": "https://www.sec.gov/Archives/edgar/data/49826/000004982609000091/itw10q3q09.htm"
  },
  {
    "date": "2009-06-30",
    "symbol": "ITW",
    "reportedCurrency": "USD",
    "cik": "0000049826",
    "fillingDate": "2009-08-07",
    "acceptedDate": "2009-08-07 16:54:18",
    "calendarYear": "2009",
    "period": "Q2",
    "revenue": 3392906000,
    "costOfRevenue": 2248253000,
    "grossProfit": 1144653000,
    "grossProfitRatio": 0.3373665524,
    "researchAndDevelopmentExpenses": 0,
    "generalAndAdministrativeExpenses": 757871000,
    "sellingAndMarketingExpenses": 0,
    "sellingGeneralAndAdministrativeExpenses": 757871000,
    "otherExpenses": 51947000,
    "operatingExpenses": 809818000,
    "costAndExpenses": 3058071000,
    "interestIncome": 0,
    "interestExpense": 43886000,
    "depreciationAndAmortization": 51947000,
    "ebitda": 468037000,
    "ebitdaratio": 0.1379457609,
    "operatingIncome": 334835000,
    "operatingIncomeRatio": 0.0986867894,
    "totalOtherIncomeExpensesNet": -63725000,
    "incomeBeforeTax": 271110000,
    "incomeBeforeTaxRatio": 0.0799049546,
    "incomeTaxExpense": 92167000,
    "netIncome": 176565000,
    "netIncomeRatio": 0.0520394612,
    "eps": 0.35,
    "epsdiluted": 0.35,
    "weightedAverageShsOut": 499389000,
    "weightedAverageShsOutDil": 500875000,
    "link": "https://www.sec.gov/Archives/edgar/data/49826/000004982609000066/0000049826-09-000066-index.htm",
    "finalLink": "https://www.sec.gov/Archives/edgar/data/49826/000004982609000066/itw10q2q09.htm"
  },
  {
    "date": "2009-03-31",
    "symbol": "ITW",
    "reportedCurrency": "USD",
    "cik": "0000049826",
    "fillingDate": "2009-05-08",
    "acceptedDate": "2009-05-08 11:03:42",
    "calendarYear": "2009",
    "period": "Q1",
    "revenue": 2914268000,
    "costOfRevenue": 1983400000,
    "grossProfit": 930868000,
    "grossProfitRatio": 0.3194174318,
    "researchAndDevelopmentExpenses": 732739000,
    "generalAndAdministrativeExpenses": 732739000,
    "sellingAndMarketingExpenses": 0,
    "sellingGeneralAndAdministrativeExpenses": 732739000,
    "otherExpenses": 50570000,
    "operatingExpenses": 783309000,
    "costAndExpenses": 2766709000,
    "interestIncome": 0,
    "interestExpense": 31298000,
    "depreciationAndAmortization": 222106000,
    "ebitda": 309059000,
    "ebitdaratio": 0.1060503015,
    "operatingIncome": 57562000,
    "operatingIncomeRatio": 0.0197517867,
    "totalOtherIncomeExpensesNet": -34990000,
    "incomeBeforeTax": 22572000,
    "incomeBeforeTaxRatio": 0.0077453412,
    "incomeTaxExpense": 52000000,
    "netIncome": -39374000,
    "netIncomeRatio": -0.0135107684,
    "eps": -0.0789,
    "epsdiluted": -0.0789,
    "weightedAverageShsOut": 499189000,
    "weightedAverageShsOutDil": 499189000,
    "link": "https://www.sec.gov/Archives/edgar/data/49826/000004982609000028/0000049826-09-000028-index.htm",
    "finalLink": "https://www.sec.gov/Archives/edgar/data/49826/000004982609000028/itw10q1q09.htm"
  },
  {
    "date": "2008-12-31",
    "symbol": "ITW",
    "reportedCurrency": "USD",
    "cik": "0000049826",
    "fillingDate": "2009-02-27",
    "acceptedDate": "2009-02-27 16:52:27",
    "calendarYear": "2008",
    "period": "Q4",
    "revenue": 3678394000,
    "costOfRevenue": 2412454000,
    "grossProfit": 1265940000,
    "grossProfitRatio": 0.3441556288,
    "researchAndDevelopmentExpenses": 0,
    "generalAndAdministrativeExpenses": 589494000,
    "sellingAndMarketingExpenses": 0,
    "sellingGeneralAndAdministrativeExpenses": 589494000,
    "otherExpenses": 262333000,
    "operatingExpenses": 851827000,
    "costAndExpenses": 3264281000,
    "interestIncome": 0,
    "interestExpense": 0,
    "depreciationAndAmortization": 134492000,
    "ebitda": 548605000,
    "ebitdaratio": 0.1491425334,
    "operatingIncome": 414113000,
    "operatingIncomeRatio": 0.1125798378,
    "totalOtherIncomeExpensesNet": -54803000,
    "incomeBeforeTax": 359310000,
    "incomeBeforeTaxRatio": 0.0976812163,
    "incomeTaxExpense": 86000000,
    "netIncome": 233774000,
    "netIncomeRatio": 0.063553279,
    "eps": 0.47,
    "epsdiluted": 0.47,
    "weightedAverageShsOut": 499189000,
    "weightedAverageShsOutDil": 499189000,
    "link": "https://www.sec.gov/Archives/edgar/data/49826/000095013709001368/0000950137-09-001368-index.htm",
    "finalLink": "https://www.sec.gov/Archives/edgar/data/49826/000095013709001368/c48856e10vk.htm"
  },
  {
    "date": "2008-09-30",
    "symbol": "ITW",
    "reportedCurrency": "USD",
    "cik": "0000049826",
    "fillingDate": "2008-11-05",
    "acceptedDate": "2008-11-05 17:14:29",
    "calendarYear": "2008",
    "period": "Q3",
    "revenue": 4147757000,
    "costOfRevenue": 2699268000,
    "grossProfit": 1448489000,
    "grossProfitRatio": 0.3492222423,
    "researchAndDevelopmentExpenses": 0,
    "generalAndAdministrativeExpenses": 759142000,
    "sellingAndMarketingExpenses": 0,
    "sellingGeneralAndAdministrativeExpenses": 759142000,
    "otherExpenses": 50384000,
    "operatingExpenses": 809526000,
    "costAndExpenses": 3508794000,
    "interestIncome": 0,
    "interestExpense": 0,
    "depreciationAndAmortization": 182013000,
    "ebitda": 638963000,
    "ebitdaratio": 0.1540502493,
    "operatingIncome": 638963000,
    "operatingIncomeRatio": 0.1540502493,
    "totalOtherIncomeExpensesNet": -22270000,
    "incomeBeforeTax": 616693000,
    "incomeBeforeTaxRatio": 0.1486810823,
    "incomeTaxExpense": 173404000,
    "netIncome": 453518000,
    "netIncomeRatio": 0.1093405424,
    "eps": 0.88,
    "epsdiluted": 0.87,
    "weightedAverageShsOut": 517914000,
    "weightedAverageShsOutDil": 521086000,
    "link": "https://www.sec.gov/Archives/edgar/data/49826/000004982608000071/0000049826-08-000071-index.htm",
    "finalLink": "https://www.sec.gov/Archives/edgar/data/49826/000004982608000071/itw10q3q08.htm"
  },
  {
    "date": "2008-06-30",
    "symbol": "ITW",
    "reportedCurrency": "USD",
    "cik": "0000049826",
    "fillingDate": "2008-08-08",
    "acceptedDate": "2008-08-08 13:34:33",
    "calendarYear": "2008",
    "period": "Q2",
    "revenue": 4570472000,
    "costOfRevenue": 2946725000,
    "grossProfit": 1623747000,
    "grossProfitRatio": 0.3552689963,
    "researchAndDevelopmentExpenses": 0,
    "generalAndAdministrativeExpenses": 822435000,
    "sellingAndMarketingExpenses": 0,
    "sellingGeneralAndAdministrativeExpenses": 822435000,
    "otherExpenses": 44600000,
    "operatingExpenses": 867035000,
    "costAndExpenses": 3813760000,
    "interestIncome": 0,
    "interestExpense": 36588000,
    "depreciationAndAmortization": 143820000,
    "ebitda": 876299000,
    "ebitdaratio": 0.1917305259,
    "operatingIncome": 756712000,
    "operatingIncomeRatio": 0.1655653946,
    "totalOtherIncomeExpensesNet": -11847000,
    "incomeBeforeTax": 744370000,
    "incomeBeforeTaxRatio": 0.162865017,
    "incomeTaxExpense": 215900000,
    "netIncome": 528090000,
    "netIncomeRatio": 0.1155438651,
    "eps": 1.01,
    "epsdiluted": 1.01,
    "weightedAverageShsOut": 521488000,
    "weightedAverageShsOutDil": 525209000,
    "link": "https://www.sec.gov/Archives/edgar/data/49826/000004982608000050/0000049826-08-000050-index.htm",
    "finalLink": "https://www.sec.gov/Archives/edgar/data/49826/000004982608000050/itw10q2q08.htm"
  },
  {
    "date": "2008-03-31",
    "symbol": "ITW",
    "reportedCurrency": "USD",
    "cik": "0000049826",
    "fillingDate": "2008-05-02",
    "acceptedDate": "2008-05-02 12:23:55",
    "calendarYear": "2008",
    "period": "Q1",
    "revenue": 4139414000,
    "costOfRevenue": 2697966000,
    "grossProfit": 1441448000,
    "grossProfitRatio": 0.3482251352,
    "researchAndDevelopmentExpenses": 780460000,
    "generalAndAdministrativeExpenses": 780460000,
    "sellingAndMarketingExpenses": 0,
    "sellingGeneralAndAdministrativeExpenses": 780460000,
    "otherExpenses": 141027000,
    "operatingExpenses": 921487000,
    "costAndExpenses": 3619453000,
    "interestIncome": 0,
    "interestExpense": 0,
    "depreciationAndAmortization": 231582000,
    "ebitda": 519961000,
    "ebitdaratio": 0.1256122243,
    "operatingIncome": 519961000,
    "operatingIncomeRatio": 0.1256122243,
    "totalOtherIncomeExpensesNet": -58886000,
    "incomeBeforeTax": 461075000,
    "incomeBeforeTaxRatio": 0.1113865393,
    "incomeTaxExpense": 159700000,
    "netIncome": 303621000,
    "netIncomeRatio": 0.073348788,
    "eps": 0.58,
    "epsdiluted": 0.57,
    "weightedAverageShsOut": 526299000,
    "weightedAverageShsOutDil": 529725000,
    "link": "https://www.sec.gov/Archives/edgar/data/49826/000004982608000025/0000049826-08-000025-index.htm",
    "finalLink": "https://www.sec.gov/Archives/edgar/data/49826/000004982608000025/itw10q1q08.htm"
  },
  {
    "date": "2007-12-31",
    "symbol": "ITW",
    "reportedCurrency": "USD",
    "cik": "0000049826",
    "fillingDate": "2008-02-28",
    "acceptedDate": "2008-02-28 17:03:51",
    "calendarYear": "2007",
    "period": "Q4",
    "revenue": 4158078000,
    "costOfRevenue": 2687897000,
    "grossProfit": 1470181000,
    "grossProfitRatio": 0.3535722514,
    "researchAndDevelopmentExpenses": 0,
    "generalAndAdministrativeExpenses": 768063000,
    "sellingAndMarketingExpenses": 0,
    "sellingGeneralAndAdministrativeExpenses": 768063000,
    "otherExpenses": 41982000,
    "operatingExpenses": 810045000,
    "costAndExpenses": 3497942000,
    "interestIncome": 0,
    "interestExpense": 0,
    "depreciationAndAmortization": 141948000,
    "ebitda": 802084000,
    "ebitdaratio": 0.1928977763,
    "operatingIncome": 660136000,
    "operatingIncomeRatio": 0.1587598886,
    "totalOtherIncomeExpensesNet": -56686000,
    "incomeBeforeTax": 603450000,
    "incomeBeforeTaxRatio": 0.1451271477,
    "incomeTaxExpense": 176500000,
    "netIncome": 470733000,
    "netIncomeRatio": 0.113209276,
    "eps": 0.89,
    "epsdiluted": 0.89,
    "weightedAverageShsOut": 526299000,
    "weightedAverageShsOutDil": 526299000,
    "link": "https://www.sec.gov/Archives/edgar/data/49826/000095013708002954/0000950137-08-002954-index.htm",
    "finalLink": "https://www.sec.gov/Archives/edgar/data/49826/000095013708002954/c23108e10vk.htm"
  },
  {
    "date": "2007-09-30",
    "symbol": "ITW",
    "reportedCurrency": "USD",
    "cik": "0000049826",
    "fillingDate": "2007-10-29",
    "acceptedDate": "2007-10-29 13:09:40",
    "calendarYear": "2007",
    "period": "Q3",
    "revenue": 4093803000,
    "costOfRevenue": 2642744000,
    "grossProfit": 1451059000,
    "grossProfitRatio": 0.3544525714,
    "researchAndDevelopmentExpenses": 0,
    "generalAndAdministrativeExpenses": 715662000,
    "sellingAndMarketingExpenses": 0,
    "sellingGeneralAndAdministrativeExpenses": 715662000,
    "otherExpenses": 39102000,
    "operatingExpenses": 754764000,
    "costAndExpenses": 3397508000,
    "interestIncome": 0,
    "interestExpense": 0,
    "depreciationAndAmortization": 128040000,
    "ebitda": 777597000,
    "ebitdaratio": 0.1899448996,
    "operatingIncome": 696295000,
    "operatingIncomeRatio": 0.1700851262,
    "totalOtherIncomeExpensesNet": 39931000,
    "incomeBeforeTax": 689488000,
    "incomeBeforeTaxRatio": 0.1684223691,
    "incomeTaxExpense": 198400000,
    "netIncome": 491088000,
    "netIncomeRatio": 0.1199588744,
    "eps": 0.89,
    "epsdiluted": 0.89,
    "weightedAverageShsOut": 549561000,
    "weightedAverageShsOutDil": 554255000,
    "link": "https://www.sec.gov/Archives/edgar/data/49826/000004982607000049/0000049826-07-000049-index.htm",
    "finalLink": "https://www.sec.gov/Archives/edgar/data/49826/000004982607000049/itw10q3q07.htm"
  },
  {
    "date": "2007-06-30",
    "symbol": "ITW",
    "reportedCurrency": "USD",
    "cik": "0000049826",
    "fillingDate": "2007-08-03",
    "acceptedDate": "2007-08-03 11:17:23",
    "calendarYear": "2007",
    "period": "Q2",
    "revenue": 4159689000,
    "costOfRevenue": 2675515000,
    "grossProfit": 1484174000,
    "grossProfitRatio": 0.3567992703,
    "researchAndDevelopmentExpenses": 0,
    "generalAndAdministrativeExpenses": 745718000,
    "sellingAndMarketingExpenses": 0,
    "sellingGeneralAndAdministrativeExpenses": 745718000,
    "otherExpenses": 39779000,
    "operatingExpenses": 785497000,
    "costAndExpenses": 3461012000,
    "interestIncome": 0,
    "interestExpense": 0,
    "depreciationAndAmortization": 129579000,
    "ebitda": 698677000,
    "ebitdaratio": 0.1679637588,
    "operatingIncome": 698677000,
    "operatingIncomeRatio": 0.1679637588,
    "totalOtherIncomeExpensesNet": 18529000,
    "incomeBeforeTax": 717206000,
    "incomeBeforeTaxRatio": 0.1724181784,
    "incomeTaxExpense": 211600000,
    "netIncome": 530776000,
    "netIncomeRatio": 0.1275999239,
    "eps": 0.91,
    "epsdiluted": 0.9,
    "weightedAverageShsOut": 556793000,
    "weightedAverageShsOutDil": 561244000,
    "link": "https://www.sec.gov/Archives/edgar/data/49826/000004982607000032/0000049826-07-000032-index.htm",
    "finalLink": "https://www.sec.gov/Archives/edgar/data/49826/000004982607000032/itw10q2q07.htm"
  },
  {
    "date": "2007-03-31",
    "symbol": "ITW",
    "reportedCurrency": "USD",
    "cik": "0000049826",
    "fillingDate": "2007-05-04",
    "acceptedDate": "2007-05-04 14:04:27",
    "calendarYear": "2007",
    "period": "Q1",
    "revenue": 3759041000,
    "costOfRevenue": 2449029000,
    "grossProfit": 1310012000,
    "grossProfitRatio": 0.3484963319,
    "researchAndDevelopmentExpenses": 701185000,
    "generalAndAdministrativeExpenses": 701185000,
    "sellingAndMarketingExpenses": 0,
    "sellingGeneralAndAdministrativeExpenses": 701185000,
    "otherExpenses": 40179000,
    "operatingExpenses": 741364000,
    "costAndExpenses": 3190393000,
    "interestIncome": 0,
    "interestExpense": 0,
    "depreciationAndAmortization": 125177000,
    "ebitda": 693654000,
    "ebitdaratio": 0.1845295116,
    "operatingIncome": 568648000,
    "operatingIncomeRatio": 0.1512747533,
    "totalOtherIncomeExpensesNet": 2358000,
    "incomeBeforeTax": 570835000,
    "incomeBeforeTaxRatio": 0.1518565506,
    "incomeTaxExpense": 168400000,
    "netIncome": 402435000,
    "netIncomeRatio": 0.1070578906,
    "eps": 0.72,
    "epsdiluted": 0.71,
    "weightedAverageShsOut": 559001000,
    "weightedAverageShsOutDil": 563280000,
    "link": "https://www.sec.gov/Archives/edgar/data/49826/000004982607000011/0000049826-07-000011-index.htm",
    "finalLink": "https://www.sec.gov/Archives/edgar/data/49826/000004982607000011/itw10q1q07.htm"
  },
  {
    "date": "2006-12-31",
    "symbol": "ITW",
    "reportedCurrency": "USD",
    "cik": "0000049826",
    "fillingDate": "2007-02-26",
    "acceptedDate": "2007-02-23 19:32:26",
    "calendarYear": "2006",
    "period": "Q4",
    "revenue": 3640529000,
    "costOfRevenue": 2372634000,
    "grossProfit": 1267895000,
    "grossProfitRatio": 0.3482721879,
    "researchAndDevelopmentExpenses": 0,
    "generalAndAdministrativeExpenses": 634887000,
    "sellingAndMarketingExpenses": 0,
    "sellingGeneralAndAdministrativeExpenses": 634887000,
    "otherExpenses": 55465000,
    "operatingExpenses": 690352000,
    "costAndExpenses": 3062986000,
    "interestIncome": 0,
    "interestExpense": 0,
    "depreciationAndAmortization": 125994000,
    "ebitda": 703537000,
    "ebitdaratio": 0.1932513105,
    "operatingIncome": 594338000,
    "operatingIncomeRatio": 0.1632559444,
    "totalOtherIncomeExpensesNet": 11332000,
    "incomeBeforeTax": 605670000,
    "incomeBeforeTaxRatio": 0.1663686788,
    "incomeTaxExpense": 166400000,
    "netIncome": 439270000,
    "netIncomeRatio": 0.1206610358,
    "eps": 0.79,
    "epsdiluted": 0.79,
    "weightedAverageShsOut": 559001000,
    "weightedAverageShsOutDil": 559001000,
    "link": "https://www.sec.gov/Archives/edgar/data/49826/000095013707002694/0000950137-07-002694-index.htm",
    "finalLink": "https://www.sec.gov/Archives/edgar/data/49826/000095013707002694/c12075e10vk.htm"
  },
  {
    "date": "2006-09-30",
    "symbol": "ITW",
    "reportedCurrency": "USD",
    "cik": "0000049826",
    "fillingDate": "2006-10-30",
    "acceptedDate": "2006-10-30 16:58:00",
    "calendarYear": "2006",
    "period": "Q3",
    "revenue": 3538014000,
    "costOfRevenue": 2292192000,
    "grossProfit": 1245822000,
    "grossProfitRatio": 0.3521246666,
    "researchAndDevelopmentExpenses": 0,
    "generalAndAdministrativeExpenses": 593719000,
    "sellingAndMarketingExpenses": 0,
    "sellingGeneralAndAdministrativeExpenses": 593719000,
    "otherExpenses": 25237000,
    "operatingExpenses": 618956000,
    "costAndExpenses": 2911148000,
    "interestIncome": 0,
    "interestExpense": 0,
    "depreciationAndAmortization": 106416000,
    "ebitda": 626866000,
    "ebitdaratio": 0.1771801921,
    "operatingIncome": 626866000,
    "operatingIncomeRatio": 0.1771801921,
    "totalOtherIncomeExpensesNet": 15026000,
    "incomeBeforeTax": 641892000,
    "incomeBeforeTaxRatio": 0.1814272075,
    "incomeTaxExpense": 195800000,
    "netIncome": 446092000,
    "netIncomeRatio": 0.1260854253,
    "eps": 0.79,
    "epsdiluted": 0.78,
    "weightedAverageShsOut": 567637000,
    "weightedAverageShsOutDil": 570929000,
    "link": "https://www.sec.gov/Archives/edgar/data/49826/000004982606000044/0000049826-06-000044-index.htm",
    "finalLink": "https://www.sec.gov/Archives/edgar/data/49826/000004982606000044/itw10q3q06.htm"
  },
  {
    "date": "2006-06-30",
    "symbol": "ITW",
    "reportedCurrency": "USD",
    "cik": "0000049826",
    "fillingDate": "2006-08-04",
    "acceptedDate": "2006-08-04 13:04:59",
    "calendarYear": "2006",
    "period": "Q2",
    "revenue": 3579470000,
    "costOfRevenue": 2292821000,
    "grossProfit": 1286649000,
    "grossProfitRatio": 0.359452377,
    "researchAndDevelopmentExpenses": 0,
    "generalAndAdministrativeExpenses": 602221000,
    "sellingAndMarketingExpenses": 0,
    "sellingGeneralAndAdministrativeExpenses": 602221000,
    "otherExpenses": 24664000,
    "operatingExpenses": 626885000,
    "costAndExpenses": 2919706000,
    "interestIncome": 0,
    "interestExpense": 0,
    "depreciationAndAmortization": 101752000,
    "ebitda": 659764000,
    "ebitdaratio": 0.1843189075,
    "operatingIncome": 659764000,
    "operatingIncomeRatio": 0.1843189075,
    "totalOtherIncomeExpensesNet": 6690000,
    "incomeBeforeTax": 666454000,
    "incomeBeforeTaxRatio": 0.1861878993,
    "incomeTaxExpense": 200600000,
    "netIncome": 465854000,
    "netIncomeRatio": 0.1301460831,
    "eps": 0.82,
    "epsdiluted": 0.81,
    "weightedAverageShsOut": 567446000,
    "weightedAverageShsOutDil": 571954000,
    "link": "https://www.sec.gov/Archives/edgar/data/49826/000004982606000033/0000049826-06-000033-index.htm",
    "finalLink": "https://www.sec.gov/Archives/edgar/data/49826/000004982606000033/itw10q2q06.htm"
  },
  {
    "date": "2006-03-31",
    "symbol": "ITW",
    "reportedCurrency": "USD",
    "cik": "0000049826",
    "fillingDate": "2006-05-08",
    "acceptedDate": "2006-05-08 15:36:05",
    "calendarYear": "2006",
    "period": "Q1",
    "revenue": 3297036000,
    "costOfRevenue": 2119674000,
    "grossProfit": 1177362000,
    "grossProfitRatio": 0.3570971018,
    "researchAndDevelopmentExpenses": 601421000,
    "generalAndAdministrativeExpenses": 601421000,
    "sellingAndMarketingExpenses": 0,
    "sellingGeneralAndAdministrativeExpenses": 601421000,
    "otherExpenses": 35973000,
    "operatingExpenses": 637394000,
    "costAndExpenses": 2757068000,
    "interestIncome": 0,
    "interestExpense": 0,
    "depreciationAndAmortization": 109744000,
    "ebitda": 539968000,
    "ebitdaratio": 0.1637737653,
    "operatingIncome": 539968000,
    "operatingIncomeRatio": 0.1637737653,
    "totalOtherIncomeExpensesNet": -8738000,
    "incomeBeforeTax": 531230000,
    "incomeBeforeTaxRatio": 0.1611235061,
    "incomeTaxExpense": 164700000,
    "netIncome": 366530000,
    "netIncomeRatio": 0.1111695474,
    "eps": 0.65,
    "epsdiluted": 0.65,
    "weightedAverageShsOut": 564536568,
    "weightedAverageShsOutDil": 567914000,
    "link": "https://www.sec.gov/Archives/edgar/data/49826/000004982606000018/0000049826-06-000018-index.htm",
    "finalLink": "https://www.sec.gov/Archives/edgar/data/49826/000004982606000018/itw10q1q06.htm"
  },
  {
    "date": "2005-12-31",
    "symbol": "ITW",
    "reportedCurrency": "USD",
    "cik": "0000049826",
    "fillingDate": "2006-02-24",
    "acceptedDate": "2006-02-24 17:34:24",
    "calendarYear": "2005",
    "period": "Q4",
    "revenue": 3294257000,
    "costOfRevenue": 2103670000,
    "grossProfit": 1190587000,
    "grossProfitRatio": 0.3614129074,
    "researchAndDevelopmentExpenses": 0,
    "generalAndAdministrativeExpenses": 568477000,
    "sellingAndMarketingExpenses": 0,
    "sellingGeneralAndAdministrativeExpenses": 568477000,
    "otherExpenses": 26869000,
    "operatingExpenses": 595346000,
    "costAndExpenses": 2699016000,
    "interestIncome": 0,
    "interestExpense": 0,
    "depreciationAndAmortization": 100660000,
    "ebitda": 695901000,
    "ebitdaratio": 0.2112467242,
    "operatingIncome": 595241000,
    "operatingIncomeRatio": 0.1806905169,
    "totalOtherIncomeExpensesNet": -22862000,
    "incomeBeforeTax": 572379000,
    "incomeBeforeTaxRatio": 0.1737505604,
    "incomeTaxExpense": 171800000,
    "netIncome": 400579000,
    "netIncomeRatio": 0.1215991952,
    "eps": 0.71,
    "epsdiluted": 0.71,
    "weightedAverageShsOut": 561627136,
    "weightedAverageShsOutDil": 563874000,
    "link": "https://www.sec.gov/Archives/edgar/data/49826/000095013706002224/0000950137-06-002224-index.htm",
    "finalLink": "https://www.sec.gov/Archives/edgar/data/49826/000095013706002224/c02489e10vk.htm"
  },
  {
    "date": "2005-09-30",
    "symbol": "ITW",
    "reportedCurrency": "USD",
    "cik": "0000049826",
    "fillingDate": "2005-10-28",
    "acceptedDate": "2005-10-28 16:51:14",
    "calendarYear": "2005",
    "period": "Q3",
    "revenue": 3257600000,
    "costOfRevenue": 2081272000,
    "grossProfit": 1176328000,
    "grossProfitRatio": 0.3611026523,
    "researchAndDevelopmentExpenses": 0,
    "generalAndAdministrativeExpenses": 541338000,
    "sellingAndMarketingExpenses": 0,
    "sellingGeneralAndAdministrativeExpenses": 541338000,
    "otherExpenses": 15770000,
    "operatingExpenses": 557108000,
    "costAndExpenses": 2638380000,
    "interestIncome": 0,
    "interestExpense": 0,
    "depreciationAndAmortization": 93982000,
    "ebitda": 659198000,
    "ebitdaratio": 0.2023569499,
    "operatingIncome": 619220000,
    "operatingIncomeRatio": 0.190084725,
    "totalOtherIncomeExpensesNet": -19018000,
    "incomeBeforeTax": 600202000,
    "incomeBeforeTaxRatio": 0.1842466847,
    "incomeTaxExpense": 192000000,
    "netIncome": 408202000,
    "netIncomeRatio": 0.1253075884,
    "eps": 0.71,
    "epsdiluted": 0.7,
    "weightedAverageShsOut": 578727000,
    "weightedAverageShsOutDil": 583110000,
    "link": "https://www.sec.gov/Archives/edgar/data/49826/000004982605000031/0000049826-05-000031-index.htm",
    "finalLink": "https://www.sec.gov/Archives/edgar/data/49826/000004982605000031/itw10q3q05.htm"
  },
  {
    "date": "2005-06-30",
    "symbol": "ITW",
    "reportedCurrency": "USD",
    "cik": "0000049826",
    "fillingDate": "2005-08-05",
    "acceptedDate": "2005-08-05 12:26:37",
    "calendarYear": "2005",
    "period": "Q2",
    "revenue": 3295644000,
    "costOfRevenue": 2156602000,
    "grossProfit": 1139042000,
    "grossProfitRatio": 0.3456204614,
    "researchAndDevelopmentExpenses": 0,
    "generalAndAdministrativeExpenses": 556975000,
    "sellingAndMarketingExpenses": 0,
    "sellingGeneralAndAdministrativeExpenses": 556975000,
    "otherExpenses": 15213000,
    "operatingExpenses": 572188000,
    "costAndExpenses": 2728790000,
    "interestIncome": 0,
    "interestExpense": 0,
    "depreciationAndAmortization": 89806000,
    "ebitda": 5689712000,
    "ebitdaratio": 1.7264340445,
    "operatingIncome": 566854000,
    "operatingIncomeRatio": 0.1720009807,
    "totalOtherIncomeExpensesNet": -20472000,
    "incomeBeforeTax": 546382000,
    "incomeBeforeTaxRatio": 0.1657891447,
    "incomeTaxExpense": 172600000,
    "netIncome": 373782000,
    "netIncomeRatio": 0.1134169831,
    "eps": 0.65,
    "epsdiluted": 0.64,
    "weightedAverageShsOut": 578727000,
    "weightedAverageShsOutDil": 583110000,
    "link": "https://www.sec.gov/Archives/edgar/data/49826/000004982605000024/0000049826-05-000024-index.htm",
    "finalLink": "https://www.sec.gov/Archives/edgar/data/49826/000004982605000024/itw10q2q05.htm"
  },
  {
    "date": "2005-03-31",
    "symbol": "ITW",
    "reportedCurrency": "USD",
    "cik": "0000049826",
    "fillingDate": "2005-05-06",
    "acceptedDate": "2005-05-06 15:12:33",
    "calendarYear": "2005",
    "period": "Q1",
    "revenue": 3074291000,
    "costOfRevenue": 2022337000,
    "grossProfit": 1051954000,
    "grossProfitRatio": 0.3421777574,
    "researchAndDevelopmentExpenses": 548075000,
    "generalAndAdministrativeExpenses": 548075000,
    "sellingAndMarketingExpenses": 0,
    "sellingGeneralAndAdministrativeExpenses": 548075000,
    "otherExpenses": 25990000,
    "operatingExpenses": 574065000,
    "costAndExpenses": 2596402000,
    "interestIncome": 0,
    "interestExpense": 0,
    "depreciationAndAmortization": 98626000,
    "ebitda": 477889000,
    "ebitdaratio": 0.1554468982,
    "operatingIncome": 477889000,
    "operatingIncomeRatio": 0.1554468982,
    "totalOtherIncomeExpensesNet": -15283000,
    "incomeBeforeTax": 462606000,
    "incomeBeforeTaxRatio": 0.1504756707,
    "incomeTaxExpense": 150300000,
    "netIncome": 312306000,
    "netIncomeRatio": 0.1015863495,
    "eps": 0.54,
    "epsdiluted": 0.53,
    "weightedAverageShsOut": 582788000,
    "weightedAverageShsOutDil": 587200000,
    "link": "https://www.sec.gov/Archives/edgar/data/49826/000004982605000011/0000049826-05-000011-index.htm",
    "finalLink": "https://www.sec.gov/Archives/edgar/data/49826/000004982605000011/itw10q1q05.htm"
  },
  {
    "date": "2004-12-31",
    "symbol": "ITW",
    "reportedCurrency": "USD",
    "cik": "0000049826",
    "fillingDate": "2005-03-04",
    "acceptedDate": "2005-03-04 14:44:12",
    "calendarYear": "2004",
    "period": "Q4",
    "revenue": 3051637000,
    "costOfRevenue": 1976269000,
    "grossProfit": 1075368000,
    "grossProfitRatio": 0.3523905366,
    "researchAndDevelopmentExpenses": 0,
    "generalAndAdministrativeExpenses": 528742000,
    "sellingAndMarketingExpenses": 0,
    "sellingGeneralAndAdministrativeExpenses": 528742000,
    "otherExpenses": 11429000,
    "operatingExpenses": 540171000,
    "costAndExpenses": 2516440000,
    "interestIncome": 0,
    "interestExpense": 0,
    "depreciationAndAmortization": 97442000,
    "ebitda": 632639000,
    "ebitdaratio": 0.2073113545,
    "operatingIncome": 535197000,
    "operatingIncomeRatio": 0.1753802959,
    "totalOtherIncomeExpensesNet": -21318000,
    "incomeBeforeTax": 513879000,
    "incomeBeforeTaxRatio": 0.1683945371,
    "incomeTaxExpense": 154700000,
    "netIncome": 358097000,
    "netIncomeRatio": 0.1173458704,
    "eps": 0.61,
    "epsdiluted": 0.61,
    "weightedAverageShsOut": 582788000,
    "weightedAverageShsOutDil": 582788000,
    "link": "https://www.sec.gov/Archives/edgar/data/49826/000095013705002667/0000950137-05-002667-index.htm",
    "finalLink": "https://www.sec.gov/Archives/edgar/data/49826/000095013705002667/c92475e10vk.htm"
  },
  {
    "date": "2004-09-30",
    "symbol": "ITW",
    "reportedCurrency": "USD",
    "cik": "0000049826",
    "fillingDate": "2004-11-02",
    "acceptedDate": "2004-11-01 17:32:41",
    "calendarYear": "2004",
    "period": "Q3",
    "revenue": 2967168000,
    "costOfRevenue": 1934831000,
    "grossProfit": 1032337000,
    "grossProfitRatio": 0.3479199695,
    "researchAndDevelopmentExpenses": 0,
    "generalAndAdministrativeExpenses": 509482000,
    "sellingAndMarketingExpenses": 0,
    "sellingGeneralAndAdministrativeExpenses": 509482000,
    "otherExpenses": 10617000,
    "operatingExpenses": 520099000,
    "costAndExpenses": 2454930000,
    "interestIncome": 0,
    "interestExpense": 0,
    "depreciationAndAmortization": 90327000,
    "ebitda": 512238000,
    "ebitdaratio": 0.172635321,
    "operatingIncome": 512238000,
    "operatingIncomeRatio": 0.172635321,
    "totalOtherIncomeExpensesNet": -12187000,
    "incomeBeforeTax": 500051000,
    "incomeBeforeTaxRatio": 0.1685280375,
    "incomeTaxExpense": 170000000,
    "netIncome": 330051000,
    "netIncomeRatio": 0.1112343487,
    "eps": 0.55,
    "epsdiluted": 0.55,
    "weightedAverageShsOut": 602780000,
    "weightedAverageShsOutDil": 607932000,
    "link": "https://www.sec.gov/Archives/edgar/data/49826/000004982604000029/0000049826-04-000029-index.htm",
    "finalLink": "https://www.sec.gov/Archives/edgar/data/49826/000004982604000029/itw10q3q04.htm"
  },
  {
    "date": "2004-06-30",
    "symbol": "ITW",
    "reportedCurrency": "USD",
    "cik": "0000049826",
    "fillingDate": "2004-08-06",
    "acceptedDate": "2004-08-06 15:29:04",
    "calendarYear": "2004",
    "period": "Q2",
    "revenue": 3002271000,
    "costOfRevenue": 1929803000,
    "grossProfit": 1072468000,
    "grossProfitRatio": 0.3572189186,
    "researchAndDevelopmentExpenses": 0,
    "generalAndAdministrativeExpenses": 502880000,
    "sellingAndMarketingExpenses": 0,
    "sellingGeneralAndAdministrativeExpenses": 502880000,
    "otherExpenses": 8052000,
    "operatingExpenses": 510932000,
    "costAndExpenses": 2440735000,
    "interestIncome": 0,
    "interestExpense": 0,
    "depreciationAndAmortization": 98016000,
    "ebitda": 561536000,
    "ebitdaratio": 0.1870370796,
    "operatingIncome": 561536000,
    "operatingIncomeRatio": 0.1870370796,
    "totalOtherIncomeExpensesNet": -15486000,
    "incomeBeforeTax": 565050000,
    "incomeBeforeTaxRatio": 0.1882075269,
    "incomeTaxExpense": 185700000,
    "netIncome": 360350000,
    "netIncomeRatio": 0.1200258071,
    "eps": 0.59,
    "epsdiluted": 0.58,
    "weightedAverageShsOut": 616172000,
    "weightedAverageShsOutDil": 621276000,
    "link": "https://www.sec.gov/Archives/edgar/data/49826/000004982604000020/0000049826-04-000020-index.htm",
    "finalLink": "https://www.sec.gov/Archives/edgar/data/49826/000004982604000020/itw10q2q04.htm"
  },
  {
    "date": "2004-03-31",
    "symbol": "ITW",
    "reportedCurrency": "USD",
    "cik": "0000049826",
    "fillingDate": "2004-05-10",
    "acceptedDate": "2004-05-10 12:44:19",
    "calendarYear": "2004",
    "period": "Q1",
    "revenue": 2710349000,
    "costOfRevenue": 1750343000,
    "grossProfit": 960006000,
    "grossProfitRatio": 0.3542001418,
    "researchAndDevelopmentExpenses": 483341000,
    "generalAndAdministrativeExpenses": 483341000,
    "sellingAndMarketingExpenses": 0,
    "sellingGeneralAndAdministrativeExpenses": 483341000,
    "otherExpenses": 29023000,
    "operatingExpenses": 512364000,
    "costAndExpenses": 2262707000,
    "interestIncome": 0,
    "interestExpense": 0,
    "depreciationAndAmortization": 100012000,
    "ebitda": 447642000,
    "ebitdaratio": 0.1651602801,
    "operatingIncome": 447642000,
    "operatingIncomeRatio": 0.1651602801,
    "totalOtherIncomeExpensesNet": -8217000,
    "incomeBeforeTax": 439425000,
    "incomeBeforeTaxRatio": 0.1621285672,
    "incomeTaxExpense": 149400000,
    "netIncome": 290196000,
    "netIncomeRatio": 0.1070696062,
    "eps": 0.47,
    "epsdiluted": 0.47,
    "weightedAverageShsOut": 616642000,
    "weightedAverageShsOutDil": 620818000,
    "link": "https://www.sec.gov/Archives/edgar/data/49826/000004982604000008/0000049826-04-000008-index.htm",
    "finalLink": "https://www.sec.gov/Archives/edgar/data/49826/000004982604000008/itw10q1q04.htm"
  },
  {
    "date": "2003-12-31",
    "symbol": "ITW",
    "reportedCurrency": "USD",
    "cik": "0000049826",
    "fillingDate": "2004-03-09",
    "acceptedDate": "2004-03-09 14:50:42",
    "calendarYear": "2003",
    "period": "Q4",
    "revenue": 2625958000,
    "costOfRevenue": 1720444000,
    "grossProfit": 905514000,
    "grossProfitRatio": 0.3448318671,
    "researchAndDevelopmentExpenses": 0,
    "generalAndAdministrativeExpenses": 468497000,
    "sellingAndMarketingExpenses": 0,
    "sellingGeneralAndAdministrativeExpenses": 468497000,
    "otherExpenses": 5301000,
    "operatingExpenses": 473798000,
    "costAndExpenses": 2194242000,
    "interestIncome": 0,
    "interestExpense": 0,
    "depreciationAndAmortization": 79315000,
    "ebitda": 511031000,
    "ebitdaratio": 0.1946074537,
    "operatingIncome": 431716000,
    "operatingIncomeRatio": 0.1644032387,
    "totalOtherIncomeExpensesNet": -14507000,
    "incomeBeforeTax": 417209000,
    "incomeBeforeTaxRatio": 0.1588787787,
    "incomeTaxExpense": 130300000,
    "netIncome": 283297000,
    "netIncomeRatio": 0.1078832944,
    "eps": 0.46,
    "epsdiluted": 0.46,
    "weightedAverageShsOut": 616642000,
    "weightedAverageShsOutDil": 616642000,
    "link": "https://www.sec.gov/Archives/edgar/data/49826/000095013704001633/0000950137-04-001633-index.htm",
    "finalLink": "https://www.sec.gov/Archives/edgar/data/49826/000095013704001633/c83293e10vk.htm"
  },
  {
    "date": "2003-09-30",
    "symbol": "ITW",
    "reportedCurrency": "USD",
    "cik": "0000049826",
    "fillingDate": "2003-10-31",
    "acceptedDate": "2003-10-31 16:06:12",
    "calendarYear": "2003",
    "period": "Q3",
    "revenue": 2531885000,
    "costOfRevenue": 1634056000,
    "grossProfit": 897829000,
    "grossProfitRatio": 0.3546089179,
    "researchAndDevelopmentExpenses": 0,
    "generalAndAdministrativeExpenses": 466335000,
    "sellingAndMarketingExpenses": 0,
    "sellingGeneralAndAdministrativeExpenses": 466335000,
    "otherExpenses": 4818000,
    "operatingExpenses": 471153000,
    "costAndExpenses": 2105209000,
    "interestIncome": 0,
    "interestExpense": 0,
    "depreciationAndAmortization": 74398000,
    "ebitda": 426676000,
    "ebitdaratio": 0.1685210821,
    "operatingIncome": 426676000,
    "operatingIncomeRatio": 0.1685210821,
    "totalOtherIncomeExpensesNet": -11600000,
    "incomeBeforeTax": 415076000,
    "incomeBeforeTaxRatio": 0.1639395154,
    "incomeTaxExpense": 145300000,
    "netIncome": 268902000,
    "netIncomeRatio": 0.1062062455,
    "eps": 0.44,
    "epsdiluted": 0.44,
    "weightedAverageShsOut": 614284000,
    "weightedAverageShsOutDil": 617992000,
    "link": "https://www.sec.gov/Archives/edgar/data/49826/000004982603000048/0000049826-03-000048-index.htm",
    "finalLink": "https://www.sec.gov/Archives/edgar/data/49826/000004982603000048/itw10q3q03.htm"
  },
  {
    "date": "2003-06-30",
    "symbol": "ITW",
    "reportedCurrency": "USD",
    "cik": "0000049826",
    "fillingDate": "2003-08-14",
    "acceptedDate": "2003-08-14 11:51:40",
    "calendarYear": "2003",
    "period": "Q2",
    "revenue": 2563990000,
    "costOfRevenue": 1659400000,
    "grossProfit": 904590000,
    "grossProfitRatio": 0.3528055882,
    "researchAndDevelopmentExpenses": 0,
    "generalAndAdministrativeExpenses": 445677000,
    "sellingAndMarketingExpenses": 0,
    "sellingGeneralAndAdministrativeExpenses": 445677000,
    "otherExpenses": 4847000,
    "operatingExpenses": 450524000,
    "costAndExpenses": 2109924000,
    "interestIncome": 0,
    "interestExpense": 0,
    "depreciationAndAmortization": 75655000,
    "ebitda": 454066000,
    "ebitdaratio": 0.1770935144,
    "operatingIncome": 454066000,
    "operatingIncomeRatio": 0.1770935144,
    "totalOtherIncomeExpensesNet": -17121000,
    "incomeBeforeTax": 436945000,
    "incomeBeforeTaxRatio": 0.1704160313,
    "incomeTaxExpense": 152900000,
    "netIncome": 276104000,
    "netIncomeRatio": 0.1076852874,
    "eps": 0.45,
    "epsdiluted": 0.45,
    "weightedAverageShsOut": 613578000,
    "weightedAverageShsOutDil": 616418000,
    "link": "https://www.sec.gov/Archives/edgar/data/49826/000004982603000038/0000049826-03-000038-index.htm",
    "finalLink": "https://www.sec.gov/Archives/edgar/data/49826/000004982603000038/itw10q2q03.htm"
  },
  {
    "date": "2003-03-31",
    "symbol": "ITW",
    "reportedCurrency": "USD",
    "cik": "0000049826",
    "fillingDate": "2003-05-15",
    "acceptedDate": "2003-05-15 16:56:06",
    "calendarYear": "2003",
    "period": "Q1",
    "revenue": 2313790000,
    "costOfRevenue": 1513792000,
    "grossProfit": 799998000,
    "grossProfitRatio": 0.3457522074,
    "researchAndDevelopmentExpenses": 0,
    "generalAndAdministrativeExpenses": 469688000,
    "sellingAndMarketingExpenses": 0,
    "sellingGeneralAndAdministrativeExpenses": 469688000,
    "otherExpenses": 9310000,
    "operatingExpenses": 478998000,
    "costAndExpenses": 1992790000,
    "interestIncome": 0,
    "interestExpense": 0,
    "depreciationAndAmortization": 77185000,
    "ebitda": 398185000,
    "ebitdaratio": 0.1720921086,
    "operatingIncome": 321000000,
    "operatingIncomeRatio": 0.1387334201,
    "totalOtherIncomeExpensesNet": -14116000,
    "incomeBeforeTax": 306884000,
    "incomeBeforeTaxRatio": 0.1326326071,
    "incomeTaxExpense": 107400000,
    "netIncome": 195377000,
    "netIncomeRatio": 0.0844402474,
    "eps": 0.32,
    "epsdiluted": 0.32,
    "weightedAverageShsOut": 613244000,
    "weightedAverageShsOutDil": 615544000,
    "link": "https://www.sec.gov/Archives/edgar/data/49826/000004982603000016/0000049826-03-000016-index.htm",
    "finalLink": "https://www.sec.gov/Archives/edgar/data/49826/000004982603000016/itw10q1q03.htm"
  },
  {
    "date": "2002-12-31",
    "symbol": "ITW",
    "reportedCurrency": "USD",
    "cik": "0000049826",
    "fillingDate": "2003-03-04",
    "acceptedDate": "2003-03-04 09:01:24",
    "calendarYear": "2002",
    "period": "Q4",
    "revenue": 2427423000,
    "costOfRevenue": 1601121000,
    "grossProfit": 826302000,
    "grossProfitRatio": 0.3404029706,
    "researchAndDevelopmentExpenses": 0,
    "generalAndAdministrativeExpenses": 443587000,
    "sellingAndMarketingExpenses": 0,
    "sellingGeneralAndAdministrativeExpenses": 443587000,
    "otherExpenses": 12787000,
    "operatingExpenses": 456374000,
    "costAndExpenses": 2057495000,
    "interestIncome": 0,
    "interestExpense": 0,
    "depreciationAndAmortization": 77654000,
    "ebitda": 447582000,
    "ebitdaratio": 0.1843856633,
    "operatingIncome": 369928000,
    "operatingIncomeRatio": 0.1523953592,
    "totalOtherIncomeExpensesNet": -19245000,
    "incomeBeforeTax": 350683000,
    "incomeBeforeTaxRatio": 0.1444671983,
    "incomeTaxExpense": 122750000,
    "netIncome": 222988000,
    "netIncomeRatio": 0.0918620282,
    "eps": 0.36,
    "epsdiluted": 0.36,
    "weightedAverageShsOut": 610397811,
    "weightedAverageShsOutDil": 613244000,
    "link": "https://www.sec.gov/Archives/edgar/data/49826/000095013703001256/0000950137-03-001256-index.htm",
    "finalLink": "https://www.sec.gov/Archives/edgar/data/49826/000095013703001256/c75093e10vk.htm"
  },
  {
    "date": "2002-09-30",
    "symbol": "ITW",
    "reportedCurrency": "USD",
    "cik": "0000049826",
    "fillingDate": "2002-11-01",
    "acceptedDate": "2002-11-01 13:15:42",
    "calendarYear": "2002",
    "period": "Q3",
    "revenue": 2401038000,
    "costOfRevenue": 1561548000,
    "grossProfit": 839490000,
    "grossProfitRatio": 0.3496362823,
    "researchAndDevelopmentExpenses": 0,
    "generalAndAdministrativeExpenses": 437526000,
    "sellingAndMarketingExpenses": 0,
    "sellingGeneralAndAdministrativeExpenses": 437526000,
    "otherExpenses": 5028000,
    "operatingExpenses": 442554000,
    "costAndExpenses": 2004102000,
    "interestIncome": 0,
    "interestExpense": 0,
    "depreciationAndAmortization": 77030000,
    "ebitda": 473966000,
    "ebitdaratio": 0.1974004576,
    "operatingIncome": 396936000,
    "operatingIncomeRatio": 0.1653184997,
    "totalOtherIncomeExpensesNet": -21176000,
    "incomeBeforeTax": 375760000,
    "incomeBeforeTaxRatio": 0.1564989809,
    "incomeTaxExpense": 131500000,
    "netIncome": 245536000,
    "netIncomeRatio": 0.1022624382,
    "eps": 0.4,
    "epsdiluted": 0.4,
    "weightedAverageShsOut": 612816000,
    "weightedAverageShsOutDil": 615786000,
    "link": "https://www.sec.gov/Archives/edgar/data/49826/000004982602000022/0000049826-02-000022-index.htm",
    "finalLink": "https://www.sec.gov/Archives/edgar/data/49826/000004982602000022/itw10q3q02.htm"
  },
  {
    "date": "2002-06-30",
    "symbol": "ITW",
    "reportedCurrency": "USD",
    "cik": "0000049826",
    "fillingDate": "2002-08-12",
    "acceptedDate": "2002-08-12 16:19:39",
    "calendarYear": "2002",
    "period": "Q2",
    "revenue": 2434625000,
    "costOfRevenue": 1576003000,
    "grossProfit": 858622000,
    "grossProfitRatio": 0.3526711506,
    "researchAndDevelopmentExpenses": 0,
    "generalAndAdministrativeExpenses": 424368000,
    "sellingAndMarketingExpenses": 0,
    "sellingGeneralAndAdministrativeExpenses": 424368000,
    "otherExpenses": 5246000,
    "operatingExpenses": 429614000,
    "costAndExpenses": 2005617000,
    "interestIncome": 0,
    "interestExpense": 0,
    "depreciationAndAmortization": 74709000,
    "ebitda": 503717000,
    "ebitdaratio": 0.2068971608,
    "operatingIncome": 429008000,
    "operatingIncomeRatio": 0.1762111208,
    "totalOtherIncomeExpensesNet": -16363000,
    "incomeBeforeTax": 412645000,
    "incomeBeforeTaxRatio": 0.1694901679,
    "incomeTaxExpense": 147400000,
    "netIncome": 267511000,
    "netIncomeRatio": 0.1098777019,
    "eps": 0.44,
    "epsdiluted": 0.44,
    "weightedAverageShsOut": 612606000,
    "weightedAverageShsOutDil": 616880000,
    "link": "https://www.sec.gov/Archives/edgar/data/49826/000004982602000014/0000049826-02-000014-index.htm",
    "finalLink": "https://www.sec.gov/Archives/edgar/data/49826/000004982602000014/itw10q2q02.htm"
  },
  {
    "date": "2002-03-31",
    "symbol": "ITW",
    "reportedCurrency": "USD",
    "cik": "0000049826",
    "fillingDate": "2002-05-02",
    "acceptedDate": "2002-05-02 12:03:44",
    "calendarYear": "2002",
    "period": "Q1",
    "revenue": 2204654000,
    "costOfRevenue": 1475119000,
    "grossProfit": 729535000,
    "grossProfitRatio": 0.3309067999,
    "researchAndDevelopmentExpenses": 0,
    "generalAndAdministrativeExpenses": 414764000,
    "sellingAndMarketingExpenses": 0,
    "sellingGeneralAndAdministrativeExpenses": 414764000,
    "otherExpenses": 4872000,
    "operatingExpenses": 419636000,
    "costAndExpenses": 1894755000,
    "interestIncome": 0,
    "interestExpense": 0,
    "depreciationAndAmortization": 76359000,
    "ebitda": 386258000,
    "ebitdaratio": 0.175201188,
    "operatingIncome": 309899000,
    "operatingIncomeRatio": 0.1405658212,
    "totalOtherIncomeExpensesNet": -15427000,
    "incomeBeforeTax": 294472000,
    "incomeBeforeTaxRatio": 0.1335683513,
    "incomeTaxExpense": 100100000,
    "netIncome": -23443000,
    "netIncomeRatio": -0.0106334146,
    "eps": -0.04,
    "epsdiluted": -0.04,
    "weightedAverageShsOut": 586075000,
    "weightedAverageShsOutDil": 586075000,
    "link": "https://www.sec.gov/Archives/edgar/data/49826/000004982602000002/0000049826-02-000002-index.htm",
    "finalLink": "https://www.sec.gov/Archives/edgar/data/49826/000004982602000002/itw10q1q02.htm"
  },
  {
    "date": "2001-12-31",
    "symbol": "ITW",
    "reportedCurrency": "USD",
    "cik": "0000049826",
    "fillingDate": "2002-03-22",
    "acceptedDate": "2002-03-22 00:00:00",
    "calendarYear": "2001",
    "period": "Q4",
    "revenue": 1990199000,
    "costOfRevenue": 1316659000,
    "grossProfit": 673540000,
    "grossProfitRatio": 0.3384284687,
    "researchAndDevelopmentExpenses": 0,
    "generalAndAdministrativeExpenses": 345847000,
    "sellingAndMarketingExpenses": 0,
    "sellingGeneralAndAdministrativeExpenses": 345847000,
    "otherExpenses": 25493000,
    "operatingExpenses": 371340000,
    "costAndExpenses": 1687999000,
    "interestIncome": 0,
    "interestExpense": 0,
    "depreciationAndAmortization": 78007000,
    "ebitda": 380207000,
    "ebitdaratio": 0.19103969,
    "operatingIncome": 302200000,
    "operatingIncomeRatio": 0.1518441121,
    "totalOtherIncomeExpensesNet": -16840000,
    "incomeBeforeTax": 285360000,
    "incomeBeforeTaxRatio": 0.1433826467,
    "incomeTaxExpense": 97500000,
    "netIncome": 191070000,
    "netIncomeRatio": 0.0960054748,
    "eps": 0.33,
    "epsdiluted": 0.33,
    "weightedAverageShsOut": 586075000,
    "weightedAverageShsOutDil": 586075000,
    "link": "https://www.sec.gov/Archives/edgar/data/49826/000095013702001470/0000950137-02-001470-index.htm",
    "finalLink": "https://www.sec.gov/Archives/edgar/data/49826/000095013702001470/c67784e10-k405.htm"
  },
  {
    "date": "2001-09-30",
    "symbol": "ITW",
    "reportedCurrency": "USD",
    "cik": "0000049826",
    "fillingDate": "2001-11-14",
    "acceptedDate": "2001-11-14 00:00:00",
    "calendarYear": "2001",
    "period": "Q3",
    "revenue": 2395645000,
    "costOfRevenue": 1597149000,
    "grossProfit": 798496000,
    "grossProfitRatio": 0.3333114881,
    "researchAndDevelopmentExpenses": 0,
    "generalAndAdministrativeExpenses": 442430000,
    "sellingAndMarketingExpenses": 0,
    "sellingGeneralAndAdministrativeExpenses": 442430000,
    "otherExpenses": 28450000,
    "operatingExpenses": 470880000,
    "costAndExpenses": 2068029000,
    "interestIncome": 0,
    "interestExpense": 0,
    "depreciationAndAmortization": 101740000,
    "ebitda": 426389000,
    "ebitdaratio": 0.177985052,
    "operatingIncome": 327616000,
    "operatingIncomeRatio": 0.1367548197,
    "totalOtherIncomeExpensesNet": -20701000,
    "incomeBeforeTax": 306155000,
    "incomeBeforeTaxRatio": 0.1277964807,
    "incomeTaxExpense": 107100000,
    "netIncome": 199055000,
    "netIncomeRatio": 0.0830903577,
    "eps": 0.33,
    "epsdiluted": 0.33,
    "weightedAverageShsOut": 596188500,
    "weightedAverageShsOutDil": 598768500,
    "link": "https://www.sec.gov/Archives/edgar/data/49826/000004982601500014/0000049826-01-500014-index.htm",
    "finalLink": "https://www.sec.gov/Archives/edgar/data/49826/000004982601500014/itw10q3q01.htm"
  },
  {
    "date": "2001-06-30",
    "symbol": "ITW",
    "reportedCurrency": "USD",
    "cik": "0000049826",
    "fillingDate": "2001-08-08",
    "acceptedDate": "2001-08-08 00:00:00",
    "calendarYear": "2001",
    "period": "Q2",
    "revenue": 2510113000,
    "costOfRevenue": 1664403000,
    "grossProfit": 845710000,
    "grossProfitRatio": 0.3369210868,
    "researchAndDevelopmentExpenses": 0,
    "generalAndAdministrativeExpenses": 440799000,
    "sellingAndMarketingExpenses": 0,
    "sellingGeneralAndAdministrativeExpenses": 440799000,
    "otherExpenses": 26103000,
    "operatingExpenses": 466902000,
    "costAndExpenses": 2131305000,
    "interestIncome": 0,
    "interestExpense": 0,
    "depreciationAndAmortization": 104516000,
    "ebitda": 484388000,
    "ebitdaratio": 0.1929745792,
    "operatingIncome": 378808000,
    "operatingIncomeRatio": 0.1509127278,
    "totalOtherIncomeExpensesNet": -19194000,
    "incomeBeforeTax": 358176000,
    "incomeBeforeTaxRatio": 0.1426931776,
    "incomeTaxExpense": 125400000,
    "netIncome": 232776000,
    "netIncomeRatio": 0.0927352673,
    "eps": 0.39,
    "epsdiluted": 0.39,
    "weightedAverageShsOut": 596188500,
    "weightedAverageShsOutDil": 598768500,
    "link": "https://www.sec.gov/Archives/edgar/data/49826/000004982601500012/0000049826-01-500012-index.htm",
    "finalLink": "https://www.sec.gov/Archives/edgar/data/49826/000004982601500012/itw10q2q01.htm"
  },
  {
    "date": "2001-03-31",
    "symbol": "ITW",
    "reportedCurrency": "USD",
    "cik": "0000049826",
    "fillingDate": "2001-05-11",
    "acceptedDate": "2001-05-11 00:00:00",
    "calendarYear": "2001",
    "period": "Q1",
    "revenue": 2396834000,
    "costOfRevenue": 1613042000,
    "grossProfit": 783792000,
    "grossProfitRatio": 0.3270113825,
    "researchAndDevelopmentExpenses": 0,
    "generalAndAdministrativeExpenses": 461774000,
    "sellingAndMarketingExpenses": 0,
    "sellingGeneralAndAdministrativeExpenses": 461774000,
    "otherExpenses": 24539000,
    "operatingExpenses": 486313000,
    "costAndExpenses": 2099355000,
    "interestIncome": 0,
    "interestExpense": 0,
    "depreciationAndAmortization": 102045000,
    "ebitda": 399524000,
    "ebitdaratio": 0.1666882229,
    "operatingIncome": 297479000,
    "operatingIncomeRatio": 0.1241133095,
    "totalOtherIncomeExpensesNet": -16321000,
    "incomeBeforeTax": 281158000,
    "incomeBeforeTaxRatio": 0.1173039101,
    "incomeTaxExpense": 98400000,
    "netIncome": 182758000,
    "netIncomeRatio": 0.0762497528,
    "eps": 0.3,
    "epsdiluted": 0.3,
    "weightedAverageShsOut": 606302000,
    "weightedAverageShsOutDil": 611462000,
    "link": "https://www.sec.gov/Archives/edgar/data/49826/000004982601500004/0000049826-01-500004-index.htm",
    "finalLink": "https://www.sec.gov/Archives/edgar/data/49826/000004982601500004/itw10q01.html"
  },
  {
    "date": "2000-12-31",
    "symbol": "ITW",
    "reportedCurrency": "USD",
    "cik": "0000049826",
    "fillingDate": "2001-03-21",
    "acceptedDate": "2001-03-21 00:00:00",
    "calendarYear": "2000",
    "period": "Q4",
    "revenue": 2528829000,
    "costOfRevenue": 1589970000,
    "grossProfit": 938859000,
    "grossProfitRatio": 0.3712623511,
    "researchAndDevelopmentExpenses": 0,
    "generalAndAdministrativeExpenses": 486434000,
    "sellingAndMarketingExpenses": 0,
    "sellingGeneralAndAdministrativeExpenses": 486434000,
    "otherExpenses": 128057000,
    "operatingExpenses": 614491000,
    "costAndExpenses": 2204461000,
    "interestIncome": 0,
    "interestExpense": 0,
    "depreciationAndAmortization": 128057000,
    "ebitda": 452425000,
    "ebitdaratio": 0.178906917,
    "operatingIncome": 324368000,
    "operatingIncomeRatio": 0.128268064,
    "totalOtherIncomeExpensesNet": -28174000,
    "incomeBeforeTax": 296194000,
    "incomeBeforeTaxRatio": 0.117126939,
    "incomeTaxExpense": 94700000,
    "netIncome": 201494000,
    "netIncomeRatio": 0.0796787762,
    "eps": 0.33,
    "epsdiluted": 0.33,
    "weightedAverageShsOut": 601822579,
    "weightedAverageShsOutDil": 606302000,
    "link": "https://www.sec.gov/Archives/edgar/data/49826/000095013701000857/0000950137-01-000857-index.htm",
    "finalLink": "https://www.sec.gov/Archives/edgar/data/49826/000095013701000857/c60672e10-k405.htm"
  },
  {
    "date": "2000-09-03",
    "symbol": "ITW",
    "reportedCurrency": "USD",
    "cik": "0000049826",
    "fillingDate": "2000-11-13",
    "acceptedDate": "2000-11-13 00:00:00",
    "calendarYear": "2000",
    "period": "Q3",
    "revenue": 2472342000,
    "costOfRevenue": 1523817000,
    "grossProfit": 948525000,
    "grossProfitRatio": 0.3836544459,
    "researchAndDevelopmentExpenses": 0,
    "generalAndAdministrativeExpenses": 416949000,
    "sellingAndMarketingExpenses": 0,
    "sellingGeneralAndAdministrativeExpenses": 416949000,
    "otherExpenses": 97313000,
    "operatingExpenses": 514262000,
    "costAndExpenses": 2038079000,
    "interestIncome": 0,
    "interestExpense": 0,
    "depreciationAndAmortization": 97146000,
    "ebitda": 531576000,
    "ebitdaratio": 0.2150090885,
    "operatingIncome": 434263000,
    "operatingIncomeRatio": 0.1756484338,
    "totalOtherIncomeExpensesNet": -21678000,
    "incomeBeforeTax": 412585000,
    "incomeBeforeTaxRatio": 0.1668802294,
    "incomeTaxExpense": 148500000,
    "netIncome": 264085000,
    "netIncomeRatio": 0.1068157237,
    "eps": 0.44,
    "epsdiluted": 0.44,
    "weightedAverageShsOut": 603714000,
    "weightedAverageShsOutDil": 608950000,
    "link": "https://www.sec.gov/Archives/edgar/data/49826/000004982600500006/0000049826-00-500006-index.htm",
    "finalLink": "https://www.sec.gov/Archives/edgar/data/49826/000004982600500006/0000049826-00-500006-0001.htm"
  },
  {
    "date": "2000-06-30",
    "symbol": "ITW",
    "reportedCurrency": "USD",
    "cik": "0000049826",
    "fillingDate": "2000-08-10",
    "acceptedDate": "2000-08-10 00:00:00",
    "calendarYear": "2000",
    "period": "Q2",
    "revenue": 2577446000,
    "costOfRevenue": 1576062000,
    "grossProfit": 1001384000,
    "grossProfitRatio": 0.388517936,
    "researchAndDevelopmentExpenses": 0,
    "generalAndAdministrativeExpenses": 455901000,
    "sellingAndMarketingExpenses": 0,
    "sellingGeneralAndAdministrativeExpenses": 455901000,
    "otherExpenses": 98980000,
    "operatingExpenses": 554881000,
    "costAndExpenses": 2130943000,
    "interestIncome": 0,
    "interestExpense": 0,
    "depreciationAndAmortization": 98980000,
    "ebitda": 545483000,
    "ebitdaratio": 0.2116370236,
    "operatingIncome": 446503000,
    "operatingIncomeRatio": 0.1732346672,
    "totalOtherIncomeExpensesNet": -19531000,
    "incomeBeforeTax": 426972000,
    "incomeBeforeTaxRatio": 0.1656570109,
    "incomeTaxExpense": 153700000,
    "netIncome": 273272000,
    "netIncomeRatio": 0.1060243357,
    "eps": 0.46,
    "epsdiluted": 0.45,
    "weightedAverageShsOut": 603032000,
    "weightedAverageShsOutDil": 608968000,
    "link": "https://www.sec.gov/Archives/edgar/data/49826/000095013700003570/0000950137-00-003570-index.htm",
    "finalLink": "https://www.sec.gov/Archives/edgar/data/49826/000095013700003570/e10-q.htm"
  },
  {
    "date": "2000-03-31",
    "symbol": "ITW",
    "reportedCurrency": "USD",
    "cik": "0000049826",
    "fillingDate": "2000-05-12",
    "acceptedDate": "2000-05-12 00:00:00",
    "calendarYear": "2000",
    "period": "Q1",
    "revenue": 2404960000,
    "costOfRevenue": 1503299000,
    "grossProfit": 901661000,
    "grossProfitRatio": 0.3749172543,
    "researchAndDevelopmentExpenses": 0,
    "generalAndAdministrativeExpenses": 454171000,
    "sellingAndMarketingExpenses": 0,
    "sellingGeneralAndAdministrativeExpenses": 454171000,
    "otherExpenses": 89187000,
    "operatingExpenses": 543358000,
    "costAndExpenses": 2046657000,
    "interestIncome": 0,
    "interestExpense": 0,
    "depreciationAndAmortization": 89187000,
    "ebitda": 447490000,
    "ebitdaratio": 0.1860696228,
    "operatingIncome": 358303000,
    "operatingIncomeRatio": 0.1489850143,
    "totalOtherIncomeExpensesNet": -15874000,
    "incomeBeforeTax": 342429000,
    "incomeBeforeTaxRatio": 0.1423844887,
    "incomeTaxExpense": 123300000,
    "netIncome": 219129000,
    "netIncomeRatio": 0.0911154447,
    "eps": 0.37,
    "epsdiluted": 0.36,
    "weightedAverageShsOut": 601492000,
    "weightedAverageShsOutDil": 608038000,
    "link": "https://www.sec.gov/Archives/edgar/data/49826/000095013700002321/0000950137-00-002321-index.html",
    "finalLink": "https://www.sec.gov/Archives/edgar/data/49826/000095013700002321/"
  },
  {
    "date": "1999-12-31",
    "symbol": "ITW",
    "reportedCurrency": "USD",
    "cik": "0000049826",
    "fillingDate": "2000-03-30",
    "acceptedDate": "2000-03-30 00:00:00",
    "calendarYear": "1999",
    "period": "Q4",
    "revenue": 4641400000,
    "costOfRevenue": 2936200000,
    "grossProfit": 1705200000,
    "grossProfitRatio": 0.3673891498,
    "researchAndDevelopmentExpenses": 0,
    "generalAndAdministrativeExpenses": 960100000,
    "sellingAndMarketingExpenses": 0,
    "sellingGeneralAndAdministrativeExpenses": 960100000,
    "otherExpenses": 154400000,
    "operatingExpenses": 1114500000,
    "costAndExpenses": 4050700000,
    "interestIncome": 0,
    "interestExpense": 0,
    "depreciationAndAmortization": 154400000,
    "ebitda": 745100000,
    "ebitdaratio": 0.1605334597,
    "operatingIncome": 590700000,
    "operatingIncomeRatio": 0.1272676348,
    "totalOtherIncomeExpensesNet": -106400000,
    "incomeBeforeTax": 484300000,
    "incomeBeforeTaxRatio": 0.104343517,
    "incomeTaxExpense": 194600000,
    "netIncome": 289700000,
    "netIncomeRatio": 0.0624165123,
    "eps": 0.48,
    "epsdiluted": 0.48,
    "weightedAverageShsOut": 601492000,
    "weightedAverageShsOutDil": 601492000,
    "link": "https://www.sec.gov/Archives/edgar/data/49826/000095013700001404/0000950137-00-001404-index.html",
    "finalLink": "https://www.sec.gov/Archives/edgar/data/49826/000095013700001404/"
  },
  {
    "date": "1999-09-30",
    "symbol": "ITW",
    "reportedCurrency": "USD",
    "cik": "0000049826",
    "fillingDate": "1999-11-15",
    "acceptedDate": "1999-11-15 00:00:00",
    "calendarYear": "1999",
    "period": "Q3",
    "revenue": 1593800000,
    "costOfRevenue": 964600000,
    "grossProfit": 629200000,
    "grossProfitRatio": 0.3947797716,
    "researchAndDevelopmentExpenses": 0,
    "generalAndAdministrativeExpenses": 254600000,
    "sellingAndMarketingExpenses": 0,
    "sellingGeneralAndAdministrativeExpenses": 254600000,
    "otherExpenses": 64900000,
    "operatingExpenses": 319500000,
    "costAndExpenses": 1284100000,
    "interestIncome": 0,
    "interestExpense": 0,
    "depreciationAndAmortization": 64900000,
    "ebitda": 470260000,
    "ebitdaratio": 0.2950558414,
    "operatingIncome": 309700000,
    "operatingIncomeRatio": 0.1943154725,
    "totalOtherIncomeExpensesNet": -17773000,
    "incomeBeforeTax": 294800000,
    "incomeBeforeTaxRatio": 0.1849667461,
    "incomeTaxExpense": 107600000,
    "netIncome": 232900000,
    "netIncomeRatio": 0.1461287489,
    "eps": 0.39,
    "epsdiluted": 0.38,
    "weightedAverageShsOut": 600288000,
    "weightedAverageShsOutDil": 609684000,
    "link": "https://www.sec.gov/Archives/edgar/data/49826/000095013799004139/0000950137-99-004139-index.html",
    "finalLink": "https://www.sec.gov/Archives/edgar/data/49826/000095013799004139/"
  },
  {
    "date": "1999-06-30",
    "symbol": "ITW",
    "reportedCurrency": "USD",
    "cik": "0000049826",
    "fillingDate": "1999-08-11",
    "acceptedDate": "1999-08-11 00:00:00",
    "calendarYear": "1999",
    "period": "Q2",
    "revenue": 1624200000,
    "costOfRevenue": 978500000,
    "grossProfit": 645700000,
    "grossProfitRatio": 0.3975495629,
    "researchAndDevelopmentExpenses": 0,
    "generalAndAdministrativeExpenses": 258400000,
    "sellingAndMarketingExpenses": 0,
    "sellingGeneralAndAdministrativeExpenses": 258400000,
    "otherExpenses": 63700000,
    "operatingExpenses": 322100000,
    "costAndExpenses": 1300600000,
    "interestIncome": 0,
    "interestExpense": 0,
    "depreciationAndAmortization": 63700000,
    "ebitda": 481538000,
    "ebitdaratio": 0.2964770348,
    "operatingIncome": 323600000,
    "operatingIncomeRatio": 0.1992365472,
    "totalOtherIncomeExpensesNet": 56246000,
    "incomeBeforeTax": 314700000,
    "incomeBeforeTaxRatio": 0.1937569265,
    "incomeTaxExpense": 114900000,
    "netIncome": 239716000,
    "netIncomeRatio": 0.1475901983,
    "eps": 0.4,
    "epsdiluted": 0.4,
    "weightedAverageShsOut": 599944000,
    "weightedAverageShsOutDil": 609412000,
    "link": "https://www.sec.gov/Archives/edgar/data/49826/000004982699000005/0000049826-99-000005-index.html",
    "finalLink": "https://www.sec.gov/Archives/edgar/data/49826/000004982699000005/"
  },
  {
    "date": "1999-03-31",
    "symbol": "ITW",
    "reportedCurrency": "USD",
    "cik": "0000049826",
    "fillingDate": "1999-05-17",
    "acceptedDate": "1999-05-17 00:00:00",
    "calendarYear": "1999",
    "period": "Q1",
    "revenue": 1473800000,
    "costOfRevenue": 897700000,
    "grossProfit": 576100000,
    "grossProfitRatio": 0.3908942869,
    "researchAndDevelopmentExpenses": 0,
    "generalAndAdministrativeExpenses": 253300000,
    "sellingAndMarketingExpenses": 0,
    "sellingGeneralAndAdministrativeExpenses": 253300000,
    "otherExpenses": 60300000,
    "operatingExpenses": 313600000,
    "costAndExpenses": 1211300000,
    "interestIncome": 0,
    "interestExpense": 0,
    "depreciationAndAmortization": 60300000,
    "ebitda": 387892000,
    "ebitdaratio": 0.2631917492,
    "operatingIncome": 262500000,
    "operatingIncomeRatio": 0.1781110056,
    "totalOtherIncomeExpensesNet": -6779000,
    "incomeBeforeTax": 258800000,
    "incomeBeforeTaxRatio": 0.1756004885,
    "incomeTaxExpense": 94500000,
    "netIncome": 188432000,
    "netIncomeRatio": 0.1278545257,
    "eps": 0.16,
    "epsdiluted": 0.16,
    "weightedAverageShsOut": 500934000,
    "weightedAverageShsOutDil": 500934000,
    "link": "https://www.sec.gov/Archives/edgar/data/49826/000004982699000002/0000049826-99-000002-index.html",
    "finalLink": "https://www.sec.gov/Archives/edgar/data/49826/"
  },
  {
    "date": "1998-12-31",
    "symbol": "ITW",
    "reportedCurrency": "USD",
    "cik": "0000049826",
    "fillingDate": "1999-03-30",
    "acceptedDate": "1999-03-30 00:00:00",
    "calendarYear": "1998",
    "period": "Q4",
    "revenue": 1509200000,
    "costOfRevenue": 915100000,
    "grossProfit": 594100000,
    "grossProfitRatio": 0.3936522661,
    "researchAndDevelopmentExpenses": 0,
    "generalAndAdministrativeExpenses": 244800000,
    "sellingAndMarketingExpenses": 0,
    "sellingGeneralAndAdministrativeExpenses": 244800000,
    "otherExpenses": 52600000,
    "operatingExpenses": 297400000,
    "costAndExpenses": 1212500000,
    "interestIncome": 0,
    "interestExpense": 0,
    "depreciationAndAmortization": 52600000,
    "ebitda": 349300000,
    "ebitdaratio": 0.2314471243,
    "operatingIncome": 296700000,
    "operatingIncomeRatio": 0.1965942221,
    "totalOtherIncomeExpensesNet": -6400000,
    "incomeBeforeTax": 290300000,
    "incomeBeforeTaxRatio": 0.1923535648,
    "incomeTaxExpense": 106000000,
    "netIncome": 184300000,
    "netIncomeRatio": 0.1221176782,
    "eps": 0.37,
    "epsdiluted": 0.37,
    "weightedAverageShsOut": 500256000,
    "weightedAverageShsOutDil": 500934000,
    "link": "https://www.sec.gov/Archives/edgar/data/49826/000095013799000687/0000950137-99-000687-index.html",
    "finalLink": "https://www.sec.gov/Archives/edgar/data/49826/"
  },
  {
    "date": "1998-09-30",
    "symbol": "ITW",
    "reportedCurrency": "USD",
    "cik": "0000049826",
    "fillingDate": "1998-11-16",
    "acceptedDate": "1998-11-16 00:00:00",
    "calendarYear": "1998",
    "period": "Q3",
    "revenue": 1377200000,
    "costOfRevenue": 849800000,
    "grossProfit": 527400000,
    "grossProfitRatio": 0.3829509149,
    "researchAndDevelopmentExpenses": 0,
    "generalAndAdministrativeExpenses": 211000000,
    "sellingAndMarketingExpenses": 0,
    "sellingGeneralAndAdministrativeExpenses": 211000000,
    "otherExpenses": 51800000,
    "operatingExpenses": 262800000,
    "costAndExpenses": 1112600000,
    "interestIncome": 0,
    "interestExpense": 0,
    "depreciationAndAmortization": 51800000,
    "ebitda": 316400000,
    "ebitdaratio": 0.2297415045,
    "operatingIncome": 264600000,
    "operatingIncomeRatio": 0.1921289573,
    "totalOtherIncomeExpensesNet": -6500000,
    "incomeBeforeTax": 258100000,
    "incomeBeforeTaxRatio": 0.1874092361,
    "incomeTaxExpense": 94200000,
    "netIncome": 163900000,
    "netIncomeRatio": 0.1190095847,
    "eps": 0.17,
    "epsdiluted": 0.16,
    "weightedAverageShsOut": 500128000,
    "weightedAverageShsOutDil": 500128000,
    "link": "https://www.sec.gov/Archives/edgar/data/49826/000004982698000004/0000049826-98-000004-index.html",
    "finalLink": "https://www.sec.gov/Archives/edgar/data/49826/"
  },
  {
    "date": "1998-06-30",
    "symbol": "ITW",
    "reportedCurrency": "USD",
    "cik": "0000049826",
    "fillingDate": "1998-08-14",
    "acceptedDate": "1998-08-14 00:00:00",
    "calendarYear": "1998",
    "period": "Q2",
    "revenue": 1420500000,
    "costOfRevenue": 869200000,
    "grossProfit": 551300000,
    "grossProfitRatio": 0.3881027807,
    "researchAndDevelopmentExpenses": 0,
    "generalAndAdministrativeExpenses": 213700000,
    "sellingAndMarketingExpenses": 0,
    "sellingGeneralAndAdministrativeExpenses": 213700000,
    "otherExpenses": 53900000,
    "operatingExpenses": 267600000,
    "costAndExpenses": 1136800000,
    "interestIncome": 0,
    "interestExpense": 0,
    "depreciationAndAmortization": 53900000,
    "ebitda": 337600000,
    "ebitdaratio": 0.2376627948,
    "operatingIncome": 283700000,
    "operatingIncomeRatio": 0.199718409,
    "totalOtherIncomeExpensesNet": -6600000,
    "incomeBeforeTax": 277100000,
    "incomeBeforeTaxRatio": 0.1950721577,
    "incomeTaxExpense": 101100000,
    "netIncome": 176000000,
    "netIncomeRatio": 0.1239000352,
    "eps": 0.18,
    "epsdiluted": 0.18,
    "weightedAverageShsOut": 499932000,
    "weightedAverageShsOutDil": 499932000,
    "link": "https://www.sec.gov/Archives/edgar/data/49826/000004982698000003/0000049826-98-000003-index.html",
    "finalLink": "https://www.sec.gov/Archives/edgar/data/49826/"
  },
  {
    "date": "1998-03-31",
    "symbol": "ITW",
    "reportedCurrency": "USD",
    "cik": "0000049826",
    "fillingDate": "1998-05-15",
    "acceptedDate": "1998-05-15 00:00:00",
    "calendarYear": "1998",
    "period": "Q1",
    "revenue": 1341000000,
    "costOfRevenue": 832100000,
    "grossProfit": 508900000,
    "grossProfitRatio": 0.3794929157,
    "researchAndDevelopmentExpenses": 0,
    "generalAndAdministrativeExpenses": 221100000,
    "sellingAndMarketingExpenses": 0,
    "sellingGeneralAndAdministrativeExpenses": 221100000,
    "otherExpenses": 53500000,
    "operatingExpenses": 274600000,
    "costAndExpenses": 1106700000,
    "interestIncome": 0,
    "interestExpense": 0,
    "depreciationAndAmortization": 53500000,
    "ebitda": 287800000,
    "ebitdaratio": 0.2146159582,
    "operatingIncome": 234300000,
    "operatingIncomeRatio": 0.1747203579,
    "totalOtherIncomeExpensesNet": -100000,
    "incomeBeforeTax": 234200000,
    "incomeBeforeTaxRatio": 0.1746457867,
    "incomeTaxExpense": 85500000,
    "netIncome": 148700000,
    "netIncomeRatio": 0.1108873975,
    "eps": 0.15,
    "epsdiluted": 0.15,
    "weightedAverageShsOut": 499774000,
    "weightedAverageShsOutDil": 499774000,
    "link": "https://www.sec.gov/Archives/edgar/data/49826/000004982698000001/0000049826-98-000001-index.html",
    "finalLink": "https://www.sec.gov/Archives/edgar/data/49826/"
  },
  {
    "date": "1997-12-31",
    "symbol": "ITW",
    "reportedCurrency": "USD",
    "cik": "0000049826",
    "fillingDate": "1998-03-31",
    "acceptedDate": "1998-03-31 00:00:00",
    "calendarYear": "1997",
    "period": "Q4",
    "revenue": 1348900000,
    "costOfRevenue": 832800000,
    "grossProfit": 516100000,
    "grossProfitRatio": 0.382608051,
    "researchAndDevelopmentExpenses": 0,
    "generalAndAdministrativeExpenses": 228100000,
    "sellingAndMarketingExpenses": 0,
    "sellingGeneralAndAdministrativeExpenses": 228100000,
    "otherExpenses": 38800000,
    "operatingExpenses": 266900000,
    "costAndExpenses": 1099700000,
    "interestIncome": 0,
    "interestExpense": 0,
    "depreciationAndAmortization": 38800000,
    "ebitda": 288000000,
    "ebitdaratio": 0.2135073022,
    "operatingIncome": 249200000,
    "operatingIncomeRatio": 0.184743124,
    "totalOtherIncomeExpensesNet": 3000000,
    "incomeBeforeTax": 252200000,
    "incomeBeforeTaxRatio": 0.1869671584,
    "incomeTaxExpense": 92000000,
    "netIncome": 160200000,
    "netIncomeRatio": 0.1187634369,
    "eps": 0.32,
    "epsdiluted": 0.32,
    "weightedAverageShsOut": 499196000,
    "weightedAverageShsOutDil": 499774000,
    "link": "https://www.sec.gov/Archives/edgar/data/49826/000095013798001347/0000950137-98-001347-index.html",
    "finalLink": "https://www.sec.gov/Archives/edgar/data/49826/"
  },
  {
    "date": "1997-09-30",
    "symbol": "ITW",
    "reportedCurrency": "USD",
    "cik": "0000049826",
    "fillingDate": "1997-11-14",
    "acceptedDate": "1997-11-14 00:00:00",
    "calendarYear": "1997",
    "period": "Q3",
    "revenue": 1315400000,
    "costOfRevenue": 819600000,
    "grossProfit": 495800000,
    "grossProfitRatio": 0.3769195682,
    "researchAndDevelopmentExpenses": 0,
    "generalAndAdministrativeExpenses": 210700000,
    "sellingAndMarketingExpenses": 0,
    "sellingGeneralAndAdministrativeExpenses": 210700000,
    "otherExpenses": 49300000,
    "operatingExpenses": 260000000,
    "costAndExpenses": 1079600000,
    "interestIncome": 0,
    "interestExpense": 0,
    "depreciationAndAmortization": 49300000,
    "ebitda": 285100000,
    "ebitdaratio": 0.2167401551,
    "operatingIncome": 235800000,
    "operatingIncomeRatio": 0.1792610613,
    "totalOtherIncomeExpensesNet": -1000000,
    "incomeBeforeTax": 234800000,
    "incomeBeforeTaxRatio": 0.1785008362,
    "incomeTaxExpense": 85700000,
    "netIncome": 149100000,
    "netIncomeRatio": 0.1133495515,
    "eps": 0.15,
    "epsdiluted": 0.15,
    "weightedAverageShsOut": 498908000,
    "weightedAverageShsOutDil": 498908000,
    "link": "https://www.sec.gov/Archives/edgar/data/49826/000004982697000011/0000049826-97-000011-index.html",
    "finalLink": "https://www.sec.gov/Archives/edgar/data/49826/"
  },
  {
    "date": "1997-06-30",
    "symbol": "ITW",
    "reportedCurrency": "USD",
    "cik": "0000049826",
    "fillingDate": "1997-08-14",
    "acceptedDate": "1997-08-14 00:00:00",
    "calendarYear": "1997",
    "period": "Q2",
    "revenue": 1326300000,
    "costOfRevenue": 816600000,
    "grossProfit": 509700000,
    "grossProfitRatio": 0.3843021941,
    "researchAndDevelopmentExpenses": 0,
    "generalAndAdministrativeExpenses": 215900000,
    "sellingAndMarketingExpenses": 0,
    "sellingGeneralAndAdministrativeExpenses": 215900000,
    "otherExpenses": 48100000,
    "operatingExpenses": 264000000,
    "costAndExpenses": 1080600000,
    "interestIncome": 0,
    "interestExpense": 0,
    "depreciationAndAmortization": 48100000,
    "ebitda": 293800000,
    "ebitdaratio": 0.2215185101,
    "operatingIncome": 245700000,
    "operatingIncomeRatio": 0.1852522054,
    "totalOtherIncomeExpensesNet": -2400000,
    "incomeBeforeTax": 243300000,
    "incomeBeforeTaxRatio": 0.18344266,
    "incomeTaxExpense": 88900000,
    "netIncome": 154400000,
    "netIncomeRatio": 0.1164140843,
    "eps": 0.16,
    "epsdiluted": 0.15,
    "weightedAverageShsOut": 498816000,
    "weightedAverageShsOutDil": 498816000,
    "link": "https://www.sec.gov/Archives/edgar/data/49826/000004982697000010/0000049826-97-000010-index.html",
    "finalLink": "https://www.sec.gov/Archives/edgar/data/49826/"
  },
  {
    "date": "1997-03-31",
    "symbol": "ITW",
    "reportedCurrency": "USD",
    "cik": "0000049826",
    "fillingDate": "1997-05-15",
    "acceptedDate": "1997-05-15 00:00:00",
    "calendarYear": "1997",
    "period": "Q1",
    "revenue": 1229800000,
    "costOfRevenue": 768400000,
    "grossProfit": 461400000,
    "grossProfitRatio": 0.3751829566,
    "researchAndDevelopmentExpenses": 0,
    "generalAndAdministrativeExpenses": 215700000,
    "sellingAndMarketingExpenses": 0,
    "sellingGeneralAndAdministrativeExpenses": 215700000,
    "otherExpenses": 49200000,
    "operatingExpenses": 264900000,
    "costAndExpenses": 1033300000,
    "interestIncome": 0,
    "interestExpense": 0,
    "depreciationAndAmortization": 49200000,
    "ebitda": 245700000,
    "ebitdaratio": 0.1997885835,
    "operatingIncome": 196500000,
    "operatingIncomeRatio": 0.1597820784,
    "totalOtherIncomeExpensesNet": -2400000,
    "incomeBeforeTax": 194100000,
    "incomeBeforeTaxRatio": 0.1578305416,
    "incomeTaxExpense": 70800000,
    "netIncome": 123300000,
    "netIncomeRatio": 0.1002602049,
    "eps": 0.0613,
    "epsdiluted": 0.0613,
    "weightedAverageShsOut": 498424000,
    "weightedAverageShsOutDil": 498424000,
    "link": "https://www.sec.gov/Archives/edgar/data/49826/000004982697000008/0000049826-97-000008-index.html",
    "finalLink": "https://www.sec.gov/Archives/edgar/data/49826/"
  },
  {
    "date": "1996-12-31",
    "symbol": "ITW",
    "reportedCurrency": "USD",
    "cik": "0000049826",
    "fillingDate": "1997-03-27",
    "acceptedDate": "1997-03-27 00:00:00",
    "calendarYear": "1996",
    "period": "Q4",
    "revenue": 1296700000,
    "costOfRevenue": 805900000,
    "grossProfit": 490800000,
    "grossProfitRatio": 0.3784992674,
    "researchAndDevelopmentExpenses": 0,
    "generalAndAdministrativeExpenses": 222400000,
    "sellingAndMarketingExpenses": 0,
    "sellingGeneralAndAdministrativeExpenses": 222400000,
    "otherExpenses": 43000000,
    "operatingExpenses": 265400000,
    "costAndExpenses": 1071300000,
    "interestIncome": 0,
    "interestExpense": 0,
    "depreciationAndAmortization": 43000000,
    "ebitda": 268400000,
    "ebitdaratio": 0.2069869669,
    "operatingIncome": 225400000,
    "operatingIncomeRatio": 0.1738258657,
    "totalOtherIncomeExpensesNet": -13900000,
    "incomeBeforeTax": 211500000,
    "incomeBeforeTaxRatio": 0.1631063469,
    "incomeTaxExpense": 77200000,
    "netIncome": 134300000,
    "netIncomeRatio": 0.1035706023,
    "eps": 0.27,
    "epsdiluted": 0.27,
    "weightedAverageShsOut": 496080000,
    "weightedAverageShsOutDil": 498424000,
    "link": "https://www.sec.gov/Archives/edgar/data/49826/000095013797001181/0000950137-97-001181-index.html",
    "finalLink": "https://www.sec.gov/Archives/edgar/data/49826/"
  },
  {
    "date": "1996-09-30",
    "symbol": "ITW",
    "reportedCurrency": "USD",
    "cik": "0000049826",
    "fillingDate": "1996-11-14",
    "acceptedDate": "1996-11-14 00:00:00",
    "calendarYear": "1996",
    "period": "Q3",
    "revenue": 1238300000,
    "costOfRevenue": 782500000,
    "grossProfit": 455800000,
    "grossProfitRatio": 0.3680852782,
    "researchAndDevelopmentExpenses": 0,
    "generalAndAdministrativeExpenses": 212500000,
    "sellingAndMarketingExpenses": 0,
    "sellingGeneralAndAdministrativeExpenses": 212500000,
    "otherExpenses": 44400000,
    "operatingExpenses": 256900000,
    "costAndExpenses": 1039400000,
    "interestIncome": 0,
    "interestExpense": 0,
    "depreciationAndAmortization": 44400000,
    "ebitda": 243300000,
    "ebitdaratio": 0.1964790439,
    "operatingIncome": 198900000,
    "operatingIncomeRatio": 0.1606234354,
    "totalOtherIncomeExpensesNet": -3900000,
    "incomeBeforeTax": 195000000,
    "incomeBeforeTaxRatio": 0.1574739562,
    "incomeTaxExpense": 72200000,
    "netIncome": 122800000,
    "netIncomeRatio": 0.0991682145,
    "eps": 0.0625,
    "epsdiluted": 0.0613,
    "weightedAverageShsOut": 495416000,
    "weightedAverageShsOutDil": 495416000,
    "link": "https://www.sec.gov/Archives/edgar/data/49826/000004982696000013/0000049826-96-000013-index.html",
    "finalLink": "https://www.sec.gov/Archives/edgar/data/49826/"
  },
  {
    "date": "1996-06-30",
    "symbol": "ITW",
    "reportedCurrency": "USD",
    "cik": "0000049826",
    "fillingDate": "1996-08-14",
    "acceptedDate": "1996-08-14 00:00:00",
    "calendarYear": "1996",
    "period": "Q2",
    "revenue": 1324800000,
    "costOfRevenue": 833400000,
    "grossProfit": 491400000,
    "grossProfitRatio": 0.370923913,
    "researchAndDevelopmentExpenses": 0,
    "generalAndAdministrativeExpenses": 229400000,
    "sellingAndMarketingExpenses": 0,
    "sellingGeneralAndAdministrativeExpenses": 229400000,
    "otherExpenses": 47000000,
    "operatingExpenses": 276400000,
    "costAndExpenses": 1109800000,
    "interestIncome": 0,
    "interestExpense": 0,
    "depreciationAndAmortization": 47000000,
    "ebitda": 262000000,
    "ebitdaratio": 0.1977657005,
    "operatingIncome": 215000000,
    "operatingIncomeRatio": 0.1622886473,
    "totalOtherIncomeExpensesNet": -8000000,
    "incomeBeforeTax": 207000000,
    "incomeBeforeTaxRatio": 0.15625,
    "incomeTaxExpense": 76600000,
    "netIncome": 130400000,
    "netIncomeRatio": 0.0984299517,
    "eps": 0.0663,
    "epsdiluted": 0.065,
    "weightedAverageShsOut": 495140000,
    "weightedAverageShsOutDil": 495140000,
    "link": "https://www.sec.gov/Archives/edgar/data/49826/000004982696000011/0000049826-96-000011-index.html",
    "finalLink": "https://www.sec.gov/Archives/edgar/data/49826/"
  },
  {
    "date": "1996-03-31",
    "symbol": "ITW",
    "reportedCurrency": "USD",
    "cik": "0000049826",
    "fillingDate": "1996-05-15",
    "acceptedDate": "1996-05-15 00:00:00",
    "calendarYear": "1996",
    "period": "Q1",
    "revenue": 1136900000,
    "costOfRevenue": 720500000,
    "grossProfit": 416400000,
    "grossProfitRatio": 0.3662591257,
    "researchAndDevelopmentExpenses": 0,
    "generalAndAdministrativeExpenses": 211100000,
    "sellingAndMarketingExpenses": 0,
    "sellingGeneralAndAdministrativeExpenses": 211100000,
    "otherExpenses": 43800000,
    "operatingExpenses": 254900000,
    "costAndExpenses": 975400000,
    "interestIncome": 0,
    "interestExpense": 0,
    "depreciationAndAmortization": 43800000,
    "ebitda": 205300000,
    "ebitdaratio": 0.1805787668,
    "operatingIncome": 161500000,
    "operatingIncomeRatio": 0.142052951,
    "totalOtherIncomeExpensesNet": -4700000,
    "incomeBeforeTax": 156800000,
    "incomeBeforeTaxRatio": 0.1379189023,
    "incomeTaxExpense": 58000000,
    "netIncome": 98800000,
    "netIncomeRatio": 0.0869029818,
    "eps": 0.05,
    "epsdiluted": 0.05,
    "weightedAverageShsOut": 489784000,
    "weightedAverageShsOutDil": 489784000,
    "link": "https://www.sec.gov/Archives/edgar/data/49826/000004982696000006/0000049826-96-000006-index.html",
    "finalLink": "https://www.sec.gov/Archives/edgar/data/49826/"
  },
  {
    "date": "1995-12-31",
    "symbol": "ITW",
    "reportedCurrency": "USD",
    "cik": "0000049826",
    "fillingDate": "1996-03-29",
    "acceptedDate": "1996-03-29 00:00:00",
    "calendarYear": "1995",
    "period": "Q4",
    "revenue": 1087300000,
    "costOfRevenue": 675000000,
    "grossProfit": 412300000,
    "grossProfitRatio": 0.379196174,
    "researchAndDevelopmentExpenses": 0,
    "generalAndAdministrativeExpenses": 221600000,
    "sellingAndMarketingExpenses": 0,
    "sellingGeneralAndAdministrativeExpenses": 221600000,
    "otherExpenses": 39200000,
    "operatingExpenses": 260800000,
    "costAndExpenses": 935800000,
    "interestIncome": 0,
    "interestExpense": 0,
    "depreciationAndAmortization": 39200000,
    "ebitda": 190700000,
    "ebitdaratio": 0.1753885772,
    "operatingIncome": 151500000,
    "operatingIncomeRatio": 0.1393359698,
    "totalOtherIncomeExpensesNet": 18500000,
    "incomeBeforeTax": 170000000,
    "incomeBeforeTaxRatio": 0.1563505932,
    "incomeTaxExpense": 63700000,
    "netIncome": 106300000,
    "netIncomeRatio": 0.0977651062,
    "eps": 0.22,
    "epsdiluted": 0.22,
    "weightedAverageShsOut": 473476116,
    "weightedAverageShsOutDil": 489784000,
    "link": "https://www.sec.gov/Archives/edgar/data/49826/000095013196001325/0000950131-96-001325-index.html",
    "finalLink": "https://www.sec.gov/Archives/edgar/data/49826/"
  },
  {
    "date": "1995-09-30",
    "symbol": "ITW",
    "reportedCurrency": "USD",
    "cik": "0000049826",
    "fillingDate": "1995-11-09",
    "acceptedDate": "1995-11-09 00:00:00",
    "calendarYear": "1995",
    "period": "Q3",
    "revenue": 1045100000,
    "costOfRevenue": 663000000,
    "grossProfit": 382100000,
    "grossProfitRatio": 0.3656109463,
    "researchAndDevelopmentExpenses": 0,
    "generalAndAdministrativeExpenses": 184200000,
    "sellingAndMarketingExpenses": 0,
    "sellingGeneralAndAdministrativeExpenses": 184200000,
    "otherExpenses": 33800000,
    "operatingExpenses": 218000000,
    "costAndExpenses": 881000000,
    "interestIncome": 0,
    "interestExpense": 0,
    "depreciationAndAmortization": 33800000,
    "ebitda": 197900000,
    "ebitdaratio": 0.1893598699,
    "operatingIncome": 164100000,
    "operatingIncomeRatio": 0.1570184671,
    "totalOtherIncomeExpensesNet": -2800000,
    "incomeBeforeTax": 161300000,
    "incomeBeforeTaxRatio": 0.1543392977,
    "incomeTaxExpense": 61300000,
    "netIncome": 100000000,
    "netIncomeRatio": 0.0956846235,
    "eps": 0.0538,
    "epsdiluted": 0.0538,
    "weightedAverageShsOut": 470220000,
    "weightedAverageShsOutDil": 470220000,
    "link": "https://www.sec.gov/Archives/edgar/data/49826/000004982695000015/0000049826-95-000015-index.html",
    "finalLink": "https://www.sec.gov/Archives/edgar/data/49826/"
  }
]