[
  {
    "date": "2024-12-31",
    "symbol": "ITW",
    "reportedCurrency": "USD",
    "cik": "0000049826",
    "fillingDate": "2025-02-14",
    "acceptedDate": "2025-02-14 14:59:04",
    "calendarYear": "2024",
    "period": "FY",
    "revenue": 15898000000,
    "costOfRevenue": 8959000000,
    "grossProfit": 6939000000,
    "grossProfitRatio": 0.4364699962,
    "researchAndDevelopmentExpenses": 292000000,
    "generalAndAdministrativeExpenses": 0,
    "sellingAndMarketingExpenses": 0,
    "sellingGeneralAndAdministrativeExpenses": 2383000000,
    "otherExpenses": 0,
    "operatingExpenses": 2675000000,
    "costAndExpenses": 11634000000,
    "interestIncome": 44000000,
    "interestExpense": 283000000,
    "depreciationAndAmortization": 402000000,
    "ebitda": 5107000000,
    "ebitdaratio": 0.3212353755,
    "operatingIncome": 4264000000,
    "operatingIncomeRatio": 0.2682098377,
    "totalOtherIncomeExpensesNet": 158000000,
    "incomeBeforeTax": 4422000000,
    "incomeBeforeTaxRatio": 0.2781481947,
    "incomeTaxExpense": 934000000,
    "netIncome": 3488000000,
    "netIncomeRatio": 0.2193986665,
    "eps": 11.75,
    "epsdiluted": 11.71,
    "weightedAverageShsOut": 296800000,
    "weightedAverageShsOutDil": 297800000,
    "link": "https://www.sec.gov/Archives/edgar/data/49826/000004982625000007/0000049826-25-000007-index.htm",
    "finalLink": "https://www.sec.gov/Archives/edgar/data/49826/000004982625000007/itw-20241231.htm"
  },
  {
    "date": "2023-12-31",
    "symbol": "ITW",
    "reportedCurrency": "USD",
    "cik": "0000049826",
    "fillingDate": "2024-02-09",
    "acceptedDate": "2024-02-09 14:56:05",
    "calendarYear": "2023",
    "period": "FY",
    "revenue": 16107000000,
    "costOfRevenue": 9429000000,
    "grossProfit": 6678000000,
    "grossProfitRatio": 0.4146023468,
    "researchAndDevelopmentExpenses": 284000000,
    "generalAndAdministrativeExpenses": 0,
    "sellingAndMarketingExpenses": 0,
    "sellingGeneralAndAdministrativeExpenses": 2354000000,
    "otherExpenses": 0,
    "operatingExpenses": 2638000000,
    "costAndExpenses": 12067000000,
    "interestIncome": 53000000,
    "interestExpense": 266000000,
    "depreciationAndAmortization": 395000000,
    "ebitda": 4484000000,
    "ebitdaratio": 0.2783882784,
    "operatingIncome": 4040000000,
    "operatingIncomeRatio": 0.2508226237,
    "totalOtherIncomeExpensesNet": -217000000,
    "incomeBeforeTax": 3823000000,
    "incomeBeforeTaxRatio": 0.2373502204,
    "incomeTaxExpense": 866000000,
    "netIncome": 2957000000,
    "netIncomeRatio": 0.1835847768,
    "eps": 9.77,
    "epsdiluted": 9.74,
    "weightedAverageShsOut": 302600000,
    "weightedAverageShsOutDil": 303600000,
    "link": "https://www.sec.gov/Archives/edgar/data/49826/000004982624000008/0000049826-24-000008-index.htm",
    "finalLink": "https://www.sec.gov/Archives/edgar/data/49826/000004982624000008/itw-20231231.htm"
  },
  {
    "date": "2022-12-31",
    "symbol": "ITW",
    "reportedCurrency": "USD",
    "cik": "0000049826",
    "fillingDate": "2023-02-10",
    "acceptedDate": "2023-02-10 15:31:41",
    "calendarYear": "2022",
    "period": "FY",
    "revenue": 15932000000,
    "costOfRevenue": 9563000000,
    "grossProfit": 6369000000,
    "grossProfitRatio": 0.3997614863,
    "researchAndDevelopmentExpenses": 269000000,
    "generalAndAdministrativeExpenses": 0,
    "sellingAndMarketingExpenses": 0,
    "sellingGeneralAndAdministrativeExpenses": 2310000000,
    "otherExpenses": 0,
    "operatingExpenses": 2579000000,
    "costAndExpenses": 12142000000,
    "interestIncome": 31000000,
    "interestExpense": 203000000,
    "depreciationAndAmortization": 410000000,
    "ebitda": 4455000000,
    "ebitdaratio": 0.2796259101,
    "operatingIncome": 3790000000,
    "operatingIncomeRatio": 0.2378860156,
    "totalOtherIncomeExpensesNet": 52000000,
    "incomeBeforeTax": 3842000000,
    "incomeBeforeTaxRatio": 0.241149887,
    "incomeTaxExpense": 808000000,
    "netIncome": 3034000000,
    "netIncomeRatio": 0.190434346,
    "eps": 9.8,
    "epsdiluted": 9.77,
    "weightedAverageShsOut": 309600000,
    "weightedAverageShsOutDil": 310700000,
    "link": "https://www.sec.gov/Archives/edgar/data/49826/000004982623000008/0000049826-23-000008-index.htm",
    "finalLink": "https://www.sec.gov/Archives/edgar/data/49826/000004982623000008/itw-20221231.htm"
  },
  {
    "date": "2021-12-31",
    "symbol": "ITW",
    "reportedCurrency": "USD",
    "cik": "0000049826",
    "fillingDate": "2022-02-11",
    "acceptedDate": "2022-02-11 14:42:05",
    "calendarYear": "2021",
    "period": "FY",
    "revenue": 14455000000,
    "costOfRevenue": 8622000000,
    "grossProfit": 5833000000,
    "grossProfitRatio": 0.4035281909,
    "researchAndDevelopmentExpenses": 239000000,
    "generalAndAdministrativeExpenses": 0,
    "sellingAndMarketingExpenses": 0,
    "sellingGeneralAndAdministrativeExpenses": 2117000000,
    "otherExpenses": 0,
    "operatingExpenses": 2356000000,
    "costAndExpenses": 10978000000,
    "interestIncome": 41000000,
    "interestExpense": 202000000,
    "depreciationAndAmortization": 410000000,
    "ebitda": 3938000000,
    "ebitdaratio": 0.2724316845,
    "operatingIncome": 3477000000,
    "operatingIncomeRatio": 0.2405396057,
    "totalOtherIncomeExpensesNet": -151000000,
    "incomeBeforeTax": 3326000000,
    "incomeBeforeTaxRatio": 0.2300933933,
    "incomeTaxExpense": 632000000,
    "netIncome": 2694000000,
    "netIncomeRatio": 0.1863714978,
    "eps": 8.55,
    "epsdiluted": 8.51,
    "weightedAverageShsOut": 315100000,
    "weightedAverageShsOutDil": 316400000,
    "link": "https://www.sec.gov/Archives/edgar/data/49826/000004982622000006/0000049826-22-000006-index.htm",
    "finalLink": "https://www.sec.gov/Archives/edgar/data/49826/000004982622000006/itw-20211231.htm"
  },
  {
    "date": "2020-12-31",
    "symbol": "ITW",
    "reportedCurrency": "USD",
    "cik": "0000049826",
    "fillingDate": "2021-02-12",
    "acceptedDate": "2021-02-12 14:36:16",
    "calendarYear": "2020",
    "period": "FY",
    "revenue": 12574000000,
    "costOfRevenue": 7529000000,
    "grossProfit": 5045000000,
    "grossProfitRatio": 0.4012247495,
    "researchAndDevelopmentExpenses": 214000000,
    "generalAndAdministrativeExpenses": 0,
    "sellingAndMarketingExpenses": 0,
    "sellingGeneralAndAdministrativeExpenses": 1949000000,
    "otherExpenses": 0,
    "operatingExpenses": 2163000000,
    "costAndExpenses": 9692000000,
    "interestIncome": 25000000,
    "interestExpense": 206000000,
    "depreciationAndAmortization": 427000000,
    "ebitda": 3337000000,
    "ebitdaratio": 0.2653888977,
    "operatingIncome": 2882000000,
    "operatingIncomeRatio": 0.2292031175,
    "totalOtherIncomeExpensesNet": -178000000,
    "incomeBeforeTax": 2704000000,
    "incomeBeforeTaxRatio": 0.2150469222,
    "incomeTaxExpense": 595000000,
    "netIncome": 2109000000,
    "netIncomeRatio": 0.1677270558,
    "eps": 6.66,
    "epsdiluted": 6.63,
    "weightedAverageShsOut": 316900000,
    "weightedAverageShsOutDil": 318300000,
    "link": "https://www.sec.gov/Archives/edgar/data/49826/000004982621000007/0000049826-21-000007-index.htm",
    "finalLink": "https://www.sec.gov/Archives/edgar/data/49826/000004982621000007/itw-20201231.htm"
  },
  {
    "date": "2019-12-31",
    "symbol": "ITW",
    "reportedCurrency": "USD",
    "cik": "0000049826",
    "fillingDate": "2020-02-14",
    "acceptedDate": "2020-02-14 15:16:14",
    "calendarYear": "2019",
    "period": "FY",
    "revenue": 14109000000,
    "costOfRevenue": 8346000000,
    "grossProfit": 5763000000,
    "grossProfitRatio": 0.4084626834,
    "researchAndDevelopmentExpenses": 221000000,
    "generalAndAdministrativeExpenses": 0,
    "sellingAndMarketingExpenses": 0,
    "sellingGeneralAndAdministrativeExpenses": 2140000000,
    "otherExpenses": 0,
    "operatingExpenses": 2361000000,
    "costAndExpenses": 10707000000,
    "interestIncome": 44000000,
    "interestExpense": 221000000,
    "depreciationAndAmortization": 426000000,
    "ebitda": 3935000000,
    "ebitdaratio": 0.2788999929,
    "operatingIncome": 3402000000,
    "operatingIncomeRatio": 0.2411226876,
    "totalOtherIncomeExpensesNet": -114000000,
    "incomeBeforeTax": 3288000000,
    "incomeBeforeTaxRatio": 0.2330427387,
    "incomeTaxExpense": 767000000,
    "netIncome": 2521000000,
    "netIncomeRatio": 0.178680275,
    "eps": 7.78,
    "epsdiluted": 7.74,
    "weightedAverageShsOut": 323900000,
    "weightedAverageShsOutDil": 325600000,
    "link": "https://www.sec.gov/Archives/edgar/data/49826/000004982620000020/0000049826-20-000020-index.htm",
    "finalLink": "https://www.sec.gov/Archives/edgar/data/49826/000004982620000020/itw-20191231x10k.htm"
  },
  {
    "date": "2018-12-31",
    "symbol": "ITW",
    "reportedCurrency": "USD",
    "cik": "0000049826",
    "fillingDate": "2019-02-15",
    "acceptedDate": "2019-02-15 15:56:45",
    "calendarYear": "2018",
    "period": "FY",
    "revenue": 14768000000,
    "costOfRevenue": 8793000000,
    "grossProfit": 5975000000,
    "grossProfitRatio": 0.4045910076,
    "researchAndDevelopmentExpenses": 233000000,
    "generalAndAdministrativeExpenses": 0,
    "sellingAndMarketingExpenses": 0,
    "sellingGeneralAndAdministrativeExpenses": 2158000000,
    "otherExpenses": 0,
    "operatingExpenses": 2391000000,
    "costAndExpenses": 11184000000,
    "interestIncome": 44000000,
    "interestExpense": 257000000,
    "depreciationAndAmortization": 461000000,
    "ebitda": 4112000000,
    "ebitdaratio": 0.27843987,
    "operatingIncome": 3584000000,
    "operatingIncomeRatio": 0.2426868906,
    "totalOtherIncomeExpensesNet": -190000000,
    "incomeBeforeTax": 3394000000,
    "incomeBeforeTaxRatio": 0.2298212351,
    "incomeTaxExpense": 831000000,
    "netIncome": 2563000000,
    "netIncomeRatio": 0.1735509209,
    "eps": 7.65,
    "epsdiluted": 7.6,
    "weightedAverageShsOut": 335000000,
    "weightedAverageShsOutDil": 337100000,
    "link": "https://www.sec.gov/Archives/edgar/data/49826/000004982619000021/0000049826-19-000021-index.htm",
    "finalLink": "https://www.sec.gov/Archives/edgar/data/49826/000004982619000021/itw-20181231x10k.htm"
  },
  {
    "date": "2017-12-31",
    "symbol": "ITW",
    "reportedCurrency": "USD",
    "cik": "0000049826",
    "fillingDate": "2018-02-15",
    "acceptedDate": "2018-02-15 11:12:45",
    "calendarYear": "2017",
    "period": "FY",
    "revenue": 14314000000,
    "costOfRevenue": 8515000000,
    "grossProfit": 5799000000,
    "grossProfitRatio": 0.4051278469,
    "researchAndDevelopmentExpenses": 225000000,
    "generalAndAdministrativeExpenses": 2400000000,
    "sellingAndMarketingExpenses": 0,
    "sellingGeneralAndAdministrativeExpenses": 2175000000,
    "otherExpenses": 0,
    "operatingExpenses": 2400000000,
    "costAndExpenses": 10915000000,
    "interestIncome": 61000000,
    "interestExpense": 260000000,
    "depreciationAndAmortization": 462000000,
    "ebitda": 3992000000,
    "ebitdaratio": 0.2788878022,
    "operatingIncome": 3494000000,
    "operatingIncomeRatio": 0.2440966886,
    "totalOtherIncomeExpensesNet": -215000000,
    "incomeBeforeTax": 3270000000,
    "incomeBeforeTaxRatio": 0.2284476736,
    "incomeTaxExpense": 1583000000,
    "netIncome": 1687000000,
    "netIncomeRatio": 0.1178566438,
    "eps": 4.9,
    "epsdiluted": 4.86,
    "weightedAverageShsOut": 344100000,
    "weightedAverageShsOutDil": 346800000,
    "link": "https://www.sec.gov/Archives/edgar/data/49826/000004982618000017/0000049826-18-000017-index.htm",
    "finalLink": "https://www.sec.gov/Archives/edgar/data/49826/000004982618000017/itw-20171231x10k.htm"
  },
  {
    "date": "2016-12-31",
    "symbol": "ITW",
    "reportedCurrency": "USD",
    "cik": "0000049826",
    "fillingDate": "2017-02-10",
    "acceptedDate": "2017-02-10 13:52:48",
    "calendarYear": "2016",
    "period": "FY",
    "revenue": 13599000000,
    "costOfRevenue": 8120000000,
    "grossProfit": 5479000000,
    "grossProfitRatio": 0.4028972719,
    "researchAndDevelopmentExpenses": 223000000,
    "generalAndAdministrativeExpenses": 2415000000,
    "sellingAndMarketingExpenses": 0,
    "sellingGeneralAndAdministrativeExpenses": 2192000000,
    "otherExpenses": 0,
    "operatingExpenses": 2415000000,
    "costAndExpenses": 10535000000,
    "interestIncome": 38000000,
    "interestExpense": 237000000,
    "depreciationAndAmortization": 470000000,
    "ebitda": 3615000000,
    "ebitdaratio": 0.2658283697,
    "operatingIncome": 3064000000,
    "operatingIncomeRatio": 0.2253106846,
    "totalOtherIncomeExpensesNet": -156000000,
    "incomeBeforeTax": 2908000000,
    "incomeBeforeTaxRatio": 0.2138392529,
    "incomeTaxExpense": 873000000,
    "netIncome": 2035000000,
    "netIncomeRatio": 0.1496433561,
    "eps": 5.73,
    "epsdiluted": 5.7,
    "weightedAverageShsOut": 355000000,
    "weightedAverageShsOutDil": 357100000,
    "link": "https://www.sec.gov/Archives/edgar/data/49826/000004982617000022/0000049826-17-000022-index.htm",
    "finalLink": "https://www.sec.gov/Archives/edgar/data/49826/000004982617000022/itw-20161231x10k.htm"
  },
  {
    "date": "2015-12-31",
    "symbol": "ITW",
    "reportedCurrency": "USD",
    "cik": "0000049826",
    "fillingDate": "2016-02-12",
    "acceptedDate": "2016-02-11 18:14:40",
    "calendarYear": "2015",
    "period": "FY",
    "revenue": 13405000000,
    "costOfRevenue": 8119000000,
    "grossProfit": 5286000000,
    "grossProfitRatio": 0.3943304737,
    "researchAndDevelopmentExpenses": 218000000,
    "generalAndAdministrativeExpenses": 2417000000,
    "sellingAndMarketingExpenses": 0,
    "sellingGeneralAndAdministrativeExpenses": 2199000000,
    "otherExpenses": 0,
    "operatingExpenses": 2417000000,
    "costAndExpenses": 10536000000,
    "interestIncome": 56000000,
    "interestExpense": 226000000,
    "depreciationAndAmortization": 475000000,
    "ebitda": 3420000000,
    "ebitdaratio": 0.2551286833,
    "operatingIncome": 2867000000,
    "operatingIncomeRatio": 0.2138754196,
    "totalOtherIncomeExpensesNet": -148000000,
    "incomeBeforeTax": 2719000000,
    "incomeBeforeTaxRatio": 0.2028347631,
    "incomeTaxExpense": 820000000,
    "netIncome": 1899000000,
    "netIncomeRatio": 0.1416635584,
    "eps": 5.16,
    "epsdiluted": 5.13,
    "weightedAverageShsOut": 367900000,
    "weightedAverageShsOutDil": 370100000,
    "link": "https://www.sec.gov/Archives/edgar/data/49826/000004982616000151/0000049826-16-000151-index.htm",
    "finalLink": "https://www.sec.gov/Archives/edgar/data/49826/000004982616000151/itw-20151231x10k.htm"
  },
  {
    "date": "2014-12-31",
    "symbol": "ITW",
    "reportedCurrency": "USD",
    "cik": "0000049826",
    "fillingDate": "2015-02-13",
    "acceptedDate": "2015-02-13 13:36:31",
    "calendarYear": "2014",
    "period": "FY",
    "revenue": 14484000000,
    "costOfRevenue": 8915000000,
    "grossProfit": 5569000000,
    "grossProfitRatio": 0.3844932339,
    "researchAndDevelopmentExpenses": 227000000,
    "generalAndAdministrativeExpenses": 2678000000,
    "sellingAndMarketingExpenses": 0,
    "sellingGeneralAndAdministrativeExpenses": 2451000000,
    "otherExpenses": 0,
    "operatingExpenses": 2678000000,
    "costAndExpenses": 11593000000,
    "interestIncome": 73000000,
    "interestExpense": 250000000,
    "depreciationAndAmortization": 504000000,
    "ebitda": 3453000000,
    "ebitdaratio": 0.2384009942,
    "operatingIncome": 2888000000,
    "operatingIncomeRatio": 0.199392433,
    "totalOtherIncomeExpensesNet": -189000000,
    "incomeBeforeTax": 2699000000,
    "incomeBeforeTaxRatio": 0.1863435515,
    "incomeTaxExpense": 809000000,
    "netIncome": 2946000000,
    "netIncomeRatio": 0.2033968517,
    "eps": 7.33,
    "epsdiluted": 7.28,
    "weightedAverageShsOut": 401700000,
    "weightedAverageShsOutDil": 404600000,
    "link": "https://www.sec.gov/Archives/edgar/data/49826/000004982615000016/0000049826-15-000016-index.htm",
    "finalLink": "https://www.sec.gov/Archives/edgar/data/49826/000004982615000016/itw-20141231x10k.htm"
  },
  {
    "date": "2013-12-31",
    "symbol": "ITW",
    "reportedCurrency": "USD",
    "cik": "0000049826",
    "fillingDate": "2014-02-14",
    "acceptedDate": "2014-02-14 10:54:39",
    "calendarYear": "2013",
    "period": "FY",
    "revenue": 14135000000,
    "costOfRevenue": 8804000000,
    "grossProfit": 5331000000,
    "grossProfitRatio": 0.3771489211,
    "researchAndDevelopmentExpenses": 240000000,
    "generalAndAdministrativeExpenses": 2815000000,
    "sellingAndMarketingExpenses": 0,
    "sellingGeneralAndAdministrativeExpenses": 2575000000,
    "otherExpenses": 0,
    "operatingExpenses": 2815000000,
    "costAndExpenses": 11619000000,
    "interestIncome": 62000000,
    "interestExpense": 239000000,
    "depreciationAndAmortization": 520000000,
    "ebitda": 3106000000,
    "ebitdaratio": 0.2197382384,
    "operatingIncome": 2514000000,
    "operatingIncomeRatio": 0.1778563849,
    "totalOtherIncomeExpensesNet": -167000000,
    "incomeBeforeTax": 2347000000,
    "incomeBeforeTaxRatio": 0.1660417404,
    "incomeTaxExpense": 717000000,
    "netIncome": 1679000000,
    "netIncomeRatio": 0.1187831624,
    "eps": 3.76,
    "epsdiluted": 3.74,
    "weightedAverageShsOut": 446200000,
    "weightedAverageShsOutDil": 449300000,
    "link": "https://www.sec.gov/Archives/edgar/data/49826/000004982614000022/0000049826-14-000022-index.htm",
    "finalLink": "https://www.sec.gov/Archives/edgar/data/49826/000004982614000022/itw-20131231x10k.htm"
  },
  {
    "date": "2012-12-31",
    "symbol": "ITW",
    "reportedCurrency": "USD",
    "cik": "0000049826",
    "fillingDate": "2013-02-19",
    "acceptedDate": "2013-02-19 12:06:38",
    "calendarYear": "2012",
    "period": "FY",
    "revenue": 17924000000,
    "costOfRevenue": 11743000000,
    "grossProfit": 6181000000,
    "grossProfitRatio": 0.3448449007,
    "researchAndDevelopmentExpenses": 266000000,
    "generalAndAdministrativeExpenses": 0,
    "sellingAndMarketingExpenses": 0,
    "sellingGeneralAndAdministrativeExpenses": 3066000000,
    "otherExpenses": 0,
    "operatingExpenses": 3332000000,
    "costAndExpenses": 15075000000,
    "interestIncome": 51000000,
    "interestExpense": 214000000,
    "depreciationAndAmortization": 611000000,
    "ebitda": 4428000000,
    "ebitdaratio": 0.2470430707,
    "operatingIncome": 2847000000,
    "operatingIncomeRatio": 0.1588373131,
    "totalOtherIncomeExpensesNet": 756000000,
    "incomeBeforeTax": 3603000000,
    "incomeBeforeTaxRatio": 0.2010153983,
    "incomeTaxExpense": 1108000000,
    "netIncome": 2870000000,
    "netIncomeRatio": 0.1601205088,
    "eps": 6.11,
    "epsdiluted": 6.06,
    "weightedAverageShsOut": 469800000,
    "weightedAverageShsOutDil": 473200000,
    "link": "https://www.sec.gov/Archives/edgar/data/49826/000004982613000007/0000049826-13-000007-index.htm",
    "finalLink": "https://www.sec.gov/Archives/edgar/data/49826/000004982613000007/itw-20121231x10k.htm"
  },
  {
    "date": "2011-12-31",
    "symbol": "ITW",
    "reportedCurrency": "USD",
    "cik": "0000049826",
    "fillingDate": "2012-02-17",
    "acceptedDate": "2012-02-17 13:18:59",
    "calendarYear": "2011",
    "period": "FY",
    "revenue": 17786583000,
    "costOfRevenue": 11773223000,
    "grossProfit": 6013360000,
    "grossProfitRatio": 0.3380840491,
    "researchAndDevelopmentExpenses": 242979000,
    "generalAndAdministrativeExpenses": 0,
    "sellingAndMarketingExpenses": 0,
    "sellingGeneralAndAdministrativeExpenses": 3039373000,
    "otherExpenses": 0,
    "operatingExpenses": 3282352000,
    "costAndExpenses": 15055575000,
    "interestIncome": 57762000,
    "interestExpense": 192133000,
    "depreciationAndAmortization": 589669000,
    "ebitda": 3374516000,
    "ebitdaratio": 0.1897225566,
    "operatingIncome": 2731008000,
    "operatingIncomeRatio": 0.153543151,
    "totalOtherIncomeExpensesNet": -138294000,
    "incomeBeforeTax": 2592714000,
    "incomeBeforeTaxRatio": 0.1457679645,
    "incomeTaxExpense": 575700000,
    "netIncome": 2071384000,
    "netIncomeRatio": 0.1164576692,
    "eps": 4.21,
    "epsdiluted": 4.19,
    "weightedAverageShsOut": 491400000,
    "weightedAverageShsOutDil": 494600000,
    "link": "https://www.sec.gov/Archives/edgar/data/49826/000119312512067004/0001193125-12-067004-index.htm",
    "finalLink": "https://www.sec.gov/Archives/edgar/data/49826/000119312512067004/d259927d10k.htm"
  },
  {
    "date": "2010-12-31",
    "symbol": "ITW",
    "reportedCurrency": "USD",
    "cik": "0000049826",
    "fillingDate": "2011-02-28",
    "acceptedDate": "2011-02-28 14:40:22",
    "calendarYear": "2010",
    "period": "FY",
    "revenue": 15870376000,
    "costOfRevenue": 10204095000,
    "grossProfit": 5211597000,
    "grossProfitRatio": 0.3283852254,
    "researchAndDevelopmentExpenses": 213339000,
    "generalAndAdministrativeExpenses": 0,
    "sellingAndMarketingExpenses": 0,
    "sellingGeneralAndAdministrativeExpenses": 2743235000,
    "otherExpenses": 0,
    "operatingExpenses": 2956574000,
    "costAndExpenses": 13512692000,
    "interestIncome": 44873000,
    "interestExpense": 175456000,
    "depreciationAndAmortization": 534947000,
    "ebitda": 2798948000,
    "ebitdaratio": 0.1763630553,
    "operatingIncome": 2356678000,
    "operatingIncomeRatio": 0.1484954106,
    "totalOtherIncomeExpensesNet": -42007000,
    "incomeBeforeTax": 2211993000,
    "incomeBeforeTaxRatio": 0.1393787394,
    "incomeTaxExpense": 684800000,
    "netIncome": 1527193000,
    "netIncomeRatio": 0.0962291631,
    "eps": 3,
    "epsdiluted": 2.99,
    "weightedAverageShsOut": 500800000,
    "weightedAverageShsOutDil": 503300000,
    "link": "https://www.sec.gov/Archives/edgar/data/49826/000095012311019620/0000950123-11-019620-index.htm",
    "finalLink": "https://www.sec.gov/Archives/edgar/data/49826/000095012311019620/c61393e10vk.htm"
  },
  {
    "date": "2009-12-31",
    "symbol": "ITW",
    "reportedCurrency": "USD",
    "cik": "0000049826",
    "fillingDate": "2010-02-26",
    "acceptedDate": "2010-02-26 12:51:03",
    "calendarYear": "2009",
    "period": "FY",
    "revenue": 13877068000,
    "costOfRevenue": 9348082000,
    "grossProfit": 4528986000,
    "grossProfitRatio": 0.3263647624,
    "researchAndDevelopmentExpenses": 198536000,
    "generalAndAdministrativeExpenses": 3037439000,
    "sellingAndMarketingExpenses": 0,
    "sellingGeneralAndAdministrativeExpenses": 2838903000,
    "otherExpenses": 0,
    "operatingExpenses": 3037439000,
    "costAndExpenses": 12385521000,
    "interestIncome": 22495000,
    "interestExpense": 164839000,
    "depreciationAndAmortization": 568602000,
    "ebitda": 1947231000,
    "ebitdaratio": 0.140320059,
    "operatingIncome": 1385979000,
    "operatingIncomeRatio": 0.0998754924,
    "totalOtherIncomeExpensesNet": -172189000,
    "incomeBeforeTax": 1213790000,
    "incomeBeforeTaxRatio": 0.0874673238,
    "incomeTaxExpense": 244300000,
    "netIncome": 947009000,
    "netIncomeRatio": 0.0682427297,
    "eps": 1.89,
    "epsdiluted": 1.89,
    "weightedAverageShsOut": 500177000,
    "weightedAverageShsOutDil": 501921000,
    "link": "https://www.sec.gov/Archives/edgar/data/49826/000095012310017817/0000950123-10-017817-index.htm",
    "finalLink": "https://www.sec.gov/Archives/edgar/data/49826/000095012310017817/c55376e10vk.htm"
  },
  {
    "date": "2008-12-31",
    "symbol": "ITW",
    "reportedCurrency": "USD",
    "cik": "0000049826",
    "fillingDate": "2009-02-27",
    "acceptedDate": "2009-02-27 16:52:27",
    "calendarYear": "2008",
    "period": "FY",
    "revenue": 15869354000,
    "costOfRevenue": 10456468000,
    "grossProfit": 5412886000,
    "grossProfitRatio": 0.3410905069,
    "researchAndDevelopmentExpenses": 210719000,
    "generalAndAdministrativeExpenses": 2773692000,
    "sellingAndMarketingExpenses": 88664000,
    "sellingGeneralAndAdministrativeExpenses": 2862356000,
    "otherExpenses": 0,
    "operatingExpenses": 3073075000,
    "costAndExpenses": 13531118000,
    "interestIncome": 46106000,
    "interestExpense": 154458000,
    "depreciationAndAmortization": 535211000,
    "ebitda": 2879049000,
    "ebitdaratio": 0.1814219407,
    "operatingIncome": 2338236000,
    "operatingIncomeRatio": 0.1473428597,
    "totalOtherIncomeExpensesNet": -149748000,
    "incomeBeforeTax": 2191366000,
    "incomeBeforeTaxRatio": 0.1380879146,
    "incomeTaxExpense": 608100000,
    "netIncome": 1519003000,
    "netIncomeRatio": 0.0957192712,
    "eps": 2.93,
    "epsdiluted": 2.91,
    "weightedAverageShsOut": 518609000,
    "weightedAverageShsOutDil": 518609000,
    "link": "https://www.sec.gov/Archives/edgar/data/49826/000095013709001368/0000950137-09-001368-index.htm",
    "finalLink": "https://www.sec.gov/Archives/edgar/data/49826/000095013709001368/c48856e10vk.htm"
  },
  {
    "date": "2007-12-31",
    "symbol": "ITW",
    "reportedCurrency": "USD",
    "cik": "0000049826",
    "fillingDate": "2008-02-28",
    "acceptedDate": "2008-02-28 17:03:51",
    "calendarYear": "2007",
    "period": "FY",
    "revenue": 16170611000,
    "costOfRevenue": 10614073000,
    "grossProfit": 5556538000,
    "grossProfitRatio": 0.3436195454,
    "researchAndDevelopmentExpenses": 203488000,
    "generalAndAdministrativeExpenses": 2930628000,
    "sellingAndMarketingExpenses": 0,
    "sellingGeneralAndAdministrativeExpenses": 2727140000,
    "otherExpenses": 0,
    "operatingExpenses": 2930628000,
    "costAndExpenses": 13546855000,
    "interestIncome": 42790000,
    "interestExpense": 0,
    "depreciationAndAmortization": 519340000,
    "ebitda": 3202411000,
    "ebitdaratio": 0.1980389609,
    "operatingIncome": 2623756000,
    "operatingIncomeRatio": 0.1622545988,
    "totalOtherIncomeExpensesNet": 132091000,
    "incomeBeforeTax": 2580979000,
    "incomeBeforeTaxRatio": 0.1596092442,
    "incomeTaxExpense": 754900000,
    "netIncome": 1869862000,
    "netIncomeRatio": 0.1156333549,
    "eps": 3.39,
    "epsdiluted": 3.36,
    "weightedAverageShsOut": 551549000,
    "weightedAverageShsOutDil": 556030000,
    "link": "https://www.sec.gov/Archives/edgar/data/49826/000095013708002954/0000950137-08-002954-index.htm",
    "finalLink": "https://www.sec.gov/Archives/edgar/data/49826/000095013708002954/c23108e10vk.htm"
  },
  {
    "date": "2006-12-31",
    "symbol": "ITW",
    "reportedCurrency": "USD",
    "cik": "0000049826",
    "fillingDate": "2007-02-26",
    "acceptedDate": "2007-02-23 19:32:26",
    "calendarYear": "2006",
    "period": "FY",
    "revenue": 14055049000,
    "costOfRevenue": 9184087000,
    "grossProfit": 4870962000,
    "grossProfitRatio": 0.3465631461,
    "researchAndDevelopmentExpenses": 144914000,
    "generalAndAdministrativeExpenses": 2432248000,
    "sellingAndMarketingExpenses": 0,
    "sellingGeneralAndAdministrativeExpenses": 2287334000,
    "otherExpenses": 0,
    "operatingExpenses": 2432248000,
    "costAndExpenses": 11650908000,
    "interestIncome": 109508000,
    "interestExpense": 0,
    "depreciationAndAmortization": 426128000,
    "ebitda": 2956981000,
    "ebitdaratio": 0.2103856771,
    "operatingIncome": 2420936000,
    "operatingIncomeRatio": 0.1722467136,
    "totalOtherIncomeExpensesNet": 6532000,
    "incomeBeforeTax": 2445246000,
    "incomeBeforeTaxRatio": 0.1739763412,
    "incomeTaxExpense": 727500000,
    "netIncome": 1717746000,
    "netIncomeRatio": 0.1222155825,
    "eps": 3.04,
    "epsdiluted": 3.01,
    "weightedAverageShsOut": 565048026,
    "weightedAverageShsOutDil": 570679734,
    "link": "https://www.sec.gov/Archives/edgar/data/49826/000095013707002694/0000950137-07-002694-index.htm",
    "finalLink": "https://www.sec.gov/Archives/edgar/data/49826/000095013707002694/c12075e10vk.htm"
  },
  {
    "date": "2005-12-31",
    "symbol": "ITW",
    "reportedCurrency": "USD",
    "cik": "0000049826",
    "fillingDate": "2006-02-24",
    "acceptedDate": "2006-02-24 17:34:24",
    "calendarYear": "2005",
    "period": "FY",
    "revenue": 12921792000,
    "costOfRevenue": 8433023999,
    "grossProfit": 4488768000,
    "grossProfitRatio": 0.3473796823,
    "researchAndDevelopmentExpenses": 127871000,
    "generalAndAdministrativeExpenses": 2214865000,
    "sellingAndMarketingExpenses": 0,
    "sellingGeneralAndAdministrativeExpenses": 2086994000,
    "otherExpenses": 0,
    "operatingExpenses": 2214865000,
    "costAndExpenses": 10662588000,
    "interestIncome": 27861000,
    "interestExpense": 0,
    "depreciationAndAmortization": 368375000,
    "ebitda": 2636942000,
    "ebitdaratio": 0.2040693737,
    "operatingIncome": 2259204000,
    "operatingIncomeRatio": 0.1748367409,
    "totalOtherIncomeExpensesNet": -92334000,
    "incomeBeforeTax": 2181569000,
    "incomeBeforeTaxRatio": 0.1688286733,
    "incomeTaxExpense": 686700000,
    "netIncome": 1494869000,
    "netIncomeRatio": 0.1156858894,
    "eps": 1.31,
    "epsdiluted": 1.3,
    "weightedAverageShsOut": 574666000,
    "weightedAverageShsOutDil": 579020000,
    "link": "https://www.sec.gov/Archives/edgar/data/49826/000095013706002224/0000950137-06-002224-index.htm",
    "finalLink": "https://www.sec.gov/Archives/edgar/data/49826/000095013706002224/c02489e10vk.htm"
  },
  {
    "date": "2004-12-31",
    "symbol": "ITW",
    "reportedCurrency": "USD",
    "cik": "0000049826",
    "fillingDate": "2005-03-11",
    "acceptedDate": "2005-03-11 17:07:50",
    "calendarYear": "2004",
    "period": "FY",
    "revenue": 11731425000,
    "costOfRevenue": 7628655000,
    "grossProfit": 4102770000,
    "grossProfitRatio": 0.3497247777,
    "researchAndDevelopmentExpenses": 123486000,
    "generalAndAdministrativeExpenses": 2024445000,
    "sellingAndMarketingExpenses": 0,
    "sellingGeneralAndAdministrativeExpenses": 1900959000,
    "otherExpenses": 0,
    "operatingExpenses": 2024445000,
    "costAndExpenses": 9674812000,
    "interestIncome": 25614000,
    "interestExpense": 0,
    "depreciationAndAmortization": 331571000,
    "ebitda": 2400210000,
    "ebitdaratio": 0.2045966283,
    "operatingIncome": 2056613000,
    "operatingIncomeRatio": 0.1753080295,
    "totalOtherIncomeExpensesNet": -78920000,
    "incomeBeforeTax": 1999405000,
    "incomeBeforeTaxRatio": 0.1704315546,
    "incomeTaxExpense": 659800000,
    "netIncome": 1338694000,
    "netIncomeRatio": 0.114111798,
    "eps": 1.11,
    "epsdiluted": 1.1,
    "weightedAverageShsOut": 610444000,
    "weightedAverageShsOutDil": 615314000,
    "link": "https://www.sec.gov/Archives/edgar/data/49826/000095013705002904/0000950137-05-002904-index.htm",
    "finalLink": "https://www.sec.gov/Archives/edgar/data/49826/000095013705002904/c93119ae10vkza.htm"
  },
  {
    "date": "2003-12-31",
    "symbol": "ITW",
    "reportedCurrency": "USD",
    "cik": "0000049826",
    "fillingDate": "2004-03-09",
    "acceptedDate": "2004-03-09 14:50:42",
    "calendarYear": "2003",
    "period": "FY",
    "revenue": 10035623000,
    "costOfRevenue": 6527692000,
    "grossProfit": 3507931000,
    "grossProfitRatio": 0.3495479055,
    "researchAndDevelopmentExpenses": 0,
    "generalAndAdministrativeExpenses": 1850197000,
    "sellingAndMarketingExpenses": 0,
    "sellingGeneralAndAdministrativeExpenses": 1850197000,
    "otherExpenses": 24276000,
    "operatingExpenses": 1874473000,
    "costAndExpenses": 8402165000,
    "interestIncome": 0,
    "interestExpense": 0,
    "depreciationAndAmortization": 306553000,
    "ebitda": 1940011000,
    "ebitdaratio": 0.193312463,
    "operatingIncome": 1633458000,
    "operatingIncomeRatio": 0.1627659788,
    "totalOtherIncomeExpensesNet": -57344000,
    "incomeBeforeTax": 1576114000,
    "incomeBeforeTaxRatio": 0.1570519339,
    "incomeTaxExpense": 535900000,
    "netIncome": 1023680000,
    "netIncomeRatio": 0.1020046289,
    "eps": 1.67,
    "epsdiluted": 1.66,
    "weightedAverageShsOut": 614822823,
    "weightedAverageShsOutDil": 616674699,
    "link": "https://www.sec.gov/Archives/edgar/data/49826/000095013704001633/0000950137-04-001633-index.htm",
    "finalLink": "https://www.sec.gov/Archives/edgar/data/49826/000095013704001633/c83293e10vk.htm"
  },
  {
    "date": "2002-12-31",
    "symbol": "ITW",
    "reportedCurrency": "USD",
    "cik": "0000049826",
    "fillingDate": "2003-03-04",
    "acceptedDate": "2003-03-04 09:01:24",
    "calendarYear": "2002",
    "period": "FY",
    "revenue": 9467740000,
    "costOfRevenue": 6213791000,
    "grossProfit": 3253949000,
    "grossProfitRatio": 0.3436880396,
    "researchAndDevelopmentExpenses": 0,
    "generalAndAdministrativeExpenses": 1720245000,
    "sellingAndMarketingExpenses": 0,
    "sellingGeneralAndAdministrativeExpenses": 1720245000,
    "otherExpenses": 27933000,
    "operatingExpenses": 1748178000,
    "costAndExpenses": 7961969000,
    "interestIncome": 0,
    "interestExpense": 0,
    "depreciationAndAmortization": 305752000,
    "ebitda": 1811523000,
    "ebitdaratio": 0.1913363696,
    "operatingIncome": 1505771000,
    "operatingIncomeRatio": 0.1590422846,
    "totalOtherIncomeExpensesNet": -72211000,
    "incomeBeforeTax": 1433560000,
    "incomeBeforeTaxRatio": 0.1514152269,
    "incomeTaxExpense": 501750000,
    "netIncome": 712592000,
    "netIncomeRatio": 0.0752652692,
    "eps": 1.17,
    "epsdiluted": 1.16,
    "weightedAverageShsOut": 611666953,
    "weightedAverageShsOutDil": 616962771,
    "link": "https://www.sec.gov/Archives/edgar/data/49826/000095013703001256/0000950137-03-001256-index.htm",
    "finalLink": "https://www.sec.gov/Archives/edgar/data/49826/000095013703001256/c75093e10vk.htm"
  },
  {
    "date": "2001-12-31",
    "symbol": "ITW",
    "reportedCurrency": "USD",
    "cik": "0000049826",
    "fillingDate": "2002-03-22",
    "acceptedDate": "2002-03-22 00:00:00",
    "calendarYear": "2001",
    "period": "FY",
    "revenue": 9292791000,
    "costOfRevenue": 6191253000,
    "grossProfit": 3101538000,
    "grossProfitRatio": 0.3337574255,
    "researchAndDevelopmentExpenses": 0,
    "generalAndAdministrativeExpenses": 1690850000,
    "sellingAndMarketingExpenses": 0,
    "sellingGeneralAndAdministrativeExpenses": 1690850000,
    "otherExpenses": 104585000,
    "operatingExpenses": 1795435000,
    "costAndExpenses": 7986688000,
    "interestIncome": 0,
    "interestExpense": 0,
    "depreciationAndAmortization": 386308000,
    "ebitda": 1692411000,
    "ebitdaratio": 0.1821208505,
    "operatingIncome": 1306103000,
    "operatingIncomeRatio": 0.1405501318,
    "totalOtherIncomeExpensesNet": -75254000,
    "incomeBeforeTax": 1230849000,
    "incomeBeforeTaxRatio": 0.1324520265,
    "incomeTaxExpense": 428400000,
    "netIncome": 805659000,
    "netIncomeRatio": 0.0866972043,
    "eps": 1.33,
    "epsdiluted": 1.32,
    "weightedAverageShsOut": 608044528,
    "weightedAverageShsOutDil": 612668441,
    "link": "https://www.sec.gov/Archives/edgar/data/49826/000095013702001470/0000950137-02-001470-index.htm",
    "finalLink": "https://www.sec.gov/Archives/edgar/data/49826/000095013702001470/c67784e10-k405.htm"
  },
  {
    "date": "2000-12-31",
    "symbol": "ITW",
    "reportedCurrency": "USD",
    "cik": "0000049826",
    "fillingDate": "2001-03-21",
    "acceptedDate": "2001-03-21 00:00:00",
    "calendarYear": "2000",
    "period": "FY",
    "revenue": 9983577000,
    "costOfRevenue": 6193315000,
    "grossProfit": 3790262000,
    "grossProfitRatio": 0.3796496987,
    "researchAndDevelopmentExpenses": 0,
    "generalAndAdministrativeExpenses": 1813455000,
    "sellingAndMarketingExpenses": 0,
    "sellingGeneralAndAdministrativeExpenses": 1813455000,
    "otherExpenses": 413370000,
    "operatingExpenses": 2226825000,
    "costAndExpenses": 8420140000,
    "interestIncome": 0,
    "interestExpense": 0,
    "depreciationAndAmortization": 413370000,
    "ebitda": 1976807000,
    "ebitdaratio": 0.1980058851,
    "operatingIncome": 1563437000,
    "operatingIncomeRatio": 0.1566008856,
    "totalOtherIncomeExpensesNet": -85257000,
    "incomeBeforeTax": 1478180000,
    "incomeBeforeTaxRatio": 0.1480611608,
    "incomeTaxExpense": 520200000,
    "netIncome": 957980000,
    "netIncomeRatio": 0.0959555879,
    "eps": 1.59,
    "epsdiluted": 1.58,
    "weightedAverageShsOut": 602503145,
    "weightedAverageShsOutDil": 608241270,
    "link": "https://www.sec.gov/Archives/edgar/data/49826/000095013701000857/0000950137-01-000857-index.htm",
    "finalLink": "https://www.sec.gov/Archives/edgar/data/49826/000095013701000857/c60672e10-k405.htm"
  },
  {
    "date": "1999-12-31",
    "symbol": "ITW",
    "reportedCurrency": "USD",
    "cik": "0000049826",
    "fillingDate": "2000-03-30",
    "acceptedDate": "2000-03-30 00:00:00",
    "calendarYear": "1999",
    "period": "FY",
    "revenue": 9333200000,
    "costOfRevenue": 5773400000,
    "grossProfit": 3559800000,
    "grossProfitRatio": 0.3814125916,
    "researchAndDevelopmentExpenses": 0,
    "generalAndAdministrativeExpenses": 1730000000,
    "sellingAndMarketingExpenses": 0,
    "sellingGeneralAndAdministrativeExpenses": 1730000000,
    "otherExpenses": 343300000,
    "operatingExpenses": 2073300000,
    "costAndExpenses": 7846700000,
    "interestIncome": 0,
    "interestExpense": 0,
    "depreciationAndAmortization": 343300000,
    "ebitda": 1829800000,
    "ebitdaratio": 0.1960528008,
    "operatingIncome": 1486500000,
    "operatingIncomeRatio": 0.1592701324,
    "totalOtherIncomeExpensesNet": -133800000,
    "incomeBeforeTax": 1352700000,
    "incomeBeforeTaxRatio": 0.1449342133,
    "incomeTaxExpense": 511600000,
    "netIncome": 841100000,
    "netIncomeRatio": 0.0901191446,
    "eps": 1.4,
    "epsdiluted": 1.38,
    "weightedAverageShsOut": 600785714,
    "weightedAverageShsOutDil": 609492754,
    "link": "https://www.sec.gov/Archives/edgar/data/49826/000095013700001404/0000950137-00-001404-index.html",
    "finalLink": "https://www.sec.gov/Archives/edgar/data/49826/000095013700001404/"
  },
  {
    "date": "1998-12-31",
    "symbol": "ITW",
    "reportedCurrency": "USD",
    "cik": "0000049826",
    "fillingDate": "1999-03-30",
    "acceptedDate": "1999-03-30 00:00:00",
    "calendarYear": "1998",
    "period": "FY",
    "revenue": 5647900000,
    "costOfRevenue": 3466200000,
    "grossProfit": 2181700000,
    "grossProfitRatio": 0.3862851679,
    "researchAndDevelopmentExpenses": 0,
    "generalAndAdministrativeExpenses": 890600000,
    "sellingAndMarketingExpenses": 0,
    "sellingGeneralAndAdministrativeExpenses": 890600000,
    "otherExpenses": 211800000,
    "operatingExpenses": 1102400000,
    "costAndExpenses": 4568600000,
    "interestIncome": 0,
    "interestExpense": 0,
    "depreciationAndAmortization": 211800000,
    "ebitda": 1605400000,
    "ebitdaratio": 0.2842472423,
    "operatingIncome": 1079300000,
    "operatingIncomeRatio": 0.1910975761,
    "totalOtherIncomeExpensesNet": -28300000,
    "incomeBeforeTax": 1059600000,
    "incomeBeforeTaxRatio": 0.187609554,
    "incomeTaxExpense": 386800000,
    "netIncome": 672800000,
    "netIncomeRatio": 0.1191239222,
    "eps": 1.62,
    "epsdiluted": 1.33,
    "weightedAverageShsOut": 500256000,
    "weightedAverageShsOutDil": 608796992,
    "link": "https://www.sec.gov/Archives/edgar/data/49826/000095013799000687/0000950137-99-000687-index.html",
    "finalLink": "https://www.sec.gov/Archives/edgar/data/49826/"
  },
  {
    "date": "1997-12-31",
    "symbol": "ITW",
    "reportedCurrency": "USD",
    "cik": "0000049826",
    "fillingDate": "1998-03-31",
    "acceptedDate": "1998-03-31 00:00:00",
    "calendarYear": "1997",
    "period": "FY",
    "revenue": 5220400000,
    "costOfRevenue": 3237600000,
    "grossProfit": 1982800000,
    "grossProfitRatio": 0.3798176385,
    "researchAndDevelopmentExpenses": 0,
    "generalAndAdministrativeExpenses": 870300000,
    "sellingAndMarketingExpenses": 0,
    "sellingGeneralAndAdministrativeExpenses": 870300000,
    "otherExpenses": 185400000,
    "operatingExpenses": 1055700000,
    "costAndExpenses": 4293300000,
    "interestIncome": 0,
    "interestExpense": 0,
    "depreciationAndAmortization": 185400000,
    "ebitda": 1363400000,
    "ebitdaratio": 0.2611677266,
    "operatingIncome": 927100000,
    "operatingIncomeRatio": 0.1775917554,
    "totalOtherIncomeExpensesNet": -4800000,
    "incomeBeforeTax": 924400000,
    "incomeBeforeTaxRatio": 0.1770745537,
    "incomeTaxExpense": 337400000,
    "netIncome": 587000000,
    "netIncomeRatio": 0.1124434909,
    "eps": 0.58,
    "epsdiluted": 0.57,
    "weightedAverageShsOut": 499196000,
    "weightedAverageShsOutDil": 499196000,
    "link": "https://www.sec.gov/Archives/edgar/data/49826/000095013798001347/0000950137-98-001347-index.html",
    "finalLink": "https://www.sec.gov/Archives/edgar/data/49826/"
  },
  {
    "date": "1996-12-31",
    "symbol": "ITW",
    "reportedCurrency": "USD",
    "cik": "0000049826",
    "fillingDate": "1997-03-27",
    "acceptedDate": "1997-03-27 00:00:00",
    "calendarYear": "1996",
    "period": "FY",
    "revenue": 4996700000,
    "costOfRevenue": 3142500000,
    "grossProfit": 1854200000,
    "grossProfitRatio": 0.371084916,
    "researchAndDevelopmentExpenses": 0,
    "generalAndAdministrativeExpenses": 875400000,
    "sellingAndMarketingExpenses": 0,
    "sellingGeneralAndAdministrativeExpenses": 875400000,
    "otherExpenses": 178200000,
    "operatingExpenses": 1053600000,
    "costAndExpenses": 4196100000,
    "interestIncome": 0,
    "interestExpense": 0,
    "depreciationAndAmortization": 178200000,
    "ebitda": 978800000,
    "ebitdaratio": 0.1958892869,
    "operatingIncome": 800600000,
    "operatingIncomeRatio": 0.160225749,
    "totalOtherIncomeExpensesNet": -30300000,
    "incomeBeforeTax": 770300000,
    "incomeBeforeTaxRatio": 0.1541617468,
    "incomeTaxExpense": 284000000,
    "netIncome": 486300000,
    "netIncomeRatio": 0.097324234,
    "eps": 0.25,
    "epsdiluted": 0.24,
    "weightedAverageShsOut": 496080000,
    "weightedAverageShsOutDil": 496080000,
    "link": "https://www.sec.gov/Archives/edgar/data/49826/000095013797001181/0000950137-97-001181-index.html",
    "finalLink": "https://www.sec.gov/Archives/edgar/data/49826/"
  },
  {
    "date": "1995-12-31",
    "symbol": "ITW",
    "reportedCurrency": "USD",
    "cik": "0000049826",
    "fillingDate": "1996-03-29",
    "acceptedDate": "1996-03-29 00:00:00",
    "calendarYear": "1995",
    "period": "FY",
    "revenue": 4152200000,
    "costOfRevenue": 2597200000,
    "grossProfit": 1555000000,
    "grossProfitRatio": 0.3745002649,
    "researchAndDevelopmentExpenses": 0,
    "generalAndAdministrativeExpenses": 776600000,
    "sellingAndMarketingExpenses": 0,
    "sellingGeneralAndAdministrativeExpenses": 776600000,
    "otherExpenses": 151900000,
    "operatingExpenses": 928500000,
    "costAndExpenses": 3525700000,
    "interestIncome": 0,
    "interestExpense": 0,
    "depreciationAndAmortization": 151900000,
    "ebitda": 797900000,
    "ebitdaratio": 0.1921631906,
    "operatingIncome": 626500000,
    "operatingIncomeRatio": 0.1508838688,
    "totalOtherIncomeExpensesNet": -2800000,
    "incomeBeforeTax": 623700000,
    "incomeBeforeTaxRatio": 0.1502095275,
    "incomeTaxExpense": 236100000,
    "netIncome": 387600000,
    "netIncomeRatio": 0.0933481046,
    "eps": 0.21,
    "epsdiluted": 0.2,
    "weightedAverageShsOut": 473476116,
    "weightedAverageShsOutDil": 473476116,
    "link": "https://www.sec.gov/Archives/edgar/data/49826/000095013196001325/0000950131-96-001325-index.html",
    "finalLink": "https://www.sec.gov/Archives/edgar/data/49826/"
  },
  {
    "date": "1994-12-31",
    "symbol": "ITW",
    "reportedCurrency": "USD",
    "cik": "0000049826",
    "fillingDate": "1995-03-29",
    "acceptedDate": "1995-03-29 00:00:00",
    "calendarYear": "1994",
    "period": "FY",
    "revenue": 3461300000,
    "costOfRevenue": 2187300000,
    "grossProfit": 1274000000,
    "grossProfitRatio": 0.3680698004,
    "researchAndDevelopmentExpenses": 0,
    "generalAndAdministrativeExpenses": 650100000,
    "sellingAndMarketingExpenses": 0,
    "sellingGeneralAndAdministrativeExpenses": 650100000,
    "otherExpenses": 132100000,
    "operatingExpenses": 782200000,
    "costAndExpenses": 2969500000,
    "interestIncome": 0,
    "interestExpense": 0,
    "depreciationAndAmortization": 132100000,
    "ebitda": 623900000,
    "ebitdaratio": 0.180250195,
    "operatingIncome": 491800000,
    "operatingIncomeRatio": 0.1420853437,
    "totalOtherIncomeExpensesNet": -41500000,
    "incomeBeforeTax": 450300000,
    "incomeBeforeTaxRatio": 0.1300956288,
    "incomeTaxExpense": 172500000,
    "netIncome": 277800000,
    "netIncomeRatio": 0.0802588623,
    "eps": 0.61,
    "epsdiluted": 0.61,
    "weightedAverageShsOut": 453551020,
    "weightedAverageShsOutDil": 453551020,
    "link": "https://www.sec.gov/Archives/edgar/data/49826/000091205795001849/0000912057-95-001849-index.html",
    "finalLink": "https://www.sec.gov/Archives/edgar/data/49826/"
  },
  {
    "date": "1993-12-31",
    "symbol": "ITW",
    "reportedCurrency": "USD",
    "cik": "0000049826",
    "fillingDate": "1994-03-30",
    "acceptedDate": "1994-03-30 00:00:00",
    "calendarYear": "1993",
    "period": "FY",
    "revenue": 3159200000,
    "costOfRevenue": 1990600000,
    "grossProfit": 1168600000,
    "grossProfitRatio": 0.3699037731,
    "researchAndDevelopmentExpenses": 0,
    "generalAndAdministrativeExpenses": 0,
    "sellingAndMarketingExpenses": 0,
    "sellingGeneralAndAdministrativeExpenses": 658400000,
    "otherExpenses": 131700000,
    "operatingExpenses": 790100000,
    "costAndExpenses": 2780700000,
    "interestIncome": 0,
    "interestExpense": 0,
    "depreciationAndAmortization": 131700000,
    "ebitda": 510200000,
    "ebitdaratio": 0.1614965814,
    "operatingIncome": 378500000,
    "operatingIncomeRatio": 0.1198088124,
    "totalOtherIncomeExpensesNet": -42600000,
    "incomeBeforeTax": 335900000,
    "incomeBeforeTaxRatio": 0.1063243859,
    "incomeTaxExpense": 129300000,
    "netIncome": 206600000,
    "netIncomeRatio": 0.0653963029,
    "eps": 0.11,
    "epsdiluted": 0.11,
    "weightedAverageShsOut": 453172000,
    "weightedAverageShsOutDil": 453172000,
    "link": "https://www.sec.gov/Archives/edgar/data/49826/000091205794001174/0000912057-94-001174-index.html",
    "finalLink": "https://www.sec.gov/Archives/edgar/data/49826/"
  },
  {
    "date": "1992-12-31",
    "symbol": "ITW",
    "reportedCurrency": "USD",
    "cik": "0000049826",
    "fillingDate": "1992-12-31",
    "acceptedDate": "1992-12-31 00:00:00",
    "calendarYear": "1992",
    "period": "FY",
    "revenue": 2811600000,
    "costOfRevenue": 1737100000,
    "grossProfit": 1074500000,
    "grossProfitRatio": 0.3821667378,
    "researchAndDevelopmentExpenses": 0,
    "generalAndAdministrativeExpenses": 0,
    "sellingAndMarketingExpenses": 0,
    "sellingGeneralAndAdministrativeExpenses": 586800000,
    "otherExpenses": 125300000,
    "operatingExpenses": 712100000,
    "costAndExpenses": 2449200000,
    "interestIncome": 0,
    "interestExpense": 0,
    "depreciationAndAmortization": 125300000,
    "ebitda": 487700000,
    "ebitdaratio": 0.1734599516,
    "operatingIncome": 362400000,
    "operatingIncomeRatio": 0.1288945796,
    "totalOtherIncomeExpensesNet": -52600000,
    "incomeBeforeTax": 309800000,
    "incomeBeforeTaxRatio": 0.1101863707,
    "incomeTaxExpense": 117700000,
    "netIncome": 192100000,
    "netIncomeRatio": 0.0683240859,
    "eps": 0.0538,
    "epsdiluted": 0.0531,
    "weightedAverageShsOut": 448624000,
    "weightedAverageShsOutDil": 448624000,
    "link": null,
    "finalLink": null
  },
  {
    "date": "1991-12-31",
    "symbol": "ITW",
    "reportedCurrency": "USD",
    "cik": "0000049826",
    "fillingDate": "1991-12-31",
    "acceptedDate": "1991-12-31 00:00:00",
    "calendarYear": "1991",
    "period": "FY",
    "revenue": 2639700000,
    "costOfRevenue": 1648500000,
    "grossProfit": 991200000,
    "grossProfitRatio": 0.3754972156,
    "researchAndDevelopmentExpenses": 0,
    "generalAndAdministrativeExpenses": 0,
    "sellingAndMarketingExpenses": 0,
    "sellingGeneralAndAdministrativeExpenses": 552900000,
    "otherExpenses": 115400000,
    "operatingExpenses": 668300000,
    "costAndExpenses": 2316800000,
    "interestIncome": 0,
    "interestExpense": 0,
    "depreciationAndAmortization": 115400000,
    "ebitda": 438300000,
    "ebitdaratio": 0.1660415956,
    "operatingIncome": 322900000,
    "operatingIncomeRatio": 0.1223245066,
    "totalOtherIncomeExpensesNet": -35100000,
    "incomeBeforeTax": 287800000,
    "incomeBeforeTaxRatio": 0.109027541,
    "incomeTaxExpense": 107200000,
    "netIncome": 180600000,
    "netIncomeRatio": 0.0684168656,
    "eps": 0.0506,
    "epsdiluted": 0.0506,
    "weightedAverageShsOut": 445744000,
    "weightedAverageShsOutDil": 445744000,
    "link": null,
    "finalLink": null
  },
  {
    "date": "1990-12-31",
    "symbol": "ITW",
    "reportedCurrency": "USD",
    "cik": "0000049826",
    "fillingDate": "1990-12-31",
    "acceptedDate": "1990-12-31 00:00:00",
    "calendarYear": "1990",
    "period": "FY",
    "revenue": 2544200000,
    "costOfRevenue": 1587100000,
    "grossProfit": 957100000,
    "grossProfitRatio": 0.3761889789,
    "researchAndDevelopmentExpenses": 0,
    "generalAndAdministrativeExpenses": 0,
    "sellingAndMarketingExpenses": 0,
    "sellingGeneralAndAdministrativeExpenses": 510300000,
    "otherExpenses": 102100000,
    "operatingExpenses": 612400000,
    "costAndExpenses": 2199500000,
    "interestIncome": 0,
    "interestExpense": 0,
    "depreciationAndAmortization": 102100000,
    "ebitda": 446800000,
    "ebitdaratio": 0.1756151246,
    "operatingIncome": 344700000,
    "operatingIncomeRatio": 0.1354846317,
    "totalOtherIncomeExpensesNet": -44800000,
    "incomeBeforeTax": 299900000,
    "incomeBeforeTaxRatio": 0.1178759531,
    "incomeTaxExpense": 117500000,
    "netIncome": 182400000,
    "netIncomeRatio": 0.071692477,
    "eps": 0.0525,
    "epsdiluted": 0.0519,
    "weightedAverageShsOut": 438436000,
    "weightedAverageShsOutDil": 438436000,
    "link": null,
    "finalLink": null
  },
  {
    "date": "1989-12-31",
    "symbol": "ITW",
    "reportedCurrency": "USD",
    "cik": "0000049826",
    "fillingDate": "1989-12-31",
    "acceptedDate": "1989-12-31 00:00:00",
    "calendarYear": "1989",
    "period": "FY",
    "revenue": 2172700000,
    "costOfRevenue": 1367000000,
    "grossProfit": 805700000,
    "grossProfitRatio": 0.3708289225,
    "researchAndDevelopmentExpenses": 0,
    "generalAndAdministrativeExpenses": 0,
    "sellingAndMarketingExpenses": 0,
    "sellingGeneralAndAdministrativeExpenses": 417900000,
    "otherExpenses": 84700000,
    "operatingExpenses": 502600000,
    "costAndExpenses": 1869600000,
    "interestIncome": 0,
    "interestExpense": 0,
    "depreciationAndAmortization": 84700000,
    "ebitda": 387800000,
    "ebitdaratio": 0.1784875961,
    "operatingIncome": 303100000,
    "operatingIncomeRatio": 0.1395038431,
    "totalOtherIncomeExpensesNet": -34100000,
    "incomeBeforeTax": 269000000,
    "incomeBeforeTaxRatio": 0.1238090855,
    "incomeTaxExpense": 105200000,
    "netIncome": 163800000,
    "netIncomeRatio": 0.0753900677,
    "eps": 0.0481,
    "epsdiluted": 0.0475,
    "weightedAverageShsOut": 429328000,
    "weightedAverageShsOutDil": 429328000,
    "link": null,
    "finalLink": null
  },
  {
    "date": "1988-12-31",
    "symbol": "ITW",
    "reportedCurrency": "USD",
    "cik": "0000049826",
    "fillingDate": "1988-12-31",
    "acceptedDate": "1988-12-30 19:00:00",
    "calendarYear": "1988",
    "period": "FY",
    "revenue": 1929800000,
    "costOfRevenue": 1212900000,
    "grossProfit": 716900000,
    "grossProfitRatio": 0.3714892735,
    "researchAndDevelopmentExpenses": 0,
    "generalAndAdministrativeExpenses": 0,
    "sellingAndMarketingExpenses": 0,
    "sellingGeneralAndAdministrativeExpenses": 369100000,
    "otherExpenses": 75100000,
    "operatingExpenses": 444200000,
    "costAndExpenses": 1657100000,
    "interestIncome": 0,
    "interestExpense": 0,
    "depreciationAndAmortization": 75100000,
    "ebitda": 347800000,
    "ebitdaratio": 0.1802259301,
    "operatingIncome": 272700000,
    "operatingIncomeRatio": 0.1413099803,
    "totalOtherIncomeExpensesNet": -39900000,
    "incomeBeforeTax": 232800000,
    "incomeBeforeTaxRatio": 0.1206342626,
    "incomeTaxExpense": 92800000,
    "netIncome": 140000000,
    "netIncomeRatio": 0.0725463779,
    "eps": 0.0413,
    "epsdiluted": 0.0406,
    "weightedAverageShsOut": 422784000,
    "weightedAverageShsOutDil": 422784000,
    "link": "",
    "finalLink": ""
  },
  {
    "date": "1987-12-31",
    "symbol": "ITW",
    "reportedCurrency": "USD",
    "cik": "0000049826",
    "fillingDate": "1987-12-31",
    "acceptedDate": "1987-12-30 19:00:00",
    "calendarYear": "1987",
    "period": "FY",
    "revenue": 1698400000,
    "costOfRevenue": 1061800000,
    "grossProfit": 636600000,
    "grossProfitRatio": 0.3748233632,
    "researchAndDevelopmentExpenses": 0,
    "generalAndAdministrativeExpenses": 0,
    "sellingAndMarketingExpenses": 0,
    "sellingGeneralAndAdministrativeExpenses": 339100000,
    "otherExpenses": 57800000,
    "operatingExpenses": 396900000,
    "costAndExpenses": 1458700000,
    "interestIncome": 0,
    "interestExpense": 0,
    "depreciationAndAmortization": 57800000,
    "ebitda": 297500000,
    "ebitdaratio": 0.175164861,
    "operatingIncome": 239700000,
    "operatingIncomeRatio": 0.1411328309,
    "totalOtherIncomeExpensesNet": -39600000,
    "incomeBeforeTax": 200100000,
    "incomeBeforeTaxRatio": 0.1178167687,
    "incomeTaxExpense": 93900000,
    "netIncome": 106200000,
    "netIncomeRatio": 0.0625294395,
    "eps": 0.0325,
    "epsdiluted": 0.0325,
    "weightedAverageShsOut": 414584000,
    "weightedAverageShsOutDil": 414584000,
    "link": "",
    "finalLink": ""
  },
  {
    "date": "1986-12-31",
    "symbol": "ITW",
    "reportedCurrency": "USD",
    "cik": "0000049826",
    "fillingDate": "1986-12-31",
    "acceptedDate": "1986-12-30 19:00:00",
    "calendarYear": "1986",
    "period": "FY",
    "revenue": 961100000,
    "costOfRevenue": 586100000,
    "grossProfit": 375000000,
    "grossProfitRatio": 0.3901779211,
    "researchAndDevelopmentExpenses": 0,
    "generalAndAdministrativeExpenses": 0,
    "sellingAndMarketingExpenses": 0,
    "sellingGeneralAndAdministrativeExpenses": 223800000,
    "otherExpenses": 37200000,
    "operatingExpenses": 261000000,
    "costAndExpenses": 847100000,
    "interestIncome": 0,
    "interestExpense": 0,
    "depreciationAndAmortization": 37200000,
    "ebitda": 151200000,
    "ebitdaratio": 0.1573197378,
    "operatingIncome": 114000000,
    "operatingIncomeRatio": 0.118614088,
    "totalOtherIncomeExpensesNet": 34100000,
    "incomeBeforeTax": 148100000,
    "incomeBeforeTaxRatio": 0.154094267,
    "incomeTaxExpense": 68500000,
    "netIncome": 79600000,
    "netIncomeRatio": 0.0828217667,
    "eps": 0.0122,
    "epsdiluted": 0.0122,
    "weightedAverageShsOut": 410032000,
    "weightedAverageShsOutDil": 410032000,
    "link": "",
    "finalLink": ""
  },
  {
    "date": "1985-12-31",
    "symbol": "ITW",
    "reportedCurrency": "USD",
    "cik": "0000049826",
    "fillingDate": "1985-12-31",
    "acceptedDate": "1985-12-30 19:00:00",
    "calendarYear": "1985",
    "period": "FY",
    "revenue": 596100000,
    "costOfRevenue": 363500000,
    "grossProfit": 232600000,
    "grossProfitRatio": 0.3902029861,
    "researchAndDevelopmentExpenses": 0,
    "generalAndAdministrativeExpenses": 0,
    "sellingAndMarketingExpenses": 0,
    "sellingGeneralAndAdministrativeExpenses": 123300000,
    "otherExpenses": 27300000,
    "operatingExpenses": 150600000,
    "costAndExpenses": 514100000,
    "interestIncome": 0,
    "interestExpense": 0,
    "depreciationAndAmortization": 27300000,
    "ebitda": 109300000,
    "ebitdaratio": 0.1833584969,
    "operatingIncome": 82000000,
    "operatingIncomeRatio": 0.1375608119,
    "totalOtherIncomeExpensesNet": -12100000,
    "incomeBeforeTax": 69900000,
    "incomeBeforeTaxRatio": 0.1172622043,
    "incomeTaxExpense": 38400000,
    "netIncome": 31500000,
    "netIncomeRatio": 0.0528434826,
    "eps": 0.005,
    "epsdiluted": 0.005,
    "weightedAverageShsOut": 403264000,
    "weightedAverageShsOutDil": 403264000,
    "link": "",
    "finalLink": ""
  }
]