[
  {
    "date": "2025-06-30",
    "symbol": "IVZ",
    "reportedCurrency": "USD",
    "cik": "0000914208",
    "fillingDate": "2025-08-01",
    "acceptedDate": "2025-08-01 15:52:29",
    "calendarYear": "2025",
    "period": "Q2",
    "revenue": 1515500000,
    "costOfRevenue": 1011100000,
    "grossProfit": 504400000,
    "grossProfitRatio": 0.3328274497,
    "researchAndDevelopmentExpenses": 0,
    "generalAndAdministrativeExpenses": 139200000,
    "sellingAndMarketingExpenses": 23100000,
    "sellingGeneralAndAdministrativeExpenses": 162300000,
    "otherExpenses": 127900000,
    "operatingExpenses": 290200000,
    "costAndExpenses": 1301300000,
    "interestIncome": 10500000,
    "interestExpense": 20700000,
    "depreciationAndAmortization": 40100000,
    "ebitda": 335200000,
    "ebitdaratio": 0.2211811283,
    "operatingIncome": 214200000,
    "operatingIncomeRatio": 0.1413394919,
    "totalOtherIncomeExpensesNet": 60200000,
    "incomeBeforeTax": 274400000,
    "incomeBeforeTaxRatio": 0.1810623557,
    "incomeTaxExpense": 77000000,
    "netIncome": 203400000,
    "netIncomeRatio": 0.134213131,
    "eps": 0.31,
    "epsdiluted": 0.31,
    "weightedAverageShsOut": 453800000,
    "weightedAverageShsOutDil": 453800000,
    "link": "https://www.sec.gov/Archives/edgar/data/914208/000091420825000262/0000914208-25-000262-index.htm",
    "finalLink": "https://www.sec.gov/Archives/edgar/data/914208/000091420825000262/ivz-20250630.htm"
  },
  {
    "date": "2025-03-31",
    "symbol": "IVZ",
    "reportedCurrency": "USD",
    "cik": "0000914208",
    "fillingDate": "2025-04-28",
    "acceptedDate": "2025-04-28 13:53:01",
    "calendarYear": "2025",
    "period": "Q1",
    "revenue": 1529200000,
    "costOfRevenue": 973600000,
    "grossProfit": 555600000,
    "grossProfitRatio": 0.3633272299,
    "researchAndDevelopmentExpenses": 0,
    "generalAndAdministrativeExpenses": 137300000,
    "sellingAndMarketingExpenses": 17000000,
    "sellingGeneralAndAdministrativeExpenses": 154300000,
    "otherExpenses": 124000000,
    "operatingExpenses": 278300000,
    "costAndExpenses": 1251900000,
    "interestIncome": 11300000,
    "interestExpense": 13100000,
    "depreciationAndAmortization": 41500000,
    "ebitda": 399500000,
    "ebitdaratio": 0.2612477112,
    "operatingIncome": 277300000,
    "operatingIncomeRatio": 0.1813366466,
    "totalOtherIncomeExpensesNet": 67600000,
    "incomeBeforeTax": 344900000,
    "incomeBeforeTaxRatio": 0.2255427675,
    "incomeTaxExpense": 77600000,
    "netIncome": 230300000,
    "netIncomeRatio": 0.1506016218,
    "eps": 0.38,
    "epsdiluted": 0.38,
    "weightedAverageShsOut": 452900000,
    "weightedAverageShsOutDil": 454000000,
    "link": "https://www.sec.gov/Archives/edgar/data/914208/000091420825000144/0000914208-25-000144-index.htm",
    "finalLink": "https://www.sec.gov/Archives/edgar/data/914208/000091420825000144/ivz-20250331.htm"
  },
  {
    "date": "2024-12-31",
    "symbol": "IVZ",
    "reportedCurrency": "USD",
    "cik": "0000914208",
    "fillingDate": "2025-02-25",
    "acceptedDate": "2025-02-25 13:27:00",
    "calendarYear": "2024",
    "period": "Q4",
    "revenue": 1593000000,
    "costOfRevenue": 990400000,
    "grossProfit": 602600000,
    "grossProfitRatio": 0.3782799749,
    "researchAndDevelopmentExpenses": 0,
    "generalAndAdministrativeExpenses": 135000000,
    "sellingAndMarketingExpenses": 23700000,
    "sellingGeneralAndAdministrativeExpenses": 158700000,
    "otherExpenses": 132200000,
    "operatingExpenses": 290900000,
    "costAndExpenses": 1281300000,
    "interestIncome": 24600000,
    "interestExpense": 12400000,
    "depreciationAndAmortization": 44100000,
    "ebitda": 373900000,
    "ebitdaratio": 0.2347143754,
    "operatingIncome": 311700000,
    "operatingIncomeRatio": 0.1956685499,
    "totalOtherIncomeExpensesNet": 5700000,
    "incomeBeforeTax": 317400000,
    "incomeBeforeTaxRatio": 0.1992467043,
    "incomeTaxExpense": 78700000,
    "netIncome": 268500000,
    "netIncomeRatio": 0.1685499058,
    "eps": 0.46,
    "epsdiluted": 0.46,
    "weightedAverageShsOut": 453300000,
    "weightedAverageShsOutDil": 454100000,
    "link": "https://www.sec.gov/Archives/edgar/data/914208/000091420825000114/0000914208-25-000114-index.htm",
    "finalLink": "https://www.sec.gov/Archives/edgar/data/914208/000091420825000114/ivz-20241231.htm"
  },
  {
    "date": "2024-09-30",
    "symbol": "IVZ",
    "reportedCurrency": "USD",
    "cik": "0000914208",
    "fillingDate": "2024-10-29",
    "acceptedDate": "2024-10-29 15:18:45",
    "calendarYear": "2024",
    "period": "Q3",
    "revenue": 1515400000,
    "costOfRevenue": 1125000000,
    "grossProfit": 390400000,
    "grossProfitRatio": 0.25762175,
    "researchAndDevelopmentExpenses": 0,
    "generalAndAdministrativeExpenses": 140800000,
    "sellingAndMarketingExpenses": 18900000,
    "sellingGeneralAndAdministrativeExpenses": 159700000,
    "otherExpenses": 130200000,
    "operatingExpenses": 289900000,
    "costAndExpenses": 1414900000,
    "interestIncome": 10900000,
    "interestExpense": 13400000,
    "depreciationAndAmortization": 44000000,
    "ebitda": 202500000,
    "ebitdaratio": 0.133628085,
    "operatingIncome": 100500000,
    "operatingIncomeRatio": 0.0663191237,
    "totalOtherIncomeExpensesNet": 44600000,
    "incomeBeforeTax": 145100000,
    "incomeBeforeTaxRatio": 0.095750297,
    "incomeTaxExpense": 41500000,
    "netIncome": 114200000,
    "netIncomeRatio": 0.075359641,
    "eps": 0.12,
    "epsdiluted": 0.12,
    "weightedAverageShsOut": 454900000,
    "weightedAverageShsOutDil": 455600000,
    "link": "https://www.sec.gov/Archives/edgar/data/914208/000091420824000427/0000914208-24-000427-index.htm",
    "finalLink": "https://www.sec.gov/Archives/edgar/data/914208/000091420824000427/ivz-20240930.htm"
  },
  {
    "date": "2024-06-30",
    "symbol": "IVZ",
    "reportedCurrency": "USD",
    "cik": "0000914208",
    "fillingDate": "2024-07-31",
    "acceptedDate": "2024-07-31 13:55:24",
    "calendarYear": "2024",
    "period": "Q2",
    "revenue": 1483300000,
    "costOfRevenue": 947700000,
    "grossProfit": 535600000,
    "grossProfitRatio": 0.361086766,
    "researchAndDevelopmentExpenses": 0,
    "generalAndAdministrativeExpenses": 180400000,
    "sellingAndMarketingExpenses": 20600000,
    "sellingGeneralAndAdministrativeExpenses": 201000000,
    "otherExpenses": 127800000,
    "operatingExpenses": 328800000,
    "costAndExpenses": 1276500000,
    "interestIncome": 11000000,
    "interestExpense": 16300000,
    "depreciationAndAmortization": 46400000,
    "ebitda": 322600000,
    "ebitdaratio": 0.2174880334,
    "operatingIncome": 206800000,
    "operatingIncomeRatio": 0.1394188633,
    "totalOtherIncomeExpensesNet": 53100000,
    "incomeBeforeTax": 259900000,
    "incomeBeforeTaxRatio": 0.1752174206,
    "incomeTaxExpense": 64000000,
    "netIncome": 191400000,
    "netIncomeRatio": 0.1290366076,
    "eps": 0.29,
    "epsdiluted": 0.29,
    "weightedAverageShsOut": 455500000,
    "weightedAverageShsOutDil": 456100000,
    "link": "https://www.sec.gov/Archives/edgar/data/914208/000091420824000335/0000914208-24-000335-index.htm",
    "finalLink": "https://www.sec.gov/Archives/edgar/data/914208/000091420824000335/ivz-20240630.htm"
  },
  {
    "date": "2024-03-31",
    "symbol": "IVZ",
    "reportedCurrency": "USD",
    "cik": "0000914208",
    "fillingDate": "2024-05-01",
    "acceptedDate": "2024-05-01 13:08:52",
    "calendarYear": "2024",
    "period": "Q1",
    "revenue": 1475300000,
    "costOfRevenue": 976700000,
    "grossProfit": 498600000,
    "grossProfitRatio": 0.3379651596,
    "researchAndDevelopmentExpenses": 0,
    "generalAndAdministrativeExpenses": 138500000,
    "sellingAndMarketingExpenses": 18100000,
    "sellingGeneralAndAdministrativeExpenses": 156600000,
    "otherExpenses": 128900000,
    "operatingExpenses": 285500000,
    "costAndExpenses": 1262200000,
    "interestIncome": 12400000,
    "interestExpense": 15900000,
    "depreciationAndAmortization": 45100000,
    "ebitda": 343900000,
    "ebitdaratio": 0.2331051312,
    "operatingIncome": 213100000,
    "operatingIncomeRatio": 0.1444451976,
    "totalOtherIncomeExpensesNet": 69800000,
    "incomeBeforeTax": 282900000,
    "incomeBeforeTaxRatio": 0.1917576086,
    "incomeTaxExpense": 68700000,
    "netIncome": 200700000,
    "netIncomeRatio": 0.1360401274,
    "eps": 0.31,
    "epsdiluted": 0.31,
    "weightedAverageShsOut": 453200000,
    "weightedAverageShsOutDil": 453500000,
    "link": "https://www.sec.gov/Archives/edgar/data/914208/000091420824000276/0000914208-24-000276-index.htm",
    "finalLink": "https://www.sec.gov/Archives/edgar/data/914208/000091420824000276/ivz-20240331.htm"
  },
  {
    "date": "2023-12-31",
    "symbol": "IVZ",
    "reportedCurrency": "USD",
    "cik": "0000914208",
    "fillingDate": "2024-02-21",
    "acceptedDate": "2024-02-21 14:26:50",
    "calendarYear": "2023",
    "period": "Q4",
    "revenue": 1413400000,
    "costOfRevenue": 928200000,
    "grossProfit": 485200000,
    "grossProfitRatio": 0.3432856941,
    "researchAndDevelopmentExpenses": 0,
    "generalAndAdministrativeExpenses": 135900000,
    "sellingAndMarketingExpenses": 25700000,
    "sellingGeneralAndAdministrativeExpenses": 161600000,
    "otherExpenses": 1399400000,
    "operatingExpenses": 1561000000,
    "costAndExpenses": 2489200000,
    "interestIncome": 21300000,
    "interestExpense": 16800000,
    "depreciationAndAmortization": 1260300000,
    "ebitda": 343600000,
    "ebitdaratio": 0.2431017405,
    "operatingIncome": -1075800000,
    "operatingIncomeRatio": -0.7611433423,
    "totalOtherIncomeExpensesNet": 142300000,
    "incomeBeforeTax": -933500000,
    "incomeBeforeTaxRatio": -0.6604641291,
    "incomeTaxExpense": -266400000,
    "netIncome": -683100000,
    "netIncomeRatio": -0.4833026744,
    "eps": -1.64,
    "epsdiluted": -1.64,
    "weightedAverageShsOut": 451700000,
    "weightedAverageShsOutDil": 453100000,
    "link": "https://www.sec.gov/Archives/edgar/data/914208/000091420824000219/0000914208-24-000219-index.htm",
    "finalLink": "https://www.sec.gov/Archives/edgar/data/914208/000091420824000219/ivz-20231231.htm"
  },
  {
    "date": "2023-09-30",
    "symbol": "IVZ",
    "reportedCurrency": "USD",
    "cik": "0000914208",
    "fillingDate": "2023-10-31",
    "acceptedDate": "2023-10-31 15:26:43",
    "calendarYear": "2023",
    "period": "Q3",
    "revenue": 1442000000,
    "costOfRevenue": 926700000,
    "grossProfit": 515300000,
    "grossProfitRatio": 0.3573509015,
    "researchAndDevelopmentExpenses": 0,
    "generalAndAdministrativeExpenses": 146000000,
    "sellingAndMarketingExpenses": 19200000,
    "sellingGeneralAndAdministrativeExpenses": 165200000,
    "otherExpenses": 122400000,
    "operatingExpenses": 287600000,
    "costAndExpenses": 1214300000,
    "interestIncome": 10800000,
    "interestExpense": 17300000,
    "depreciationAndAmortization": 42200000,
    "ebitda": 289500000,
    "ebitdaratio": 0.2007628294,
    "operatingIncome": 227700000,
    "operatingIncomeRatio": 0.1579056865,
    "totalOtherIncomeExpensesNet": 2300000,
    "incomeBeforeTax": 230000000,
    "incomeBeforeTaxRatio": 0.1595006935,
    "incomeTaxExpense": 61300000,
    "netIncome": 190600000,
    "netIncomeRatio": 0.1321775312,
    "eps": 0.29,
    "epsdiluted": 0.29,
    "weightedAverageShsOut": 451700000,
    "weightedAverageShsOutDil": 453100000,
    "link": "https://www.sec.gov/Archives/edgar/data/914208/000091420823000479/0000914208-23-000479-index.htm",
    "finalLink": "https://www.sec.gov/Archives/edgar/data/914208/000091420823000479/ivz-20230930.htm"
  },
  {
    "date": "2023-06-30",
    "symbol": "IVZ",
    "reportedCurrency": "USD",
    "cik": "0000914208",
    "fillingDate": "2023-08-02",
    "acceptedDate": "2023-08-02 13:39:19",
    "calendarYear": "2023",
    "period": "Q2",
    "revenue": 1442800000,
    "costOfRevenue": 938200000,
    "grossProfit": 504600000,
    "grossProfitRatio": 0.3497366232,
    "researchAndDevelopmentExpenses": 0,
    "generalAndAdministrativeExpenses": 151900000,
    "sellingAndMarketingExpenses": 23100000,
    "sellingGeneralAndAdministrativeExpenses": 175000000,
    "otherExpenses": 125800000,
    "operatingExpenses": 300800000,
    "costAndExpenses": 1239000000,
    "interestIncome": 7100000,
    "interestExpense": 18400000,
    "depreciationAndAmortization": 47400000,
    "ebitda": 295700000,
    "ebitdaratio": 0.2049487108,
    "operatingIncome": 203800000,
    "operatingIncomeRatio": 0.1412531189,
    "totalOtherIncomeExpensesNet": 26100000,
    "incomeBeforeTax": 229900000,
    "incomeBeforeTaxRatio": 0.1593429443,
    "incomeTaxExpense": 65500000,
    "netIncome": 191400000,
    "netIncomeRatio": 0.1326587192,
    "eps": 0.29,
    "epsdiluted": 0.29,
    "weightedAverageShsOut": 457900000,
    "weightedAverageShsOutDil": 458800000,
    "link": "https://www.sec.gov/Archives/edgar/data/914208/000091420823000416/0000914208-23-000416-index.htm",
    "finalLink": "https://www.sec.gov/Archives/edgar/data/914208/000091420823000416/ivz-20230630.htm"
  },
  {
    "date": "2023-03-31",
    "symbol": "IVZ",
    "reportedCurrency": "USD",
    "cik": "0000914208",
    "fillingDate": "2023-05-03",
    "acceptedDate": "2023-05-03 16:25:06",
    "calendarYear": "2023",
    "period": "Q1",
    "revenue": 1418200000,
    "costOfRevenue": 917900000,
    "grossProfit": 500300000,
    "grossProfitRatio": 0.3527711183,
    "researchAndDevelopmentExpenses": 0,
    "generalAndAdministrativeExpenses": 105000000,
    "sellingAndMarketingExpenses": 19600000,
    "sellingGeneralAndAdministrativeExpenses": 124600000,
    "otherExpenses": 166200000,
    "operatingExpenses": 290800000,
    "costAndExpenses": 1208700000,
    "interestIncome": 8600000,
    "interestExpense": 18000000,
    "depreciationAndAmortization": 46800000,
    "ebitda": 300500000,
    "ebitdaratio": 0.2118883091,
    "operatingIncome": 209500000,
    "operatingIncomeRatio": 0.1477224651,
    "totalOtherIncomeExpensesNet": 26200000,
    "incomeBeforeTax": 235700000,
    "incomeBeforeTaxRatio": 0.1661965872,
    "incomeTaxExpense": 69900000,
    "netIncome": 204200000,
    "netIncomeRatio": 0.1439853335,
    "eps": 0.32,
    "epsdiluted": 0.32,
    "weightedAverageShsOut": 458100000,
    "weightedAverageShsOutDil": 458900000,
    "link": "https://www.sec.gov/Archives/edgar/data/914208/000091420823000338/0000914208-23-000338-index.htm",
    "finalLink": "https://www.sec.gov/Archives/edgar/data/914208/000091420823000338/ivz-20230331.htm"
  },
  {
    "date": "2022-12-31",
    "symbol": "IVZ",
    "reportedCurrency": "USD",
    "cik": "0000914208",
    "fillingDate": "2023-02-23",
    "acceptedDate": "2023-02-22 17:46:55",
    "calendarYear": "2022",
    "period": "Q4",
    "revenue": 1443400000,
    "costOfRevenue": 911500000,
    "grossProfit": 531900000,
    "grossProfitRatio": 0.3685049189,
    "researchAndDevelopmentExpenses": 0,
    "generalAndAdministrativeExpenses": 109600000,
    "sellingAndMarketingExpenses": 31800000,
    "sellingGeneralAndAdministrativeExpenses": 141400000,
    "otherExpenses": 145400000,
    "operatingExpenses": 286800000,
    "costAndExpenses": 1198300000,
    "interestIncome": 17800000,
    "interestExpense": 17600000,
    "depreciationAndAmortization": 48600000,
    "ebitda": 456600000,
    "ebitdaratio": 0.3163364279,
    "operatingIncome": 245100000,
    "operatingIncomeRatio": 0.1698073992,
    "totalOtherIncomeExpensesNet": 145300000,
    "incomeBeforeTax": 390400000,
    "incomeBeforeTaxRatio": 0.2704724955,
    "incomeTaxExpense": 89600000,
    "netIncome": 247000000,
    "netIncomeRatio": 0.1711237356,
    "eps": 0.41,
    "epsdiluted": 0.41,
    "weightedAverageShsOut": 457000000,
    "weightedAverageShsOutDil": 459100000,
    "link": "https://www.sec.gov/Archives/edgar/data/914208/000091420823000297/0000914208-23-000297-index.htm",
    "finalLink": "https://www.sec.gov/Archives/edgar/data/914208/000091420823000297/ivz-20221231.htm"
  },
  {
    "date": "2022-09-30",
    "symbol": "IVZ",
    "reportedCurrency": "USD",
    "cik": "0000914208",
    "fillingDate": "2022-11-02",
    "acceptedDate": "2022-11-02 16:51:40",
    "calendarYear": "2022",
    "period": "Q3",
    "revenue": 1445700000,
    "costOfRevenue": 872100000,
    "grossProfit": 573600000,
    "grossProfitRatio": 0.3967628139,
    "researchAndDevelopmentExpenses": 0,
    "generalAndAdministrativeExpenses": 48700000,
    "sellingAndMarketingExpenses": 27600000,
    "sellingGeneralAndAdministrativeExpenses": 76300000,
    "otherExpenses": 147100000,
    "operatingExpenses": 223400000,
    "costAndExpenses": 1095500000,
    "interestIncome": 3300000,
    "interestExpense": 18600000,
    "depreciationAndAmortization": 47900000,
    "ebitda": 321600000,
    "ebitdaratio": 0.222452791,
    "operatingIncome": 350200000,
    "operatingIncomeRatio": 0.2422355952,
    "totalOtherIncomeExpensesNet": -95100000,
    "incomeBeforeTax": 255100000,
    "incomeBeforeTaxRatio": 0.1764543128,
    "incomeTaxExpense": 86800000,
    "netIncome": 236600000,
    "netIncomeRatio": 0.1636577437,
    "eps": 0.39,
    "epsdiluted": 0.39,
    "weightedAverageShsOut": 457000000,
    "weightedAverageShsOutDil": 459500000,
    "link": "https://www.sec.gov/Archives/edgar/data/914208/000091420822000500/0000914208-22-000500-index.htm",
    "finalLink": "https://www.sec.gov/Archives/edgar/data/914208/000091420822000500/ivz-20220930.htm"
  },
  {
    "date": "2022-06-30",
    "symbol": "IVZ",
    "reportedCurrency": "USD",
    "cik": "0000914208",
    "fillingDate": "2022-08-03",
    "acceptedDate": "2022-08-03 16:51:17",
    "calendarYear": "2022",
    "period": "Q2",
    "revenue": 1530400000,
    "costOfRevenue": 882200000,
    "grossProfit": 648200000,
    "grossProfitRatio": 0.4235493988,
    "researchAndDevelopmentExpenses": 0,
    "generalAndAdministrativeExpenses": 119700000,
    "sellingAndMarketingExpenses": 33800000,
    "sellingGeneralAndAdministrativeExpenses": 153500000,
    "otherExpenses": 150000000,
    "operatingExpenses": 303500000,
    "costAndExpenses": 1185700000,
    "interestIncome": 2100000,
    "interestExpense": 25800000,
    "depreciationAndAmortization": 49300000,
    "ebitda": 357000000,
    "ebitdaratio": 0.2332723471,
    "operatingIncome": 344700000,
    "operatingIncomeRatio": 0.2252352326,
    "totalOtherIncomeExpensesNet": -62800000,
    "incomeBeforeTax": 281900000,
    "incomeBeforeTaxRatio": 0.1842002091,
    "incomeTaxExpense": 63000000,
    "netIncome": 180200000,
    "netIncomeRatio": 0.1177469942,
    "eps": 0.27,
    "epsdiluted": 0.26,
    "weightedAverageShsOut": 456500000,
    "weightedAverageShsOutDil": 459500000,
    "link": "https://www.sec.gov/Archives/edgar/data/914208/000091420822000431/0000914208-22-000431-index.htm",
    "finalLink": "https://www.sec.gov/Archives/edgar/data/914208/000091420822000431/ivz-20220630.htm"
  },
  {
    "date": "2022-03-31",
    "symbol": "IVZ",
    "reportedCurrency": "USD",
    "cik": "0000914208",
    "fillingDate": "2022-04-29",
    "acceptedDate": "2022-04-29 06:59:59",
    "calendarYear": "2022",
    "period": "Q1",
    "revenue": 1629400000,
    "costOfRevenue": 945500000,
    "grossProfit": 683900000,
    "grossProfitRatio": 0.4197250522,
    "researchAndDevelopmentExpenses": 0,
    "generalAndAdministrativeExpenses": 102200000,
    "sellingAndMarketingExpenses": 21700000,
    "sellingGeneralAndAdministrativeExpenses": 123900000,
    "otherExpenses": 182300000,
    "operatingExpenses": 306200000,
    "costAndExpenses": 1251700000,
    "interestIncome": 1200000,
    "interestExpense": 23200000,
    "depreciationAndAmortization": 49500000,
    "ebitda": 393000000,
    "ebitdaratio": 0.2411930772,
    "operatingIncome": 377700000,
    "operatingIncomeRatio": 0.2318031177,
    "totalOtherIncomeExpensesNet": -57400000,
    "incomeBeforeTax": 320300000,
    "incomeBeforeTaxRatio": 0.1965754265,
    "incomeTaxExpense": 82800000,
    "netIncome": 256900000,
    "netIncomeRatio": 0.1576653983,
    "eps": 0.43,
    "epsdiluted": 0.43,
    "weightedAverageShsOut": 459500000,
    "weightedAverageShsOutDil": 462400000,
    "link": "https://www.sec.gov/Archives/edgar/data/914208/000091420822000355/0000914208-22-000355-index.htm",
    "finalLink": "https://www.sec.gov/Archives/edgar/data/914208/000091420822000355/ivz-20220331.htm"
  },
  {
    "date": "2021-12-31",
    "symbol": "IVZ",
    "reportedCurrency": "USD",
    "cik": "0000914208",
    "fillingDate": "2022-02-18",
    "acceptedDate": "2022-02-18 07:12:27",
    "calendarYear": "2021",
    "period": "Q4",
    "revenue": 1763400000,
    "costOfRevenue": 998900000,
    "grossProfit": 764500000,
    "grossProfitRatio": 0.4335374844,
    "researchAndDevelopmentExpenses": 0,
    "generalAndAdministrativeExpenses": 119200000,
    "sellingAndMarketingExpenses": 38000000,
    "sellingGeneralAndAdministrativeExpenses": 157200000,
    "otherExpenses": 98100000,
    "operatingExpenses": 255300000,
    "costAndExpenses": 1254200000,
    "interestIncome": 21600000,
    "interestExpense": 23200000,
    "depreciationAndAmortization": 50400000,
    "ebitda": 761400000,
    "ebitdaratio": 0.4317795168,
    "operatingIncome": 509200000,
    "operatingIncomeRatio": 0.2887603493,
    "totalOtherIncomeExpensesNet": 178600000,
    "incomeBeforeTax": 687800000,
    "incomeBeforeTaxRatio": 0.3900419644,
    "incomeTaxExpense": 130700000,
    "netIncome": 486000000,
    "netIncomeRatio": 0.2756039469,
    "eps": 0.92,
    "epsdiluted": 0.92,
    "weightedAverageShsOut": 463300000,
    "weightedAverageShsOutDil": 465600000,
    "link": "https://www.sec.gov/Archives/edgar/data/914208/000091420822000319/0000914208-22-000319-index.htm",
    "finalLink": "https://www.sec.gov/Archives/edgar/data/914208/000091420822000319/ivz-20211231.htm"
  },
  {
    "date": "2021-09-30",
    "symbol": "IVZ",
    "reportedCurrency": "USD",
    "cik": "0000914208",
    "fillingDate": "2021-10-29",
    "acceptedDate": "2021-10-29 07:12:15",
    "calendarYear": "2021",
    "period": "Q3",
    "revenue": 1750000000,
    "costOfRevenue": 1023100000,
    "grossProfit": 726900000,
    "grossProfitRatio": 0.4153714286,
    "researchAndDevelopmentExpenses": 0,
    "generalAndAdministrativeExpenses": 105000000,
    "sellingAndMarketingExpenses": 20300000,
    "sellingGeneralAndAdministrativeExpenses": 125300000,
    "otherExpenses": 137800000,
    "operatingExpenses": 263100000,
    "costAndExpenses": 1286200000,
    "interestIncome": 1900000,
    "interestExpense": 23100000,
    "depreciationAndAmortization": 51000000,
    "ebitda": 759400000,
    "ebitdaratio": 0.4339428571,
    "operatingIncome": 463800000,
    "operatingIncomeRatio": 0.2650285714,
    "totalOtherIncomeExpensesNet": 221500000,
    "incomeBeforeTax": 685300000,
    "incomeBeforeTaxRatio": 0.3916,
    "incomeTaxExpense": 139700000,
    "netIncome": 389300000,
    "netIncomeRatio": 0.2224571429,
    "eps": 0.71,
    "epsdiluted": 0.71,
    "weightedAverageShsOut": 463300000,
    "weightedAverageShsOutDil": 466000000,
    "link": "https://www.sec.gov/Archives/edgar/data/914208/000091420821000529/0000914208-21-000529-index.htm",
    "finalLink": "https://www.sec.gov/Archives/edgar/data/914208/000091420821000529/ivz-20210930.htm"
  },
  {
    "date": "2021-06-30",
    "symbol": "IVZ",
    "reportedCurrency": "USD",
    "cik": "0000914208",
    "fillingDate": "2021-07-30",
    "acceptedDate": "2021-07-30 07:31:25",
    "calendarYear": "2021",
    "period": "Q2",
    "revenue": 1721400000,
    "costOfRevenue": 1026600000,
    "grossProfit": 694800000,
    "grossProfitRatio": 0.4036249564,
    "researchAndDevelopmentExpenses": 0,
    "generalAndAdministrativeExpenses": 103300000,
    "sellingAndMarketingExpenses": 24500000,
    "sellingGeneralAndAdministrativeExpenses": 127800000,
    "otherExpenses": 96100000,
    "operatingExpenses": 223900000,
    "costAndExpenses": 1250500000,
    "interestIncome": 400000,
    "interestExpense": 24600000,
    "depreciationAndAmortization": 52800000,
    "ebitda": 726700000,
    "ebitdaratio": 0.4221563843,
    "operatingIncome": 470900000,
    "operatingIncomeRatio": 0.2735564076,
    "totalOtherIncomeExpensesNet": 178400000,
    "incomeBeforeTax": 649300000,
    "incomeBeforeTaxRatio": 0.3771929825,
    "incomeTaxExpense": 154200000,
    "netIncome": 427500000,
    "netIncomeRatio": 0.2483443709,
    "eps": 0.8,
    "epsdiluted": 0.79,
    "weightedAverageShsOut": 462800000,
    "weightedAverageShsOutDil": 466200000,
    "link": "https://www.sec.gov/Archives/edgar/data/914208/000091420821000459/0000914208-21-000459-index.htm",
    "finalLink": "https://www.sec.gov/Archives/edgar/data/914208/000091420821000459/ivz-20210630.htm"
  },
  {
    "date": "2021-03-31",
    "symbol": "IVZ",
    "reportedCurrency": "USD",
    "cik": "0000914208",
    "fillingDate": "2021-04-30",
    "acceptedDate": "2021-04-30 07:24:49",
    "calendarYear": "2021",
    "period": "Q1",
    "revenue": 1659700000,
    "costOfRevenue": 1012000000,
    "grossProfit": 647700000,
    "grossProfitRatio": 0.3902512502,
    "researchAndDevelopmentExpenses": 0,
    "generalAndAdministrativeExpenses": 96600000,
    "sellingAndMarketingExpenses": 15800000,
    "sellingGeneralAndAdministrativeExpenses": 112400000,
    "otherExpenses": 191000000,
    "operatingExpenses": 303400000,
    "costAndExpenses": 1315400000,
    "interestIncome": 1300000,
    "interestExpense": 23800000,
    "depreciationAndAmortization": 51100000,
    "ebitda": 553000000,
    "ebitdaratio": 0.3331927457,
    "operatingIncome": 344300000,
    "operatingIncomeRatio": 0.207447129,
    "totalOtherIncomeExpensesNet": 133800000,
    "incomeBeforeTax": 478100000,
    "incomeBeforeTaxRatio": 0.288064108,
    "incomeTaxExpense": 106500000,
    "netIncome": 327000000,
    "netIncomeRatio": 0.1970235585,
    "eps": 0.58,
    "epsdiluted": 0.58,
    "weightedAverageShsOut": 461600000,
    "weightedAverageShsOutDil": 464700000,
    "link": "https://www.sec.gov/Archives/edgar/data/914208/000091420821000378/0000914208-21-000378-index.htm",
    "finalLink": "https://www.sec.gov/Archives/edgar/data/914208/000091420821000378/ivz-20210331.htm"
  },
  {
    "date": "2020-12-31",
    "symbol": "IVZ",
    "reportedCurrency": "USD",
    "cik": "0000914208",
    "fillingDate": "2021-02-19",
    "acceptedDate": "2021-02-19 07:49:21",
    "calendarYear": "2020",
    "period": "Q4",
    "revenue": 1630100000,
    "costOfRevenue": 994600000,
    "grossProfit": 635500000,
    "grossProfitRatio": 0.3898533832,
    "researchAndDevelopmentExpenses": 0,
    "generalAndAdministrativeExpenses": 95900000,
    "sellingAndMarketingExpenses": 20600000,
    "sellingGeneralAndAdministrativeExpenses": 116500000,
    "otherExpenses": 301200000,
    "operatingExpenses": 417700000,
    "costAndExpenses": 1412300000,
    "interestIncome": 9100000,
    "interestExpense": 24400000,
    "depreciationAndAmortization": 53200000,
    "ebitda": 477300000,
    "ebitdaratio": 0.2928041224,
    "operatingIncome": 217800000,
    "operatingIncomeRatio": 0.1336114349,
    "totalOtherIncomeExpensesNet": 181900000,
    "incomeBeforeTax": 399700000,
    "incomeBeforeTaxRatio": 0.245199681,
    "incomeTaxExpense": 68900000,
    "netIncome": 270300000,
    "netIncomeRatio": 0.165818048,
    "eps": 0.46,
    "epsdiluted": 0.46,
    "weightedAverageShsOut": 461000000,
    "weightedAverageShsOutDil": 463500000,
    "link": "https://www.sec.gov/Archives/edgar/data/914208/000091420821000331/0000914208-21-000331-index.htm",
    "finalLink": "https://www.sec.gov/Archives/edgar/data/914208/000091420821000331/ivz-20201231.htm"
  },
  {
    "date": "2020-09-30",
    "symbol": "IVZ",
    "reportedCurrency": "USD",
    "cik": "0000914208",
    "fillingDate": "2020-10-30",
    "acceptedDate": "2020-10-30 07:37:39",
    "calendarYear": "2020",
    "period": "Q3",
    "revenue": 1497600000,
    "costOfRevenue": 925300000,
    "grossProfit": 572300000,
    "grossProfitRatio": 0.382144765,
    "researchAndDevelopmentExpenses": 0,
    "generalAndAdministrativeExpenses": 89700000,
    "sellingAndMarketingExpenses": 15600000,
    "sellingGeneralAndAdministrativeExpenses": 105300000,
    "otherExpenses": 198500000,
    "operatingExpenses": 303800000,
    "costAndExpenses": 1229100000,
    "interestIncome": 2600000,
    "interestExpense": 33800000,
    "depreciationAndAmortization": 51600000,
    "ebitda": 472000000,
    "ebitdaratio": 0.3151709402,
    "operatingIncome": 268500000,
    "operatingIncomeRatio": 0.179286859,
    "totalOtherIncomeExpensesNet": 118100000,
    "incomeBeforeTax": 386600000,
    "incomeBeforeTaxRatio": 0.2581463675,
    "incomeTaxExpense": 91900000,
    "netIncome": 250900000,
    "netIncomeRatio": 0.1675347222,
    "eps": 0.42,
    "epsdiluted": 0.41,
    "weightedAverageShsOut": 461100000,
    "weightedAverageShsOutDil": 463500000,
    "link": "https://www.sec.gov/Archives/edgar/data/914208/000091420820000440/0000914208-20-000440-index.htm",
    "finalLink": "https://www.sec.gov/Archives/edgar/data/914208/000091420820000440/ivz10q3q2020.htm"
  },
  {
    "date": "2020-06-30",
    "symbol": "IVZ",
    "reportedCurrency": "USD",
    "cik": "0000914208",
    "fillingDate": "2020-07-31",
    "acceptedDate": "2020-07-31 08:39:44",
    "calendarYear": "2020",
    "period": "Q2",
    "revenue": 1419000000,
    "costOfRevenue": 898600000,
    "grossProfit": 520400000,
    "grossProfitRatio": 0.3667371388,
    "researchAndDevelopmentExpenses": 0,
    "generalAndAdministrativeExpenses": 188900000,
    "sellingAndMarketingExpenses": 14400000,
    "sellingGeneralAndAdministrativeExpenses": 203300000,
    "otherExpenses": 200000000,
    "operatingExpenses": 403300000,
    "costAndExpenses": 1301900000,
    "interestIncome": 2400000,
    "interestExpense": 34800000,
    "depreciationAndAmortization": 50300000,
    "ebitda": 190500000,
    "ebitdaratio": 0.1342494715,
    "operatingIncome": 117100000,
    "operatingIncomeRatio": 0.0825229035,
    "totalOtherIncomeExpensesNet": -11700000,
    "incomeBeforeTax": 105400000,
    "incomeBeforeTaxRatio": 0.0742776603,
    "incomeTaxExpense": 43400000,
    "netIncome": 99700000,
    "netIncomeRatio": 0.070260747,
    "eps": 0.09,
    "epsdiluted": 0.09,
    "weightedAverageShsOut": 460100000,
    "weightedAverageShsOutDil": 463100000,
    "link": "https://www.sec.gov/Archives/edgar/data/914208/000091420820000375/0000914208-20-000375-index.htm",
    "finalLink": "https://www.sec.gov/Archives/edgar/data/914208/000091420820000375/ivz10q2q2020.htm"
  },
  {
    "date": "2020-03-31",
    "symbol": "IVZ",
    "reportedCurrency": "USD",
    "cik": "0000914208",
    "fillingDate": "2020-04-23",
    "acceptedDate": "2020-04-23 16:23:25",
    "calendarYear": "2020",
    "period": "Q1",
    "revenue": 1598900000,
    "costOfRevenue": 937000000,
    "grossProfit": 661900000,
    "grossProfitRatio": 0.4139721058,
    "researchAndDevelopmentExpenses": 0,
    "generalAndAdministrativeExpenses": 106300000,
    "sellingAndMarketingExpenses": 32700000,
    "sellingGeneralAndAdministrativeExpenses": 139000000,
    "otherExpenses": 205900000,
    "operatingExpenses": 344900000,
    "costAndExpenses": 1281900000,
    "interestIncome": 6400000,
    "interestExpense": 36300000,
    "depreciationAndAmortization": 48400000,
    "ebitda": 262100000,
    "ebitdaratio": 0.1639251986,
    "operatingIncome": 317000000,
    "operatingIncomeRatio": 0.1982613046,
    "totalOtherIncomeExpensesNet": -139600000,
    "incomeBeforeTax": 177400000,
    "incomeBeforeTaxRatio": 0.110951279,
    "incomeTaxExpense": 57400000,
    "netIncome": 140700000,
    "netIncomeRatio": 0.0879979986,
    "eps": 0.18,
    "epsdiluted": 0.18,
    "weightedAverageShsOut": 455700000,
    "weightedAverageShsOutDil": 458900000,
    "link": "https://www.sec.gov/Archives/edgar/data/914208/000091420820000295/0000914208-20-000295-index.htm",
    "finalLink": "https://www.sec.gov/Archives/edgar/data/914208/000091420820000295/ivz10q1q2020.htm"
  },
  {
    "date": "2019-12-31",
    "symbol": "IVZ",
    "reportedCurrency": "USD",
    "cik": "0000914208",
    "fillingDate": "2020-03-02",
    "acceptedDate": "2020-03-02 06:06:35",
    "calendarYear": "2019",
    "period": "Q4",
    "revenue": 1742800000,
    "costOfRevenue": 988200000,
    "grossProfit": 754600000,
    "grossProfitRatio": 0.4329814092,
    "researchAndDevelopmentExpenses": 0,
    "generalAndAdministrativeExpenses": 121700000,
    "sellingAndMarketingExpenses": 41000000,
    "sellingGeneralAndAdministrativeExpenses": 162700000,
    "otherExpenses": 277300000,
    "operatingExpenses": 440000000,
    "costAndExpenses": 1428200000,
    "interestIncome": 14000000,
    "interestExpense": 34600000,
    "depreciationAndAmortization": 52500000,
    "ebitda": 410100000,
    "ebitdaratio": 0.2353109938,
    "operatingIncome": 314600000,
    "operatingIncomeRatio": 0.1805141152,
    "totalOtherIncomeExpensesNet": 8400000,
    "incomeBeforeTax": 323000000,
    "incomeBeforeTaxRatio": 0.1853339454,
    "incomeTaxExpense": 80400000,
    "netIncome": 239000000,
    "netIncomeRatio": 0.1371356438,
    "eps": 0.4,
    "epsdiluted": 0.39,
    "weightedAverageShsOut": 454100000,
    "weightedAverageShsOutDil": 457900000,
    "link": "https://www.sec.gov/Archives/edgar/data/914208/000091420820000245/0000914208-20-000245-index.htm",
    "finalLink": "https://www.sec.gov/Archives/edgar/data/914208/000091420820000245/a201910-k.htm"
  },
  {
    "date": "2019-09-30",
    "symbol": "IVZ",
    "reportedCurrency": "USD",
    "cik": "0000914208",
    "fillingDate": "2019-10-23",
    "acceptedDate": "2019-10-23 16:08:08",
    "calendarYear": "2019",
    "period": "Q3",
    "revenue": 1720600000,
    "costOfRevenue": 991100000,
    "grossProfit": 729500000,
    "grossProfitRatio": 0.423980007,
    "researchAndDevelopmentExpenses": 0,
    "generalAndAdministrativeExpenses": 104500000,
    "sellingAndMarketingExpenses": 33200000,
    "sellingGeneralAndAdministrativeExpenses": 137700000,
    "otherExpenses": 316700000,
    "operatingExpenses": 454400000,
    "costAndExpenses": 1445500000,
    "interestIncome": 5900000,
    "interestExpense": 35000000,
    "depreciationAndAmortization": 48500000,
    "ebitda": 400100000,
    "ebitdaratio": 0.2325351622,
    "operatingIncome": 275100000,
    "operatingIncomeRatio": 0.1598860862,
    "totalOtherIncomeExpensesNet": 41500000,
    "incomeBeforeTax": 316600000,
    "incomeBeforeTaxRatio": 0.1840055794,
    "incomeTaxExpense": 74000000,
    "netIncome": 231500000,
    "netIncomeRatio": 0.1345460886,
    "eps": 0.36,
    "epsdiluted": 0.36,
    "weightedAverageShsOut": 462800000,
    "weightedAverageShsOutDil": 466900000,
    "link": "https://www.sec.gov/Archives/edgar/data/914208/000162828019012494/0001628280-19-012494-index.htm",
    "finalLink": "https://www.sec.gov/Archives/edgar/data/914208/000162828019012494/ivz10q3q2019.htm"
  },
  {
    "date": "2019-06-30",
    "symbol": "IVZ",
    "reportedCurrency": "USD",
    "cik": "0000914208",
    "fillingDate": "2019-07-25",
    "acceptedDate": "2019-07-25 16:28:20",
    "calendarYear": "2019",
    "period": "Q2",
    "revenue": 1439400000,
    "costOfRevenue": 873700000,
    "grossProfit": 565700000,
    "grossProfitRatio": 0.3930109768,
    "researchAndDevelopmentExpenses": 0,
    "generalAndAdministrativeExpenses": 94200000,
    "sellingAndMarketingExpenses": 33400000,
    "sellingGeneralAndAdministrativeExpenses": 127600000,
    "otherExpenses": 419800000,
    "operatingExpenses": 547400000,
    "costAndExpenses": 1421100000,
    "interestIncome": 3900000,
    "interestExpense": 33000000,
    "depreciationAndAmortization": 40300000,
    "ebitda": 149800000,
    "ebitdaratio": 0.1040711408,
    "operatingIncome": 18300000,
    "operatingIncomeRatio": 0.0127136307,
    "totalOtherIncomeExpensesNet": 58200000,
    "incomeBeforeTax": 76500000,
    "incomeBeforeTaxRatio": 0.0531471446,
    "incomeTaxExpense": 14500000,
    "netIncome": 40100000,
    "netIncomeRatio": 0.0278588301,
    "eps": 0.0929,
    "epsdiluted": 0.09,
    "weightedAverageShsOut": 431600000,
    "weightedAverageShsOutDil": 433800000,
    "link": "https://www.sec.gov/Archives/edgar/data/914208/000091420819000345/0000914208-19-000345-index.htm",
    "finalLink": "https://www.sec.gov/Archives/edgar/data/914208/000091420819000345/ivz10q2q2019.htm"
  },
  {
    "date": "2019-03-31",
    "symbol": "IVZ",
    "reportedCurrency": "USD",
    "cik": "0000914208",
    "fillingDate": "2019-04-25",
    "acceptedDate": "2019-04-25 16:25:51",
    "calendarYear": "2019",
    "period": "Q1",
    "revenue": 1214600000,
    "costOfRevenue": 749300000,
    "grossProfit": 465300000,
    "grossProfitRatio": 0.3830890828,
    "researchAndDevelopmentExpenses": 0,
    "generalAndAdministrativeExpenses": 83800000,
    "sellingAndMarketingExpenses": 28000000,
    "sellingGeneralAndAdministrativeExpenses": 111800000,
    "otherExpenses": 153300000,
    "operatingExpenses": 265100000,
    "costAndExpenses": 1014400000,
    "interestIncome": 4700000,
    "interestExpense": 33100000,
    "depreciationAndAmortization": 36300000,
    "ebitda": 326200000,
    "ebitdaratio": 0.268565783,
    "operatingIncome": 200200000,
    "operatingIncomeRatio": 0.1648279269,
    "totalOtherIncomeExpensesNet": 56600000,
    "incomeBeforeTax": 256800000,
    "incomeBeforeTaxRatio": 0.2114276305,
    "incomeTaxExpense": 66200000,
    "netIncome": 177700000,
    "netIncomeRatio": 0.1463033097,
    "eps": 0.44,
    "epsdiluted": 0.44,
    "weightedAverageShsOut": 387900000,
    "weightedAverageShsOutDil": 401900000,
    "link": "https://www.sec.gov/Archives/edgar/data/914208/000091420819000227/0000914208-19-000227-index.htm",
    "finalLink": "https://www.sec.gov/Archives/edgar/data/914208/000091420819000227/ivz10q1q2019.htm"
  },
  {
    "date": "2018-12-31",
    "symbol": "IVZ",
    "reportedCurrency": "USD",
    "cik": "0000914208",
    "fillingDate": "2019-02-22",
    "acceptedDate": "2019-02-21 21:51:55",
    "calendarYear": "2018",
    "period": "Q4",
    "revenue": 1255900000,
    "costOfRevenue": 709600000,
    "grossProfit": 546300000,
    "grossProfitRatio": 0.434986862,
    "researchAndDevelopmentExpenses": 0,
    "generalAndAdministrativeExpenses": 37300000,
    "sellingAndMarketingExpenses": 39900000,
    "sellingGeneralAndAdministrativeExpenses": 77200000,
    "otherExpenses": 238700000,
    "operatingExpenses": 315900000,
    "costAndExpenses": 1025500000,
    "interestIncome": 10300000,
    "interestExpense": 29200000,
    "depreciationAndAmortization": 36500000,
    "ebitda": 213700000,
    "ebitdaratio": 0.1701568596,
    "operatingIncome": 230400000,
    "operatingIncomeRatio": 0.1834540967,
    "totalOtherIncomeExpensesNet": -82400000,
    "incomeBeforeTax": 148000000,
    "incomeBeforeTaxRatio": 0.1178437774,
    "incomeTaxExpense": 53200000,
    "netIncome": 114200000,
    "netIncomeRatio": 0.0909308066,
    "eps": 0.28,
    "epsdiluted": 0.28,
    "weightedAverageShsOut": 410100000,
    "weightedAverageShsOutDil": 410100000,
    "link": "https://www.sec.gov/Archives/edgar/data/914208/000091420819000195/0000914208-19-000195-index.htm",
    "finalLink": "https://www.sec.gov/Archives/edgar/data/914208/000091420819000195/a201810-k.htm"
  },
  {
    "date": "2018-09-30",
    "symbol": "IVZ",
    "reportedCurrency": "USD",
    "cik": "0000914208",
    "fillingDate": "2018-10-24",
    "acceptedDate": "2018-10-24 14:53:00",
    "calendarYear": "2018",
    "period": "Q3",
    "revenue": 1341800000,
    "costOfRevenue": 788700000,
    "grossProfit": 553100000,
    "grossProfitRatio": 0.4122074825,
    "researchAndDevelopmentExpenses": 0,
    "generalAndAdministrativeExpenses": 60800000,
    "sellingAndMarketingExpenses": 33400000,
    "sellingGeneralAndAdministrativeExpenses": 94200000,
    "otherExpenses": 136800000,
    "operatingExpenses": 231000000,
    "costAndExpenses": 1019700000,
    "interestIncome": 4000000,
    "interestExpense": 29600000,
    "depreciationAndAmortization": 39600000,
    "ebitda": 411500000,
    "ebitdaratio": 0.3066775973,
    "operatingIncome": 322100000,
    "operatingIncomeRatio": 0.2400506782,
    "totalOtherIncomeExpensesNet": 20200000,
    "incomeBeforeTax": 342300000,
    "incomeBeforeTaxRatio": 0.2551050827,
    "incomeTaxExpense": 61100000,
    "netIncome": 269600000,
    "netIncomeRatio": 0.2009241318,
    "eps": 0.65,
    "epsdiluted": 0.65,
    "weightedAverageShsOut": 414300000,
    "weightedAverageShsOutDil": 414400000,
    "link": "https://www.sec.gov/Archives/edgar/data/914208/000091420818000411/0000914208-18-000411-index.htm",
    "finalLink": "https://www.sec.gov/Archives/edgar/data/914208/000091420818000411/ivz10q3q2018.htm"
  },
  {
    "date": "2018-06-30",
    "symbol": "IVZ",
    "reportedCurrency": "USD",
    "cik": "0000914208",
    "fillingDate": "2018-07-26",
    "acceptedDate": "2018-07-26 15:18:50",
    "calendarYear": "2018",
    "period": "Q2",
    "revenue": 1360600000,
    "costOfRevenue": 788100000,
    "grossProfit": 572500000,
    "grossProfitRatio": 0.4207702484,
    "researchAndDevelopmentExpenses": 0,
    "generalAndAdministrativeExpenses": 87000000,
    "sellingAndMarketingExpenses": 32800000,
    "sellingGeneralAndAdministrativeExpenses": 119100000,
    "otherExpenses": 122100000,
    "operatingExpenses": 241200000,
    "costAndExpenses": 1029300000,
    "interestIncome": 2800000,
    "interestExpense": 29500000,
    "depreciationAndAmortization": 32400000,
    "ebitda": 376100000,
    "ebitdaratio": 0.2764221667,
    "operatingIncome": 331300000,
    "operatingIncomeRatio": 0.2434955167,
    "totalOtherIncomeExpensesNet": -17100000,
    "incomeBeforeTax": 314200000,
    "incomeBeforeTaxRatio": 0.230927532,
    "incomeTaxExpense": 72300000,
    "netIncome": 245100000,
    "netIncomeRatio": 0.1801411142,
    "eps": 0.59,
    "epsdiluted": 0.59,
    "weightedAverageShsOut": 401200000,
    "weightedAverageShsOutDil": 414100000,
    "link": "https://www.sec.gov/Archives/edgar/data/914208/000091420818000357/0000914208-18-000357-index.htm",
    "finalLink": "https://www.sec.gov/Archives/edgar/data/914208/000091420818000357/ivz10q2q2018.htm"
  },
  {
    "date": "2018-03-31",
    "symbol": "IVZ",
    "reportedCurrency": "USD",
    "cik": "0000914208",
    "fillingDate": "2018-04-26",
    "acceptedDate": "2018-04-26 14:16:55",
    "calendarYear": "2018",
    "period": "Q1",
    "revenue": 1355800000,
    "costOfRevenue": 804300000,
    "grossProfit": 551500000,
    "grossProfitRatio": 0.4067709102,
    "researchAndDevelopmentExpenses": 0,
    "generalAndAdministrativeExpenses": 83700000,
    "sellingAndMarketingExpenses": 28100000,
    "sellingGeneralAndAdministrativeExpenses": 111700000,
    "otherExpenses": 118700000,
    "operatingExpenses": 230400000,
    "costAndExpenses": 1034700000,
    "interestIncome": 4200000,
    "interestExpense": 23200000,
    "depreciationAndAmortization": 33600000,
    "ebitda": 390400000,
    "ebitdaratio": 0.2879480749,
    "operatingIncome": 321100000,
    "operatingIncomeRatio": 0.2368343413,
    "totalOtherIncomeExpensesNet": 12500000,
    "incomeBeforeTax": 333600000,
    "incomeBeforeTaxRatio": 0.2460539903,
    "incomeTaxExpense": 68400000,
    "netIncome": 253900000,
    "netIncomeRatio": 0.1872695088,
    "eps": 0.62,
    "epsdiluted": 0.62,
    "weightedAverageShsOut": 411300643,
    "weightedAverageShsOutDil": 411800000,
    "link": "https://www.sec.gov/Archives/edgar/data/914208/000091420818000282/0000914208-18-000282-index.htm",
    "finalLink": "https://www.sec.gov/Archives/edgar/data/914208/000091420818000282/ivz10q1q2018.htm"
  },
  {
    "date": "2017-12-31",
    "symbol": "IVZ",
    "reportedCurrency": "USD",
    "cik": "0000914208",
    "fillingDate": "2018-02-23",
    "acceptedDate": "2018-02-23 12:10:39",
    "calendarYear": "2017",
    "period": "Q4",
    "revenue": 1375600000,
    "costOfRevenue": 772800000,
    "grossProfit": 602800000,
    "grossProfitRatio": 0.4382087816,
    "researchAndDevelopmentExpenses": 0,
    "generalAndAdministrativeExpenses": 115000000,
    "sellingAndMarketingExpenses": 40700000,
    "sellingGeneralAndAdministrativeExpenses": 155700000,
    "otherExpenses": 102800000,
    "operatingExpenses": 258500000,
    "costAndExpenses": 1031300000,
    "interestIncome": 6400000,
    "interestExpense": 23600000,
    "depreciationAndAmortization": 34600000,
    "ebitda": 457600000,
    "ebitdaratio": 0.3326548415,
    "operatingIncome": 344300000,
    "operatingIncomeRatio": 0.2502907822,
    "totalOtherIncomeExpensesNet": 55100000,
    "incomeBeforeTax": 399400000,
    "incomeBeforeTaxRatio": 0.2903460308,
    "incomeTaxExpense": -23200000,
    "netIncome": 408200000,
    "netIncomeRatio": 0.2967432393,
    "eps": 1,
    "epsdiluted": 0.99,
    "weightedAverageShsOut": 410000000,
    "weightedAverageShsOutDil": 410600000,
    "link": "https://www.sec.gov/Archives/edgar/data/914208/000091420818000255/0000914208-18-000255-index.htm",
    "finalLink": "https://www.sec.gov/Archives/edgar/data/914208/000091420818000255/a201710-k.htm"
  },
  {
    "date": "2017-09-30",
    "symbol": "IVZ",
    "reportedCurrency": "USD",
    "cik": "0000914208",
    "fillingDate": "2017-10-26",
    "acceptedDate": "2017-10-26 14:41:53",
    "calendarYear": "2017",
    "period": "Q3",
    "revenue": 1337700000,
    "costOfRevenue": 768500000,
    "grossProfit": 569200000,
    "grossProfitRatio": 0.4255064663,
    "researchAndDevelopmentExpenses": 0,
    "generalAndAdministrativeExpenses": 86600000,
    "sellingAndMarketingExpenses": 29500000,
    "sellingGeneralAndAdministrativeExpenses": 116100000,
    "otherExpenses": 92800000,
    "operatingExpenses": 208900000,
    "costAndExpenses": 977400000,
    "interestIncome": 2500000,
    "interestExpense": 23600000,
    "depreciationAndAmortization": 29700000,
    "ebitda": 451000000,
    "ebitdaratio": 0.3371458473,
    "operatingIncome": 355300000,
    "operatingIncomeRatio": 0.2656051432,
    "totalOtherIncomeExpensesNet": 37400000,
    "incomeBeforeTax": 397700000,
    "incomeBeforeTaxRatio": 0.2973013381,
    "incomeTaxExpense": 123100000,
    "netIncome": 267500000,
    "netIncomeRatio": 0.1999700979,
    "eps": 0.65,
    "epsdiluted": 0.65,
    "weightedAverageShsOut": 410500000,
    "weightedAverageShsOutDil": 410500000,
    "link": "https://www.sec.gov/Archives/edgar/data/914208/000091420817000473/0000914208-17-000473-index.htm",
    "finalLink": "https://www.sec.gov/Archives/edgar/data/914208/000091420817000473/ivz10q3q2017.htm"
  },
  {
    "date": "2017-06-30",
    "symbol": "IVZ",
    "reportedCurrency": "USD",
    "cik": "0000914208",
    "fillingDate": "2017-07-27",
    "acceptedDate": "2017-07-27 14:50:12",
    "calendarYear": "2017",
    "period": "Q2",
    "revenue": 1254400000,
    "costOfRevenue": 732100000,
    "grossProfit": 522300000,
    "grossProfitRatio": 0.4163743622,
    "researchAndDevelopmentExpenses": 0,
    "generalAndAdministrativeExpenses": 85900000,
    "sellingAndMarketingExpenses": 29100000,
    "sellingGeneralAndAdministrativeExpenses": 115000000,
    "otherExpenses": 89000000,
    "operatingExpenses": 204000000,
    "costAndExpenses": 936100000,
    "interestIncome": 1600000,
    "interestExpense": 23600000,
    "depreciationAndAmortization": 26200000,
    "ebitda": 392000000,
    "ebitdaratio": 0.3125,
    "operatingIncome": 318300000,
    "operatingIncomeRatio": 0.2537468112,
    "totalOtherIncomeExpensesNet": 23900000,
    "incomeBeforeTax": 342200000,
    "incomeBeforeTaxRatio": 0.2727997449,
    "incomeTaxExpense": 92600000,
    "netIncome": 239600000,
    "netIncomeRatio": 0.1910076531,
    "eps": 0.58,
    "epsdiluted": 0.58,
    "weightedAverageShsOut": 397500000,
    "weightedAverageShsOutDil": 397900000,
    "link": "https://www.sec.gov/Archives/edgar/data/914208/000091420817000424/0000914208-17-000424-index.htm",
    "finalLink": "https://www.sec.gov/Archives/edgar/data/914208/000091420817000424/ivz10q2q2017.htm"
  },
  {
    "date": "2017-03-31",
    "symbol": "IVZ",
    "reportedCurrency": "USD",
    "cik": "0000914208",
    "fillingDate": "2017-04-27",
    "acceptedDate": "2017-04-27 15:58:22",
    "calendarYear": "2017",
    "period": "Q1",
    "revenue": 1192600000,
    "costOfRevenue": 746800000,
    "grossProfit": 445800000,
    "grossProfitRatio": 0.3738051316,
    "researchAndDevelopmentExpenses": 0,
    "generalAndAdministrativeExpenses": 78000000,
    "sellingAndMarketingExpenses": 24400000,
    "sellingGeneralAndAdministrativeExpenses": 102400000,
    "otherExpenses": 85500000,
    "operatingExpenses": 187900000,
    "costAndExpenses": 934700000,
    "interestIncome": 2900000,
    "interestExpense": 24000000,
    "depreciationAndAmortization": 26300000,
    "ebitda": 340200000,
    "ebitdaratio": 0.2852590978,
    "operatingIncome": 258600000,
    "operatingIncomeRatio": 0.2168371625,
    "totalOtherIncomeExpensesNet": 31300000,
    "incomeBeforeTax": 289900000,
    "incomeBeforeTaxRatio": 0.2430823411,
    "incomeTaxExpense": 75700000,
    "netIncome": 212000000,
    "netIncomeRatio": 0.177762871,
    "eps": 0.52,
    "epsdiluted": 0.52,
    "weightedAverageShsOut": 395500000,
    "weightedAverageShsOutDil": 395800000,
    "link": "https://www.sec.gov/Archives/edgar/data/914208/000091420817000360/0000914208-17-000360-index.htm",
    "finalLink": "https://www.sec.gov/Archives/edgar/data/914208/000091420817000360/ivz10q1q2017.htm"
  },
  {
    "date": "2016-12-31",
    "symbol": "IVZ",
    "reportedCurrency": "USD",
    "cik": "0000914208",
    "fillingDate": "2017-02-23",
    "acceptedDate": "2017-02-23 12:11:17",
    "calendarYear": "2016",
    "period": "Q4",
    "revenue": 1194700000,
    "costOfRevenue": 688500000,
    "grossProfit": 506200000,
    "grossProfitRatio": 0.4237046957,
    "researchAndDevelopmentExpenses": 0,
    "generalAndAdministrativeExpenses": 91500000,
    "sellingAndMarketingExpenses": 35200000,
    "sellingGeneralAndAdministrativeExpenses": 126700000,
    "otherExpenses": 85300000,
    "operatingExpenses": 212000000,
    "costAndExpenses": 900500000,
    "interestIncome": 3500000,
    "interestExpense": 23500000,
    "depreciationAndAmortization": 25700000,
    "ebitda": 360200000,
    "ebitdaratio": 0.3014982841,
    "operatingIncome": 294200000,
    "operatingIncomeRatio": 0.2462542898,
    "totalOtherIncomeExpensesNet": 16800000,
    "incomeBeforeTax": 311000000,
    "incomeBeforeTaxRatio": 0.2603163974,
    "incomeTaxExpense": 92900000,
    "netIncome": 226500000,
    "netIncomeRatio": 0.1895873441,
    "eps": 0.55,
    "epsdiluted": 0.55,
    "weightedAverageShsOut": 408600000,
    "weightedAverageShsOutDil": 409000000,
    "link": "https://www.sec.gov/Archives/edgar/data/914208/000091420817000328/0000914208-17-000328-index.htm",
    "finalLink": "https://www.sec.gov/Archives/edgar/data/914208/000091420817000328/a201610-k.htm"
  },
  {
    "date": "2016-09-30",
    "symbol": "IVZ",
    "reportedCurrency": "USD",
    "cik": "0000914208",
    "fillingDate": "2016-10-27",
    "acceptedDate": "2016-10-27 14:21:09",
    "calendarYear": "2016",
    "period": "Q3",
    "revenue": 1201600000,
    "costOfRevenue": 707200000,
    "grossProfit": 494400000,
    "grossProfitRatio": 0.4114513981,
    "researchAndDevelopmentExpenses": 0,
    "generalAndAdministrativeExpenses": 83500000,
    "sellingAndMarketingExpenses": 26400000,
    "sellingGeneralAndAdministrativeExpenses": 109900000,
    "otherExpenses": 78200000,
    "operatingExpenses": 188100000,
    "costAndExpenses": 895300000,
    "interestIncome": 2600000,
    "interestExpense": 23900000,
    "depreciationAndAmortization": 25600000,
    "ebitda": 395200000,
    "ebitdaratio": 0.3288948069,
    "operatingIncome": 306300000,
    "operatingIncomeRatio": 0.2549101198,
    "totalOtherIncomeExpensesNet": 39400000,
    "incomeBeforeTax": 345700000,
    "incomeBeforeTaxRatio": 0.2876997337,
    "incomeTaxExpense": 89800000,
    "netIncome": 241200000,
    "netIncomeRatio": 0.2007323569,
    "eps": 0.58,
    "epsdiluted": 0.58,
    "weightedAverageShsOut": 400200000,
    "weightedAverageShsOutDil": 400500000,
    "link": "https://www.sec.gov/Archives/edgar/data/914208/000091420816001159/0000914208-16-001159-index.htm",
    "finalLink": "https://www.sec.gov/Archives/edgar/data/914208/000091420816001159/ivz10q3q2016.htm"
  },
  {
    "date": "2016-06-30",
    "symbol": "IVZ",
    "reportedCurrency": "USD",
    "cik": "0000914208",
    "fillingDate": "2016-07-28",
    "acceptedDate": "2016-07-28 15:34:08",
    "calendarYear": "2016",
    "period": "Q2",
    "revenue": 1189400000,
    "costOfRevenue": 698700000,
    "grossProfit": 490700000,
    "grossProfitRatio": 0.4125609551,
    "researchAndDevelopmentExpenses": 0,
    "generalAndAdministrativeExpenses": 78600000,
    "sellingAndMarketingExpenses": 28300000,
    "sellingGeneralAndAdministrativeExpenses": 106900000,
    "otherExpenses": 82300000,
    "operatingExpenses": 189200000,
    "costAndExpenses": 887900000,
    "interestIncome": 2500000,
    "interestExpense": 22100000,
    "depreciationAndAmortization": 25200000,
    "ebitda": 367500000,
    "ebitdaratio": 0.3089793173,
    "operatingIncome": 301500000,
    "operatingIncomeRatio": 0.2534891542,
    "totalOtherIncomeExpensesNet": 18700000,
    "incomeBeforeTax": 320200000,
    "incomeBeforeTaxRatio": 0.2692113671,
    "incomeTaxExpense": 83700000,
    "netIncome": 225500000,
    "netIncomeRatio": 0.1895913906,
    "eps": 0.54,
    "epsdiluted": 0.54,
    "weightedAverageShsOut": 418900493,
    "weightedAverageShsOutDil": 419100000,
    "link": "https://www.sec.gov/Archives/edgar/data/914208/000091420816001074/0000914208-16-001074-index.htm",
    "finalLink": "https://www.sec.gov/Archives/edgar/data/914208/000091420816001074/ivz10q2q2016.htm"
  },
  {
    "date": "2016-03-31",
    "symbol": "IVZ",
    "reportedCurrency": "USD",
    "cik": "0000914208",
    "fillingDate": "2016-04-28",
    "acceptedDate": "2016-04-28 13:23:07",
    "calendarYear": "2016",
    "period": "Q1",
    "revenue": 1148700000,
    "costOfRevenue": 691600000,
    "grossProfit": 457100000,
    "grossProfitRatio": 0.3979280926,
    "researchAndDevelopmentExpenses": 0,
    "generalAndAdministrativeExpenses": 77900000,
    "sellingAndMarketingExpenses": 24900000,
    "sellingGeneralAndAdministrativeExpenses": 102800000,
    "otherExpenses": 79900000,
    "operatingExpenses": 182700000,
    "costAndExpenses": 874300000,
    "interestIncome": 3200000,
    "interestExpense": 23900000,
    "depreciationAndAmortization": 24700000,
    "ebitda": 278300000,
    "ebitdaratio": 0.2422738748,
    "operatingIncome": 274400000,
    "operatingIncomeRatio": 0.2388787325,
    "totalOtherIncomeExpensesNet": -44700000,
    "incomeBeforeTax": 229700000,
    "incomeBeforeTaxRatio": 0.199965178,
    "incomeTaxExpense": 71900000,
    "netIncome": 161000000,
    "netIncomeRatio": 0.14015844,
    "eps": 0.38,
    "epsdiluted": 0.38,
    "weightedAverageShsOut": 419100000,
    "weightedAverageShsOutDil": 419100000,
    "link": "https://www.sec.gov/Archives/edgar/data/914208/000091420816000921/0000914208-16-000921-index.htm",
    "finalLink": "https://www.sec.gov/Archives/edgar/data/914208/000091420816000921/ivz10q1q2016.htm"
  },
  {
    "date": "2015-12-31",
    "symbol": "IVZ",
    "reportedCurrency": "USD",
    "cik": "0000914208",
    "fillingDate": "2016-02-19",
    "acceptedDate": "2016-02-19 11:33:01",
    "calendarYear": "2015",
    "period": "Q4",
    "revenue": 1239700000,
    "costOfRevenue": 725000000,
    "grossProfit": 514700000,
    "grossProfitRatio": 0.4151810922,
    "researchAndDevelopmentExpenses": 0,
    "generalAndAdministrativeExpenses": 95700000,
    "sellingAndMarketingExpenses": 34100000,
    "sellingGeneralAndAdministrativeExpenses": 129800000,
    "otherExpenses": 81300000,
    "operatingExpenses": 211100000,
    "costAndExpenses": 936100000,
    "interestIncome": 68500000,
    "interestExpense": 73600000,
    "depreciationAndAmortization": 25000000,
    "ebitda": 380300000,
    "ebitdaratio": 0.3067677664,
    "operatingIncome": 303600000,
    "operatingIncomeRatio": 0.2448979592,
    "totalOtherIncomeExpensesNet": -21900000,
    "incomeBeforeTax": 281700000,
    "incomeBeforeTaxRatio": 0.2272323949,
    "incomeTaxExpense": 86900000,
    "netIncome": 201900000,
    "netIncomeRatio": 0.1628619827,
    "eps": 0.48,
    "epsdiluted": 0.48,
    "weightedAverageShsOut": 422900390,
    "weightedAverageShsOutDil": 423200000,
    "link": "https://www.sec.gov/Archives/edgar/data/914208/000091420816000846/0000914208-16-000846-index.htm",
    "finalLink": "https://www.sec.gov/Archives/edgar/data/914208/000091420816000846/a201510-k.htm"
  },
  {
    "date": "2015-09-30",
    "symbol": "IVZ",
    "reportedCurrency": "USD",
    "cik": "0000914208",
    "fillingDate": "2015-10-29",
    "acceptedDate": "2015-10-29 16:17:03",
    "calendarYear": "2015",
    "period": "Q3",
    "revenue": 1273500000,
    "costOfRevenue": 729900000,
    "grossProfit": 543600000,
    "grossProfitRatio": 0.4268551237,
    "researchAndDevelopmentExpenses": 0,
    "generalAndAdministrativeExpenses": 87000000,
    "sellingAndMarketingExpenses": 24900000,
    "sellingGeneralAndAdministrativeExpenses": 111900000,
    "otherExpenses": 79000000,
    "operatingExpenses": 190900000,
    "costAndExpenses": 920800000,
    "interestIncome": 2400000,
    "interestExpense": 20400000,
    "depreciationAndAmortization": 22600000,
    "ebitda": 384700000,
    "ebitdaratio": 0.3020808795,
    "operatingIncome": 352700000,
    "operatingIncomeRatio": 0.2769532784,
    "totalOtherIncomeExpensesNet": -11000000,
    "incomeBeforeTax": 341700000,
    "incomeBeforeTaxRatio": 0.2683156655,
    "incomeTaxExpense": 100400000,
    "netIncome": 249300000,
    "netIncomeRatio": 0.1957597173,
    "eps": 0.58,
    "epsdiluted": 0.58,
    "weightedAverageShsOut": 418000000,
    "weightedAverageShsOutDil": 418300000,
    "link": "https://www.sec.gov/Archives/edgar/data/914208/000091420815000445/0000914208-15-000445-index.htm",
    "finalLink": "https://www.sec.gov/Archives/edgar/data/914208/000091420815000445/ivz10q3q2015.htm"
  },
  {
    "date": "2015-06-30",
    "symbol": "IVZ",
    "reportedCurrency": "USD",
    "cik": "0000914208",
    "fillingDate": "2015-07-30",
    "acceptedDate": "2015-07-30 14:05:37",
    "calendarYear": "2015",
    "period": "Q2",
    "revenue": 1318100000,
    "costOfRevenue": 760500000,
    "grossProfit": 557600000,
    "grossProfitRatio": 0.4230331538,
    "researchAndDevelopmentExpenses": 0,
    "generalAndAdministrativeExpenses": 89100000,
    "sellingAndMarketingExpenses": 29700000,
    "sellingGeneralAndAdministrativeExpenses": 118800000,
    "otherExpenses": 74800000,
    "operatingExpenses": 193600000,
    "costAndExpenses": 954100000,
    "interestIncome": 2600000,
    "interestExpense": 19600000,
    "depreciationAndAmortization": 23300000,
    "ebitda": 396300000,
    "ebitdaratio": 0.300660041,
    "operatingIncome": 364000000,
    "operatingIncomeRatio": 0.2761550717,
    "totalOtherIncomeExpensesNet": -10600000,
    "incomeBeforeTax": 353400000,
    "incomeBeforeTaxRatio": 0.2681131932,
    "incomeTaxExpense": 109400000,
    "netIncome": 257300000,
    "netIncomeRatio": 0.1952052196,
    "eps": 0.6,
    "epsdiluted": 0.6,
    "weightedAverageShsOut": 420900293,
    "weightedAverageShsOutDil": 421200000,
    "link": "https://www.sec.gov/Archives/edgar/data/914208/000091420815000385/0000914208-15-000385-index.htm",
    "finalLink": "https://www.sec.gov/Archives/edgar/data/914208/000091420815000385/ivz10q2q2015.htm"
  },
  {
    "date": "2015-03-31",
    "symbol": "IVZ",
    "reportedCurrency": "USD",
    "cik": "0000914208",
    "fillingDate": "2015-04-30",
    "acceptedDate": "2015-04-30 15:27:47",
    "calendarYear": "2015",
    "period": "Q1",
    "revenue": 1291600000,
    "costOfRevenue": 760000000,
    "grossProfit": 531600000,
    "grossProfitRatio": 0.4115825333,
    "researchAndDevelopmentExpenses": 0,
    "generalAndAdministrativeExpenses": 89900000,
    "sellingAndMarketingExpenses": 26700000,
    "sellingGeneralAndAdministrativeExpenses": 116600000,
    "otherExpenses": 76900000,
    "operatingExpenses": 193500000,
    "costAndExpenses": 953500000,
    "interestIncome": 2500000,
    "interestExpense": 18700000,
    "depreciationAndAmortization": 22700000,
    "ebitda": 426700000,
    "ebitdaratio": 0.3303654382,
    "operatingIncome": 338100000,
    "operatingIncomeRatio": 0.2617683493,
    "totalOtherIncomeExpensesNet": 47200000,
    "incomeBeforeTax": 385300000,
    "incomeBeforeTaxRatio": 0.298312171,
    "incomeTaxExpense": 101300000,
    "netIncome": 259600000,
    "netIncomeRatio": 0.2009910189,
    "eps": 0.6,
    "epsdiluted": 0.6,
    "weightedAverageShsOut": 420900000,
    "weightedAverageShsOutDil": 421200000,
    "link": "https://www.sec.gov/Archives/edgar/data/914208/000091420815000333/0000914208-15-000333-index.htm",
    "finalLink": "https://www.sec.gov/Archives/edgar/data/914208/000091420815000333/ivz10q1q2015.htm"
  },
  {
    "date": "2014-12-31",
    "symbol": "IVZ",
    "reportedCurrency": "USD",
    "cik": "0000914208",
    "fillingDate": "2015-02-20",
    "acceptedDate": "2015-02-20 12:00:39",
    "calendarYear": "2014",
    "period": "Q4",
    "revenue": 1276700000,
    "costOfRevenue": 740200000,
    "grossProfit": 536500000,
    "grossProfitRatio": 0.420224015,
    "researchAndDevelopmentExpenses": 0,
    "generalAndAdministrativeExpenses": 84400000,
    "sellingAndMarketingExpenses": 31900000,
    "sellingGeneralAndAdministrativeExpenses": 116300000,
    "otherExpenses": 72000000,
    "operatingExpenses": 188300000,
    "costAndExpenses": 928500000,
    "interestIncome": 61300000,
    "interestExpense": 53900000,
    "depreciationAndAmortization": 22000000,
    "ebitda": 402500000,
    "ebitdaratio": 0.3152659199,
    "operatingIncome": 348200000,
    "operatingIncomeRatio": 0.2727343934,
    "totalOtherIncomeExpensesNet": -21600000,
    "incomeBeforeTax": 326600000,
    "incomeBeforeTaxRatio": 0.255815775,
    "incomeTaxExpense": 99700000,
    "netIncome": 269800000,
    "netIncomeRatio": 0.211326075,
    "eps": 0.62,
    "epsdiluted": 0.62,
    "weightedAverageShsOut": 433200000,
    "weightedAverageShsOutDil": 433600000,
    "link": "https://www.sec.gov/Archives/edgar/data/914208/000091420815000293/0000914208-15-000293-index.htm",
    "finalLink": "https://www.sec.gov/Archives/edgar/data/914208/000091420815000293/a201410-kxbrl.htm"
  },
  {
    "date": "2014-09-30",
    "symbol": "IVZ",
    "reportedCurrency": "USD",
    "cik": "0000914208",
    "fillingDate": "2014-10-30",
    "acceptedDate": "2014-10-30 13:39:03",
    "calendarYear": "2014",
    "period": "Q3",
    "revenue": 1311000000,
    "costOfRevenue": 764000000,
    "grossProfit": 547000000,
    "grossProfitRatio": 0.417238749,
    "researchAndDevelopmentExpenses": 0,
    "generalAndAdministrativeExpenses": 114400000,
    "sellingAndMarketingExpenses": 26600000,
    "sellingGeneralAndAdministrativeExpenses": 141000000,
    "otherExpenses": 76400000,
    "operatingExpenses": 217400000,
    "costAndExpenses": 981400000,
    "interestIncome": 56000000,
    "interestExpense": 55600000,
    "depreciationAndAmortization": 21600000,
    "ebitda": 424300000,
    "ebitdaratio": 0.3236460717,
    "operatingIncome": 329600000,
    "operatingIncomeRatio": 0.2514111365,
    "totalOtherIncomeExpensesNet": 17500000,
    "incomeBeforeTax": 347100000,
    "incomeBeforeTaxRatio": 0.2647597254,
    "incomeTaxExpense": 94900000,
    "netIncome": 256000000,
    "netIncomeRatio": 0.1952707857,
    "eps": 0.59,
    "epsdiluted": 0.59,
    "weightedAverageShsOut": 423100000,
    "weightedAverageShsOutDil": 423100000,
    "link": "https://www.sec.gov/Archives/edgar/data/914208/000091420814000403/0000914208-14-000403-index.htm",
    "finalLink": "https://www.sec.gov/Archives/edgar/data/914208/000091420814000403/ivz10q3q2014.htm"
  },
  {
    "date": "2014-06-30",
    "symbol": "IVZ",
    "reportedCurrency": "USD",
    "cik": "0000914208",
    "fillingDate": "2014-07-31",
    "acceptedDate": "2014-07-31 08:48:44",
    "calendarYear": "2014",
    "period": "Q2",
    "revenue": 1289900000,
    "costOfRevenue": 753500000,
    "grossProfit": 536400000,
    "grossProfitRatio": 0.4158461896,
    "researchAndDevelopmentExpenses": 0,
    "generalAndAdministrativeExpenses": 76100000,
    "sellingAndMarketingExpenses": 30200000,
    "sellingGeneralAndAdministrativeExpenses": 106300000,
    "otherExpenses": 75300000,
    "operatingExpenses": 181600000,
    "costAndExpenses": 935100000,
    "interestIncome": 51100000,
    "interestExpense": 48500000,
    "depreciationAndAmortization": 22400000,
    "ebitda": 494500000,
    "ebitdaratio": 0.3833630514,
    "operatingIncome": 354800000,
    "operatingIncomeRatio": 0.2750600822,
    "totalOtherIncomeExpensesNet": 68800000,
    "incomeBeforeTax": 423600000,
    "incomeBeforeTaxRatio": 0.3283975502,
    "incomeTaxExpense": 107000000,
    "netIncome": 274500000,
    "netIncomeRatio": 0.2128071944,
    "eps": 0.63,
    "epsdiluted": 0.63,
    "weightedAverageShsOut": 423700540,
    "weightedAverageShsOutDil": 424400000,
    "link": "https://www.sec.gov/Archives/edgar/data/914208/000091420814000359/0000914208-14-000359-index.htm",
    "finalLink": "https://www.sec.gov/Archives/edgar/data/914208/000091420814000359/ivz10q2q2014.htm"
  },
  {
    "date": "2014-03-31",
    "symbol": "IVZ",
    "reportedCurrency": "USD",
    "cik": "0000914208",
    "fillingDate": "2014-05-01",
    "acceptedDate": "2014-05-01 15:50:27",
    "calendarYear": "2014",
    "period": "Q1",
    "revenue": 1269500000,
    "costOfRevenue": 767500000,
    "grossProfit": 502000000,
    "grossProfitRatio": 0.3954312722,
    "researchAndDevelopmentExpenses": 0,
    "generalAndAdministrativeExpenses": 121600000,
    "sellingAndMarketingExpenses": 23400000,
    "sellingGeneralAndAdministrativeExpenses": 145000000,
    "otherExpenses": 112700000,
    "operatingExpenses": 257700000,
    "costAndExpenses": 1025200000,
    "interestIncome": 51200000,
    "interestExpense": 49000000,
    "depreciationAndAmortization": 23400000,
    "ebitda": 370200000,
    "ebitdaratio": 0.2916108704,
    "operatingIncome": 244300000,
    "operatingIncomeRatio": 0.1924379677,
    "totalOtherIncomeExpensesNet": 53500000,
    "incomeBeforeTax": 297800000,
    "incomeBeforeTaxRatio": 0.2345805435,
    "incomeTaxExpense": 89000000,
    "netIncome": 187800000,
    "netIncomeRatio": 0.1479322568,
    "eps": 0.43,
    "epsdiluted": 0.43,
    "weightedAverageShsOut": 424100000,
    "weightedAverageShsOutDil": 424100000,
    "link": "https://www.sec.gov/Archives/edgar/data/914208/000091420814000316/0000914208-14-000316-index.htm",
    "finalLink": "https://www.sec.gov/Archives/edgar/data/914208/000091420814000316/ivz10q1q2014amended.htm"
  },
  {
    "date": "2013-12-31",
    "symbol": "IVZ",
    "reportedCurrency": "USD",
    "cik": "0000914208",
    "fillingDate": "2014-02-21",
    "acceptedDate": "2014-02-21 11:52:12",
    "calendarYear": "2013",
    "period": "Q4",
    "revenue": 1225100000,
    "costOfRevenue": 729600000,
    "grossProfit": 495500000,
    "grossProfitRatio": 0.404456779,
    "researchAndDevelopmentExpenses": 0,
    "generalAndAdministrativeExpenses": 86400000,
    "sellingAndMarketingExpenses": 30000000,
    "sellingGeneralAndAdministrativeExpenses": 116400000,
    "otherExpenses": 85800000,
    "operatingExpenses": 202200000,
    "costAndExpenses": 931800000,
    "interestIncome": 45700000,
    "interestExpense": 41700000,
    "depreciationAndAmortization": 22400000,
    "ebitda": 402700000,
    "ebitdaratio": 0.3287078606,
    "operatingIncome": 293300000,
    "operatingIncomeRatio": 0.2394090278,
    "totalOtherIncomeExpensesNet": 45300000,
    "incomeBeforeTax": 338600000,
    "incomeBeforeTaxRatio": 0.2763856012,
    "incomeTaxExpense": 74200000,
    "netIncome": 287400000,
    "netIncomeRatio": 0.2345930944,
    "eps": 0.65,
    "epsdiluted": 0.64,
    "weightedAverageShsOut": 385510204,
    "weightedAverageShsOutDil": 385510204,
    "link": "https://www.sec.gov/Archives/edgar/data/914208/000091420814000271/0000914208-14-000271-index.htm",
    "finalLink": "https://www.sec.gov/Archives/edgar/data/914208/000091420814000271/a201310-k.htm"
  },
  {
    "date": "2013-09-30",
    "symbol": "IVZ",
    "reportedCurrency": "USD",
    "cik": "0000914208",
    "fillingDate": "2013-11-06",
    "acceptedDate": "2013-11-06 07:12:18",
    "calendarYear": "2013",
    "period": "Q3",
    "revenue": 1171800000,
    "costOfRevenue": 711200000,
    "grossProfit": 460600000,
    "grossProfitRatio": 0.3930704898,
    "researchAndDevelopmentExpenses": 0,
    "generalAndAdministrativeExpenses": 80100000,
    "sellingAndMarketingExpenses": 22600000,
    "sellingGeneralAndAdministrativeExpenses": 102700000,
    "otherExpenses": 71900000,
    "operatingExpenses": 174600000,
    "costAndExpenses": 885800000,
    "interestIncome": 49000000,
    "interestExpense": 43200000,
    "depreciationAndAmortization": 21800000,
    "ebitda": 408000000,
    "ebitdaratio": 0.3481822837,
    "operatingIncome": 286000000,
    "operatingIncomeRatio": 0.2440689537,
    "totalOtherIncomeExpensesNet": 57000000,
    "incomeBeforeTax": 343000000,
    "incomeBeforeTaxRatio": 0.2927120669,
    "incomeTaxExpense": 92900000,
    "netIncome": 228100000,
    "netIncomeRatio": 0.1946577914,
    "eps": 0.51,
    "epsdiluted": 0.51,
    "weightedAverageShsOut": 448800000,
    "weightedAverageShsOutDil": 448800000,
    "link": "https://www.sec.gov/Archives/edgar/data/914208/000091420813000520/0000914208-13-000520-index.htm",
    "finalLink": "https://www.sec.gov/Archives/edgar/data/914208/000091420813000520/ivz10q3q2013.htm"
  },
  {
    "date": "2013-06-30",
    "symbol": "IVZ",
    "reportedCurrency": "USD",
    "cik": "0000914208",
    "fillingDate": "2013-07-31",
    "acceptedDate": "2013-07-31 11:59:44",
    "calendarYear": "2013",
    "period": "Q2",
    "revenue": 1135500000,
    "costOfRevenue": 690100000,
    "grossProfit": 445400000,
    "grossProfitRatio": 0.3922501101,
    "researchAndDevelopmentExpenses": 0,
    "generalAndAdministrativeExpenses": 77300000,
    "sellingAndMarketingExpenses": 23800000,
    "sellingGeneralAndAdministrativeExpenses": 101100000,
    "otherExpenses": 70400000,
    "operatingExpenses": 171500000,
    "costAndExpenses": 861600000,
    "interestIncome": 52800000,
    "interestExpense": 40600000,
    "depreciationAndAmortization": 21900000,
    "ebitda": 354300000,
    "ebitdaratio": 0.3120211361,
    "operatingIncome": 273900000,
    "operatingIncomeRatio": 0.2412153236,
    "totalOtherIncomeExpensesNet": 17900000,
    "incomeBeforeTax": 291800000,
    "incomeBeforeTaxRatio": 0.2569793043,
    "incomeTaxExpense": 83500000,
    "netIncome": 202600000,
    "netIncomeRatio": 0.1784236019,
    "eps": 0.45,
    "epsdiluted": 0.45,
    "weightedAverageShsOut": 449100000,
    "weightedAverageShsOutDil": 450100000,
    "link": "https://www.sec.gov/Archives/edgar/data/914208/000091420813000432/0000914208-13-000432-index.htm",
    "finalLink": "https://www.sec.gov/Archives/edgar/data/914208/000091420813000432/ivz10q2q2013.htm"
  },
  {
    "date": "2013-03-31",
    "symbol": "IVZ",
    "reportedCurrency": "USD",
    "cik": "0000914208",
    "fillingDate": "2013-04-30",
    "acceptedDate": "2013-04-30 14:36:41",
    "calendarYear": "2013",
    "period": "Q1",
    "revenue": 1112200000,
    "costOfRevenue": 687600000,
    "grossProfit": 424600000,
    "grossProfitRatio": 0.3817658694,
    "researchAndDevelopmentExpenses": 0,
    "generalAndAdministrativeExpenses": 67500000,
    "sellingAndMarketingExpenses": 22200000,
    "sellingGeneralAndAdministrativeExpenses": 89700000,
    "otherExpenses": 67900000,
    "operatingExpenses": 157600000,
    "costAndExpenses": 845200000,
    "interestIncome": 52500000,
    "interestExpense": 42400000,
    "depreciationAndAmortization": 22300000,
    "ebitda": 346500000,
    "ebitdaratio": 0.3115446862,
    "operatingIncome": 267000000,
    "operatingIncomeRatio": 0.2400647366,
    "totalOtherIncomeExpensesNet": 21200000,
    "incomeBeforeTax": 288200000,
    "incomeBeforeTaxRatio": 0.2591260565,
    "incomeTaxExpense": 86300000,
    "netIncome": 222200000,
    "netIncomeRatio": 0.1997842115,
    "eps": 0.5,
    "epsdiluted": 0.49,
    "weightedAverageShsOut": 447800725,
    "weightedAverageShsOutDil": 449000000,
    "link": "https://www.sec.gov/Archives/edgar/data/914208/000091420813000352/0000914208-13-000352-index.htm",
    "finalLink": "https://www.sec.gov/Archives/edgar/data/914208/000091420813000352/ivz10q1q2013.htm"
  },
  {
    "date": "2012-12-31",
    "symbol": "IVZ",
    "reportedCurrency": "USD",
    "cik": "0000914208",
    "fillingDate": "2013-02-22",
    "acceptedDate": "2013-02-22 13:22:43",
    "calendarYear": "2012",
    "period": "Q4",
    "revenue": 1092900000,
    "costOfRevenue": 2609500000,
    "grossProfit": -1516600000,
    "grossProfitRatio": -1.3876841431,
    "researchAndDevelopmentExpenses": 0,
    "generalAndAdministrativeExpenses": -2048500000,
    "sellingAndMarketingExpenses": 23300000,
    "sellingGeneralAndAdministrativeExpenses": -2025200000,
    "otherExpenses": 285800000,
    "operatingExpenses": -1739400000,
    "costAndExpenses": 870100000,
    "interestIncome": 54800000,
    "interestExpense": 46600000,
    "depreciationAndAmortization": 22500000,
    "ebitda": 259200000,
    "ebitdaratio": 0.2371671699,
    "operatingIncome": 222800000,
    "operatingIncomeRatio": 0.2038612865,
    "totalOtherIncomeExpensesNet": -32700000,
    "incomeBeforeTax": 190100000,
    "incomeBeforeTaxRatio": 0.1739408912,
    "incomeTaxExpense": 62100000,
    "netIncome": 158700000,
    "netIncomeRatio": 0.1452099918,
    "eps": 0.35,
    "epsdiluted": 0.35,
    "weightedAverageShsOut": 447800000,
    "weightedAverageShsOutDil": 447800000,
    "link": "https://www.sec.gov/Archives/edgar/data/914208/000091420813000308/0000914208-13-000308-index.htm",
    "finalLink": "https://www.sec.gov/Archives/edgar/data/914208/000091420813000308/a201210-k.htm"
  },
  {
    "date": "2012-09-30",
    "symbol": "IVZ",
    "reportedCurrency": "USD",
    "cik": "0000914208",
    "fillingDate": "2012-11-02",
    "acceptedDate": "2012-11-02 08:30:44",
    "calendarYear": "2012",
    "period": "Q3",
    "revenue": 1013900000,
    "costOfRevenue": 641400000,
    "grossProfit": 372500000,
    "grossProfitRatio": 0.367393234,
    "researchAndDevelopmentExpenses": 0,
    "generalAndAdministrativeExpenses": 66200000,
    "sellingAndMarketingExpenses": 26400000,
    "sellingGeneralAndAdministrativeExpenses": 92500000,
    "otherExpenses": 69100000,
    "operatingExpenses": 161600000,
    "costAndExpenses": 803000000,
    "interestIncome": 71200000,
    "interestExpense": 54500000,
    "depreciationAndAmortization": 21600000,
    "ebitda": 302100000,
    "ebitdaratio": 0.2979583785,
    "operatingIncome": 216000000,
    "operatingIncomeRatio": 0.2130387612,
    "totalOtherIncomeExpensesNet": 10000000,
    "incomeBeforeTax": 226000000,
    "incomeBeforeTaxRatio": 0.2229016668,
    "incomeTaxExpense": 74200000,
    "netIncome": 170600000,
    "netIncomeRatio": 0.1682611697,
    "eps": 0.38,
    "epsdiluted": 0.38,
    "weightedAverageShsOut": 451300000,
    "weightedAverageShsOutDil": 452800000,
    "link": "https://www.sec.gov/Archives/edgar/data/914208/000091420812000541/0000914208-12-000541-index.htm",
    "finalLink": "https://www.sec.gov/Archives/edgar/data/914208/000091420812000541/ivz10q3q2012amended.htm"
  },
  {
    "date": "2012-06-30",
    "symbol": "IVZ",
    "reportedCurrency": "USD",
    "cik": "0000914208",
    "fillingDate": "2012-10-31",
    "acceptedDate": "2012-10-30 18:41:59",
    "calendarYear": "2012",
    "period": "Q2",
    "revenue": 1009000000,
    "costOfRevenue": 603900000,
    "grossProfit": 377900000,
    "grossProfitRatio": 0.3745292369,
    "researchAndDevelopmentExpenses": 0,
    "generalAndAdministrativeExpenses": 85300000,
    "sellingAndMarketingExpenses": 26600000,
    "sellingGeneralAndAdministrativeExpenses": 111700000,
    "otherExpenses": 66400000,
    "operatingExpenses": 178100000,
    "costAndExpenses": 782000000,
    "interestIncome": 70900000,
    "interestExpense": 60300000,
    "depreciationAndAmortization": 26600000,
    "ebitda": 373700000,
    "ebitdaratio": 0.3703666997,
    "operatingIncome": 202900000,
    "operatingIncomeRatio": 0.2010901883,
    "totalOtherIncomeExpensesNet": 83900000,
    "incomeBeforeTax": 286800000,
    "incomeBeforeTaxRatio": 0.2842418236,
    "incomeTaxExpense": 62300000,
    "netIncome": 153900000,
    "netIncomeRatio": 0.1525272547,
    "eps": 0.34,
    "epsdiluted": 0.34,
    "weightedAverageShsOut": 455300000,
    "weightedAverageShsOutDil": 455300000,
    "link": "https://www.sec.gov/Archives/edgar/data/914208/000091420812000533/0000914208-12-000533-index.htm",
    "finalLink": "https://www.sec.gov/Archives/edgar/data/914208/000091420812000533/ivz10q2q2012amended.htm"
  },
  {
    "date": "2012-03-31",
    "symbol": "IVZ",
    "reportedCurrency": "USD",
    "cik": "0000914208",
    "fillingDate": "2012-05-02",
    "acceptedDate": "2012-05-02 14:10:29",
    "calendarYear": "2012",
    "period": "Q1",
    "revenue": 1033700000,
    "costOfRevenue": 635600000,
    "grossProfit": 398100000,
    "grossProfitRatio": 0.3851214085,
    "researchAndDevelopmentExpenses": 0,
    "generalAndAdministrativeExpenses": 73300000,
    "sellingAndMarketingExpenses": 26700000,
    "sellingGeneralAndAdministrativeExpenses": 100000000,
    "otherExpenses": 68300000,
    "operatingExpenses": 168300000,
    "costAndExpenses": 803900000,
    "interestIncome": 71400000,
    "interestExpense": 59200000,
    "depreciationAndAmortization": 24300000,
    "ebitda": 231900000,
    "ebitdaratio": 0.2243397504,
    "operatingIncome": 229800000,
    "operatingIncomeRatio": 0.2223082132,
    "totalOtherIncomeExpensesNet": -81400000,
    "incomeBeforeTax": 148400000,
    "incomeBeforeTaxRatio": 0.1435619619,
    "incomeTaxExpense": 73600000,
    "netIncome": 193900000,
    "netIncomeRatio": 0.1875786011,
    "eps": 0.43,
    "epsdiluted": 0.43,
    "weightedAverageShsOut": 454300000,
    "weightedAverageShsOutDil": 455900000,
    "link": "https://www.sec.gov/Archives/edgar/data/914208/000091420812000375/0000914208-12-000375-index.htm",
    "finalLink": "https://www.sec.gov/Archives/edgar/data/914208/000091420812000375/ivz10q1q2012.htm"
  },
  {
    "date": "2011-12-31",
    "symbol": "IVZ",
    "reportedCurrency": "USD",
    "cik": "0000914208",
    "fillingDate": "2012-10-30",
    "acceptedDate": "2012-10-30 16:42:56",
    "calendarYear": "2011",
    "period": "Q4",
    "revenue": 997100000,
    "costOfRevenue": 0,
    "grossProfit": 997100000,
    "grossProfitRatio": 1,
    "researchAndDevelopmentExpenses": 0,
    "generalAndAdministrativeExpenses": 764400000,
    "sellingAndMarketingExpenses": 21100000,
    "sellingGeneralAndAdministrativeExpenses": 785500000,
    "otherExpenses": 0,
    "operatingExpenses": 785500000,
    "costAndExpenses": 785500000,
    "interestIncome": 76300000,
    "interestExpense": 66100000,
    "depreciationAndAmortization": 22100000,
    "ebitda": 474100000,
    "ebitdaratio": 0.4754788888,
    "operatingIncome": 211600000,
    "operatingIncomeRatio": 0.2122154247,
    "totalOtherIncomeExpensesNet": 174300000,
    "incomeBeforeTax": 385900000,
    "incomeBeforeTaxRatio": 0.3870223649,
    "incomeTaxExpense": 76000000,
    "netIncome": 202300000,
    "netIncomeRatio": 0.2028883763,
    "eps": 0.45,
    "epsdiluted": 0.45,
    "weightedAverageShsOut": 454300000,
    "weightedAverageShsOutDil": 454300000,
    "link": "https://www.sec.gov/Archives/edgar/data/914208/000091420812000528/0000914208-12-000528-index.htm",
    "finalLink": "https://www.sec.gov/Archives/edgar/data/914208/000091420812000528/a201110-kamended.htm"
  },
  {
    "date": "2011-09-30",
    "symbol": "IVZ",
    "reportedCurrency": "USD",
    "cik": "0000914208",
    "fillingDate": "2011-10-28",
    "acceptedDate": "2011-10-28 11:53:07",
    "calendarYear": "2011",
    "period": "Q3",
    "revenue": 997800000,
    "costOfRevenue": 0,
    "grossProfit": 997800000,
    "grossProfitRatio": 1,
    "researchAndDevelopmentExpenses": 0,
    "generalAndAdministrativeExpenses": 756900000,
    "sellingAndMarketingExpenses": 13100000,
    "sellingGeneralAndAdministrativeExpenses": 770000000,
    "otherExpenses": 0,
    "operatingExpenses": 770000000,
    "costAndExpenses": 770000000,
    "interestIncome": 83400000,
    "interestExpense": 64000000,
    "depreciationAndAmortization": 35300000,
    "ebitda": 241800000,
    "ebitdaratio": 0.2423331329,
    "operatingIncome": 227800000,
    "operatingIncomeRatio": 0.228302265,
    "totalOtherIncomeExpensesNet": -85300000,
    "incomeBeforeTax": 142500000,
    "incomeBeforeTaxRatio": 0.1428141912,
    "incomeTaxExpense": 59100000,
    "netIncome": 166900000,
    "netIncomeRatio": 0.1672679896,
    "eps": 0.36,
    "epsdiluted": 0.36,
    "weightedAverageShsOut": 459500000,
    "weightedAverageShsOutDil": 461000000,
    "link": "https://www.sec.gov/Archives/edgar/data/914208/000091420811000478/0000914208-11-000478-index.htm",
    "finalLink": "https://www.sec.gov/Archives/edgar/data/914208/000091420811000478/ivz10q3q2011.htm"
  },
  {
    "date": "2011-06-30",
    "symbol": "IVZ",
    "reportedCurrency": "USD",
    "cik": "0000914208",
    "fillingDate": "2011-07-29",
    "acceptedDate": "2011-07-29 13:39:35",
    "calendarYear": "2011",
    "period": "Q2",
    "revenue": 1070000000,
    "costOfRevenue": 0,
    "grossProfit": 1070000000,
    "grossProfitRatio": 1,
    "researchAndDevelopmentExpenses": 0,
    "generalAndAdministrativeExpenses": 810900000,
    "sellingAndMarketingExpenses": 26100000,
    "sellingGeneralAndAdministrativeExpenses": 837000000,
    "otherExpenses": 0,
    "operatingExpenses": 837000000,
    "costAndExpenses": 837000000,
    "interestIncome": 82200000,
    "interestExpense": 62500000,
    "depreciationAndAmortization": 32100000,
    "ebitda": 299400000,
    "ebitdaratio": 0.2798130841,
    "operatingIncome": 233000000,
    "operatingIncomeRatio": 0.2177570093,
    "totalOtherIncomeExpensesNet": -28200000,
    "incomeBeforeTax": 204800000,
    "incomeBeforeTaxRatio": 0.1914018692,
    "incomeTaxExpense": 75400000,
    "netIncome": 183000000,
    "netIncomeRatio": 0.1710280374,
    "eps": 0.39,
    "epsdiluted": 0.39,
    "weightedAverageShsOut": 465500000,
    "weightedAverageShsOutDil": 467400000,
    "link": "https://www.sec.gov/Archives/edgar/data/914208/000095012311070193/0000950123-11-070193-index.htm",
    "finalLink": "https://www.sec.gov/Archives/edgar/data/914208/000095012311070193/g27779e10vq.htm"
  },
  {
    "date": "2011-03-31",
    "symbol": "IVZ",
    "reportedCurrency": "USD",
    "cik": "0000914208",
    "fillingDate": "2011-04-29",
    "acceptedDate": "2011-04-29 10:39:25",
    "calendarYear": "2011",
    "period": "Q1",
    "revenue": 1027300000,
    "costOfRevenue": 0,
    "grossProfit": 1027300000,
    "grossProfitRatio": 1,
    "researchAndDevelopmentExpenses": 0,
    "generalAndAdministrativeExpenses": 775900000,
    "sellingAndMarketingExpenses": 53200000,
    "sellingGeneralAndAdministrativeExpenses": 801600000,
    "otherExpenses": 0,
    "operatingExpenses": 801600000,
    "costAndExpenses": 801600000,
    "interestIncome": 76300000,
    "interestExpense": 56200000,
    "depreciationAndAmortization": 27900000,
    "ebitda": 259000000,
    "ebitdaratio": 0.2521172004,
    "operatingIncome": 225700000,
    "operatingIncomeRatio": 0.2197021318,
    "totalOtherIncomeExpensesNet": -50800000,
    "incomeBeforeTax": 174900000,
    "incomeBeforeTaxRatio": 0.1702521172,
    "incomeTaxExpense": 75600000,
    "netIncome": 177500000,
    "netIncomeRatio": 0.1727830235,
    "eps": 0.38,
    "epsdiluted": 0.38,
    "weightedAverageShsOut": 469900000,
    "weightedAverageShsOutDil": 472100000,
    "link": "https://www.sec.gov/Archives/edgar/data/914208/000095012311041513/0000950123-11-041513-index.htm",
    "finalLink": "https://www.sec.gov/Archives/edgar/data/914208/000095012311041513/g26987e10vq.htm"
  },
  {
    "date": "2010-12-31",
    "symbol": "IVZ",
    "reportedCurrency": "USD",
    "cik": "0000914208",
    "fillingDate": "2011-02-25",
    "acceptedDate": "2011-02-25 16:03:08",
    "calendarYear": "2010",
    "period": "Q4",
    "revenue": 1028500000,
    "costOfRevenue": 0,
    "grossProfit": 1028500000,
    "grossProfitRatio": 1,
    "researchAndDevelopmentExpenses": 0,
    "generalAndAdministrativeExpenses": 778500000,
    "sellingAndMarketingExpenses": 51300000,
    "sellingGeneralAndAdministrativeExpenses": 829800000,
    "otherExpenses": 0,
    "operatingExpenses": 829800000,
    "costAndExpenses": 829800000,
    "interestIncome": 68600000,
    "interestExpense": 52600000,
    "depreciationAndAmortization": 31300000,
    "ebitda": 296300000,
    "ebitdaratio": 0.2880894507,
    "operatingIncome": 198700000,
    "operatingIncomeRatio": 0.1931939718,
    "totalOtherIncomeExpensesNet": 13700000,
    "incomeBeforeTax": 212400000,
    "incomeBeforeTaxRatio": 0.2065143413,
    "incomeTaxExpense": 55700000,
    "netIncome": 175200000,
    "netIncomeRatio": 0.1703451629,
    "eps": 0.37,
    "epsdiluted": 0.37,
    "weightedAverageShsOut": 469900000,
    "weightedAverageShsOutDil": 469900000,
    "link": "https://www.sec.gov/Archives/edgar/data/914208/000095012311018684/0000950123-11-018684-index.htm",
    "finalLink": "https://www.sec.gov/Archives/edgar/data/914208/000095012311018684/g26096e10vk.htm"
  },
  {
    "date": "2010-09-30",
    "symbol": "IVZ",
    "reportedCurrency": "USD",
    "cik": "0000914208",
    "fillingDate": "2010-11-02",
    "acceptedDate": "2010-11-02 15:03:19",
    "calendarYear": "2010",
    "period": "Q3",
    "revenue": 953100000,
    "costOfRevenue": 0,
    "grossProfit": 953100000,
    "grossProfitRatio": 1,
    "researchAndDevelopmentExpenses": 0,
    "generalAndAdministrativeExpenses": 750600000,
    "sellingAndMarketingExpenses": 44800000,
    "sellingGeneralAndAdministrativeExpenses": 770200000,
    "otherExpenses": 0,
    "operatingExpenses": 770200000,
    "costAndExpenses": 770200000,
    "interestIncome": 73700000,
    "interestExpense": 51700000,
    "depreciationAndAmortization": 26300000,
    "ebitda": 159900000,
    "ebitdaratio": 0.1677683349,
    "operatingIncome": 182900000,
    "operatingIncomeRatio": 0.1919001154,
    "totalOtherIncomeExpensesNet": -101000000,
    "incomeBeforeTax": 81900000,
    "incomeBeforeTaxRatio": 0.0859301228,
    "incomeTaxExpense": 54500000,
    "netIncome": 154700000,
    "netIncomeRatio": 0.1623124541,
    "eps": 0.32,
    "epsdiluted": 0.32,
    "weightedAverageShsOut": 476600000,
    "weightedAverageShsOutDil": 479100000,
    "link": "https://www.sec.gov/Archives/edgar/data/914208/000095012310099389/0000950123-10-099389-index.htm",
    "finalLink": "https://www.sec.gov/Archives/edgar/data/914208/000095012310099389/g25020e10vq.htm"
  },
  {
    "date": "2010-06-30",
    "symbol": "IVZ",
    "reportedCurrency": "USD",
    "cik": "0000914208",
    "fillingDate": "2010-08-02",
    "acceptedDate": "2010-08-02 17:23:19",
    "calendarYear": "2010",
    "period": "Q2",
    "revenue": 787000000,
    "costOfRevenue": 0,
    "grossProfit": 787000000,
    "grossProfitRatio": 1,
    "researchAndDevelopmentExpenses": 0,
    "generalAndAdministrativeExpenses": 698000000,
    "sellingAndMarketingExpenses": 35200000,
    "sellingGeneralAndAdministrativeExpenses": 715600000,
    "otherExpenses": 0,
    "operatingExpenses": 715600000,
    "costAndExpenses": 715600000,
    "interestIncome": 54900000,
    "interestExpense": 39700000,
    "depreciationAndAmortization": 20800000,
    "ebitda": 335400000,
    "ebitdaratio": 0.4261753494,
    "operatingIncome": 71400000,
    "operatingIncomeRatio": 0.0907242694,
    "totalOtherIncomeExpensesNet": 203500000,
    "incomeBeforeTax": 274900000,
    "incomeBeforeTaxRatio": 0.3493011436,
    "incomeTaxExpense": 36700000,
    "netIncome": 40800000,
    "netIncomeRatio": 0.0518424396,
    "eps": 0.09,
    "epsdiluted": 0.09,
    "weightedAverageShsOut": 455000000,
    "weightedAverageShsOutDil": 457800000,
    "link": "https://www.sec.gov/Archives/edgar/data/914208/000095012310071253/0000950123-10-071253-index.htm",
    "finalLink": "https://www.sec.gov/Archives/edgar/data/914208/000095012310071253/g24022e10vq.htm"
  },
  {
    "date": "2010-03-31",
    "symbol": "IVZ",
    "reportedCurrency": "USD",
    "cik": "0000914208",
    "fillingDate": "2010-05-04",
    "acceptedDate": "2010-05-04 14:38:32",
    "calendarYear": "2010",
    "period": "Q1",
    "revenue": 719100000,
    "costOfRevenue": 0,
    "grossProfit": 719100000,
    "grossProfitRatio": 1,
    "researchAndDevelopmentExpenses": 0,
    "generalAndAdministrativeExpenses": 553900000,
    "sellingAndMarketingExpenses": 28300000,
    "sellingGeneralAndAdministrativeExpenses": 582200000,
    "otherExpenses": 0,
    "operatingExpenses": 582200000,
    "costAndExpenses": 582200000,
    "interestIncome": 54100000,
    "interestExpense": 12400000,
    "depreciationAndAmortization": 18300000,
    "ebitda": 316100000,
    "ebitdaratio": 0.4395772493,
    "operatingIncome": 136900000,
    "operatingIncomeRatio": 0.19037686,
    "totalOtherIncomeExpensesNet": 127700000,
    "incomeBeforeTax": 264600000,
    "incomeBeforeTaxRatio": 0.3679599499,
    "incomeTaxExpense": 50100000,
    "netIncome": 95000000,
    "netIncomeRatio": 0.1321095814,
    "eps": 0.22,
    "epsdiluted": 0.21,
    "weightedAverageShsOut": 439000000,
    "weightedAverageShsOutDil": 442400000,
    "link": "https://www.sec.gov/Archives/edgar/data/914208/000095012310043401/0000950123-10-043401-index.htm",
    "finalLink": "https://www.sec.gov/Archives/edgar/data/914208/000095012310043401/g22628e10vq.htm"
  },
  {
    "date": "2009-12-31",
    "symbol": "IVZ",
    "reportedCurrency": "USD",
    "cik": "0000914208",
    "fillingDate": "2010-02-26",
    "acceptedDate": "2010-02-26 14:16:44",
    "calendarYear": "2009",
    "period": "Q4",
    "revenue": 747800000,
    "costOfRevenue": 0,
    "grossProfit": 747800000,
    "grossProfitRatio": 1,
    "researchAndDevelopmentExpenses": 0,
    "generalAndAdministrativeExpenses": 556900000,
    "sellingAndMarketingExpenses": 30400000,
    "sellingGeneralAndAdministrativeExpenses": 587300000,
    "otherExpenses": 0,
    "operatingExpenses": 587300000,
    "costAndExpenses": 587300000,
    "interestIncome": 2100000,
    "interestExpense": 15200000,
    "depreciationAndAmortization": 24900000,
    "ebitda": 222500000,
    "ebitdaratio": 0.2975394491,
    "operatingIncome": 160500000,
    "operatingIncomeRatio": 0.2146295801,
    "totalOtherIncomeExpensesNet": 21900000,
    "incomeBeforeTax": 182400000,
    "incomeBeforeTaxRatio": 0.2439154854,
    "incomeTaxExpense": 48200000,
    "netIncome": 110900000,
    "netIncomeRatio": 0.1483016849,
    "eps": 0.25,
    "epsdiluted": 0.25,
    "weightedAverageShsOut": 434300000,
    "weightedAverageShsOutDil": 439000000,
    "link": "https://www.sec.gov/Archives/edgar/data/914208/000095012310017949/0000950123-10-017949-index.htm",
    "finalLink": "https://www.sec.gov/Archives/edgar/data/914208/000095012310017949/g21385e10vk.htm"
  },
  {
    "date": "2009-09-30",
    "symbol": "IVZ",
    "reportedCurrency": "USD",
    "cik": "0000914208",
    "fillingDate": "2009-10-30",
    "acceptedDate": "2009-10-30 13:00:19",
    "calendarYear": "2009",
    "period": "Q3",
    "revenue": 705800000,
    "costOfRevenue": 0,
    "grossProfit": 705800000,
    "grossProfitRatio": 1,
    "researchAndDevelopmentExpenses": 0,
    "generalAndAdministrativeExpenses": 526500000,
    "sellingAndMarketingExpenses": 27700000,
    "sellingGeneralAndAdministrativeExpenses": 554200000,
    "otherExpenses": 0,
    "operatingExpenses": 554200000,
    "costAndExpenses": 554200000,
    "interestIncome": 1700000,
    "interestExpense": 16900000,
    "depreciationAndAmortization": 20000000,
    "ebitda": 185300000,
    "ebitdaratio": 0.2625389629,
    "operatingIncome": 151600000,
    "operatingIncomeRatio": 0.2147917257,
    "totalOtherIncomeExpensesNet": -3200000,
    "incomeBeforeTax": 148400000,
    "incomeBeforeTaxRatio": 0.2102578634,
    "incomeTaxExpense": 43700000,
    "netIncome": 105200000,
    "netIncomeRatio": 0.1490507226,
    "eps": 0.24,
    "epsdiluted": 0.24,
    "weightedAverageShsOut": 431600000,
    "weightedAverageShsOutDil": 437700000,
    "link": "https://www.sec.gov/Archives/edgar/data/914208/000095012309055399/0000950123-09-055399-index.htm",
    "finalLink": "https://www.sec.gov/Archives/edgar/data/914208/000095012309055399/g20661e10vq.htm"
  },
  {
    "date": "2009-06-30",
    "symbol": "IVZ",
    "reportedCurrency": "USD",
    "cik": "0000914208",
    "fillingDate": "2009-07-31",
    "acceptedDate": "2009-07-31 10:23:48",
    "calendarYear": "2009",
    "period": "Q2",
    "revenue": 625100000,
    "costOfRevenue": 0,
    "grossProfit": 625100000,
    "grossProfitRatio": 1,
    "researchAndDevelopmentExpenses": 0,
    "generalAndAdministrativeExpenses": 490800000,
    "sellingAndMarketingExpenses": 23900000,
    "sellingGeneralAndAdministrativeExpenses": 514700000,
    "otherExpenses": 0,
    "operatingExpenses": 514700000,
    "costAndExpenses": 514700000,
    "interestIncome": 1200000,
    "interestExpense": 16500000,
    "depreciationAndAmortization": 16700000,
    "ebitda": 97400000,
    "ebitdaratio": 0.1558150696,
    "operatingIncome": 110400000,
    "operatingIncomeRatio": 0.1766117421,
    "totalOtherIncomeExpensesNet": -46200000,
    "incomeBeforeTax": 64200000,
    "incomeBeforeTaxRatio": 0.1027035674,
    "incomeTaxExpense": 36000000,
    "netIncome": 75700000,
    "netIncomeRatio": 0.1211006239,
    "eps": 0.18,
    "epsdiluted": 0.18,
    "weightedAverageShsOut": 410600000,
    "weightedAverageShsOutDil": 416800000,
    "link": "https://www.sec.gov/Archives/edgar/data/914208/000095012309028100/0000950123-09-028100-index.htm",
    "finalLink": "https://www.sec.gov/Archives/edgar/data/914208/000095012309028100/g16432e10vq.htm"
  },
  {
    "date": "2009-03-31",
    "symbol": "IVZ",
    "reportedCurrency": "USD",
    "cik": "0000914208",
    "fillingDate": "2009-05-08",
    "acceptedDate": "2009-05-08 10:10:49",
    "calendarYear": "2009",
    "period": "Q1",
    "revenue": 548600000,
    "costOfRevenue": 0,
    "grossProfit": 548600000,
    "grossProfitRatio": 1,
    "researchAndDevelopmentExpenses": 0,
    "generalAndAdministrativeExpenses": 459900000,
    "sellingAndMarketingExpenses": 26900000,
    "sellingGeneralAndAdministrativeExpenses": 486800000,
    "otherExpenses": 0,
    "operatingExpenses": 486800000,
    "costAndExpenses": 486800000,
    "interestIncome": 4800000,
    "interestExpense": 15900000,
    "depreciationAndAmortization": 16000000,
    "ebitda": -5600000,
    "ebitdaratio": -0.0102078017,
    "operatingIncome": 61800000,
    "operatingIncomeRatio": 0.1126503828,
    "totalOtherIncomeExpensesNet": -99300000,
    "incomeBeforeTax": -37500000,
    "incomeBeforeTaxRatio": -0.0683558148,
    "incomeTaxExpense": 20300000,
    "netIncome": 30700000,
    "netIncomeRatio": 0.0559606271,
    "eps": 0.08,
    "epsdiluted": 0.08,
    "weightedAverageShsOut": 394100000,
    "weightedAverageShsOutDil": 399900000,
    "link": "https://www.sec.gov/Archives/edgar/data/914208/000091420809000846/0000914208-09-000846-index.htm",
    "finalLink": "https://www.sec.gov/Archives/edgar/data/914208/000091420809000846/form10q033109.htm"
  },
  {
    "date": "2008-12-31",
    "symbol": "IVZ",
    "reportedCurrency": "USD",
    "cik": "0000914208",
    "fillingDate": "2009-02-27",
    "acceptedDate": "2009-02-27 09:33:53",
    "calendarYear": "2008",
    "period": "Q4",
    "revenue": 634400000,
    "costOfRevenue": 0,
    "grossProfit": 634400000,
    "grossProfitRatio": 1,
    "researchAndDevelopmentExpenses": 0,
    "generalAndAdministrativeExpenses": 0,
    "sellingAndMarketingExpenses": 148200000,
    "sellingGeneralAndAdministrativeExpenses": 549900000,
    "otherExpenses": 0,
    "operatingExpenses": 549900000,
    "costAndExpenses": 549900000,
    "interestIncome": 0,
    "interestExpense": 0,
    "depreciationAndAmortization": 12200000,
    "ebitda": 82800000,
    "ebitdaratio": 0.130517024,
    "operatingIncome": 84500000,
    "operatingIncomeRatio": 0.1331967213,
    "totalOtherIncomeExpensesNet": -78000000,
    "incomeBeforeTax": 6500000,
    "incomeBeforeTaxRatio": 0.0102459016,
    "incomeTaxExpense": 35800000,
    "netIncome": 31900000,
    "netIncomeRatio": 0.0502837327,
    "eps": 0.0809,
    "epsdiluted": 0.0809,
    "weightedAverageShsOut": 386300000,
    "weightedAverageShsOutDil": 394100000,
    "link": "https://www.sec.gov/Archives/edgar/data/914208/000091420809000511/0000914208-09-000511-index.htm",
    "finalLink": "https://www.sec.gov/Archives/edgar/data/914208/000091420809000511/form10k123108new.htm"
  },
  {
    "date": "2008-09-30",
    "symbol": "IVZ",
    "reportedCurrency": "USD",
    "cik": "0000914208",
    "fillingDate": "2008-11-07",
    "acceptedDate": "2008-11-07 16:58:59",
    "calendarYear": "2008",
    "period": "Q3",
    "revenue": 827200000,
    "costOfRevenue": 0,
    "grossProfit": 827200000,
    "grossProfitRatio": 1,
    "researchAndDevelopmentExpenses": 0,
    "generalAndAdministrativeExpenses": 597200000,
    "sellingAndMarketingExpenses": 34800000,
    "sellingGeneralAndAdministrativeExpenses": 632000000,
    "otherExpenses": 0,
    "operatingExpenses": 632000000,
    "costAndExpenses": 632000000,
    "interestIncome": 8000000,
    "interestExpense": 18300000,
    "depreciationAndAmortization": 16700000,
    "ebitda": 220300000,
    "ebitdaratio": 0.2663201161,
    "operatingIncome": 195200000,
    "operatingIncomeRatio": 0.2359767892,
    "totalOtherIncomeExpensesNet": -9900000,
    "incomeBeforeTax": 185300000,
    "incomeBeforeTaxRatio": 0.2240087041,
    "incomeTaxExpense": 49200000,
    "netIncome": 131800000,
    "netIncomeRatio": 0.1593326886,
    "eps": 0.34,
    "epsdiluted": 0.33,
    "weightedAverageShsOut": 388400000,
    "weightedAverageShsOutDil": 399300000,
    "link": "https://www.sec.gov/Archives/edgar/data/914208/000091420808000403/0000914208-08-000403-index.htm",
    "finalLink": "https://www.sec.gov/Archives/edgar/data/914208/000091420808000403/form10q110708.htm"
  },
  {
    "date": "2008-06-30",
    "symbol": "IVZ",
    "reportedCurrency": "USD",
    "cik": "0000914208",
    "fillingDate": "2008-08-08",
    "acceptedDate": "2008-08-08 15:12:42",
    "calendarYear": "2008",
    "period": "Q2",
    "revenue": 935600000,
    "costOfRevenue": 0,
    "grossProfit": 935600000,
    "grossProfitRatio": 1,
    "researchAndDevelopmentExpenses": 0,
    "generalAndAdministrativeExpenses": 657400000,
    "sellingAndMarketingExpenses": 38200000,
    "sellingGeneralAndAdministrativeExpenses": 695600000,
    "otherExpenses": 0,
    "operatingExpenses": 695600000,
    "costAndExpenses": 695600000,
    "interestIncome": 10500000,
    "interestExpense": 19300000,
    "depreciationAndAmortization": 17100000,
    "ebitda": 316400000,
    "ebitdaratio": 0.3381787088,
    "operatingIncome": 240000000,
    "operatingIncomeRatio": 0.2565198803,
    "totalOtherIncomeExpensesNet": 40000000,
    "incomeBeforeTax": 280000000,
    "incomeBeforeTaxRatio": 0.2992731937,
    "incomeTaxExpense": 77200000,
    "netIncome": 162800000,
    "netIncomeRatio": 0.1740059855,
    "eps": 0.42,
    "epsdiluted": 0.41,
    "weightedAverageShsOut": 390100000,
    "weightedAverageShsOutDil": 400700000,
    "link": "https://www.sec.gov/Archives/edgar/data/914208/000091420808000150/0000914208-08-000150-index.htm",
    "finalLink": "https://www.sec.gov/Archives/edgar/data/914208/000091420808000150/form10q063008.htm"
  },
  {
    "date": "2008-03-31",
    "symbol": "IVZ",
    "reportedCurrency": "USD",
    "cik": "0000914208",
    "fillingDate": "2008-05-09",
    "acceptedDate": "2008-05-09 15:42:31",
    "calendarYear": "2008",
    "period": "Q1",
    "revenue": 910400000,
    "costOfRevenue": 0,
    "grossProfit": 910400000,
    "grossProfitRatio": 1,
    "researchAndDevelopmentExpenses": 0,
    "generalAndAdministrativeExpenses": 638400000,
    "sellingAndMarketingExpenses": 43900000,
    "sellingGeneralAndAdministrativeExpenses": 682300000,
    "otherExpenses": 0,
    "operatingExpenses": 682300000,
    "costAndExpenses": 682300000,
    "interestIncome": 11500000,
    "interestExpense": 21500000,
    "depreciationAndAmortization": 16600000,
    "ebitda": 223300000,
    "ebitdaratio": 0.2452768014,
    "operatingIncome": 228100000,
    "operatingIncomeRatio": 0.2505492091,
    "totalOtherIncomeExpensesNet": -42900000,
    "incomeBeforeTax": 185200000,
    "incomeBeforeTaxRatio": 0.203427065,
    "incomeTaxExpense": 73800000,
    "netIncome": 155200000,
    "netIncomeRatio": 0.1704745167,
    "eps": 0.4,
    "epsdiluted": 0.39,
    "weightedAverageShsOut": 390000000,
    "weightedAverageShsOutDil": 400800000,
    "link": "https://www.sec.gov/Archives/edgar/data/914208/000091420808000076/0000914208-08-000076-index.htm",
    "finalLink": "https://www.sec.gov/Archives/edgar/data/914208/000091420808000076/form10q050908.htm"
  },
  {
    "date": "2007-12-31",
    "symbol": "IVZ",
    "reportedCurrency": "USD",
    "cik": "0000914208",
    "fillingDate": "2008-02-29",
    "acceptedDate": "2008-02-29 12:08:44",
    "calendarYear": "2007",
    "period": "Q4",
    "revenue": 1765400000,
    "costOfRevenue": 0,
    "grossProfit": 1765400000,
    "grossProfitRatio": 1,
    "researchAndDevelopmentExpenses": 0,
    "generalAndAdministrativeExpenses": 0,
    "sellingAndMarketingExpenses": 157600000,
    "sellingGeneralAndAdministrativeExpenses": 1306500000,
    "otherExpenses": 242500000,
    "operatingExpenses": 1549000000,
    "costAndExpenses": 1549000000,
    "interestIncome": 0,
    "interestExpense": 0,
    "depreciationAndAmortization": -77800000,
    "ebitda": 216400000,
    "ebitdaratio": 0.1225784525,
    "operatingIncome": 216400000,
    "operatingIncomeRatio": 0.1225784525,
    "totalOtherIncomeExpensesNet": 269900000,
    "incomeBeforeTax": 486300000,
    "incomeBeforeTaxRatio": 0.2754616518,
    "incomeTaxExpense": -618000000,
    "netIncome": 180200000,
    "netIncomeRatio": 0.1020731845,
    "eps": 0.46,
    "epsdiluted": 0.46,
    "weightedAverageShsOut": 388000000,
    "weightedAverageShsOutDil": 388000000,
    "link": "https://www.sec.gov/Archives/edgar/data/914208/000095014408001518/0000950144-08-001518-index.htm",
    "finalLink": "https://www.sec.gov/Archives/edgar/data/914208/000095014408001518/g11915e10vk.htm"
  },
  {
    "date": "2007-09-30",
    "symbol": "IVZ",
    "reportedCurrency": "USD",
    "cik": "0000914208",
    "fillingDate": "2007-11-09",
    "acceptedDate": "2007-11-09 15:30:22",
    "calendarYear": "2007",
    "period": "Q3",
    "revenue": 720300000,
    "costOfRevenue": 0,
    "grossProfit": 976600000,
    "grossProfitRatio": 1.3558239622,
    "researchAndDevelopmentExpenses": 0,
    "generalAndAdministrativeExpenses": 0,
    "sellingAndMarketingExpenses": 41300000,
    "sellingGeneralAndAdministrativeExpenses": 720100000,
    "otherExpenses": 0,
    "operatingExpenses": 720100000,
    "costAndExpenses": 720100000,
    "interestIncome": 0,
    "interestExpense": 0,
    "depreciationAndAmortization": 109700000,
    "ebitda": 366200000,
    "ebitdaratio": 0.5083992781,
    "operatingIncome": 256500000,
    "operatingIncomeRatio": 0.3561016243,
    "totalOtherIncomeExpensesNet": 6800000,
    "incomeBeforeTax": 263300000,
    "incomeBeforeTaxRatio": 0.3655421352,
    "incomeTaxExpense": 92700000,
    "netIncome": 167000000,
    "netIncomeRatio": 0.2318478412,
    "eps": 0.42,
    "epsdiluted": 0.41,
    "weightedAverageShsOut": 400000000,
    "weightedAverageShsOutDil": 410500000,
    "link": "https://www.sec.gov/Archives/edgar/data/914208/000095014407010219/0000950144-07-010219-index.htm",
    "finalLink": "https://www.sec.gov/Archives/edgar/data/914208/000095014407010219/g10481e10vq.htm"
  },
  {
    "date": "2007-06-30",
    "symbol": "IVZ",
    "reportedCurrency": "USD",
    "cik": "0000914208",
    "fillingDate": "2007-06-30",
    "acceptedDate": "2007-06-30 00:00:00",
    "calendarYear": "2007",
    "period": "Q2",
    "revenue": 722500000,
    "costOfRevenue": 0,
    "grossProfit": 979000000,
    "grossProfitRatio": 1.355017301,
    "researchAndDevelopmentExpenses": 0,
    "generalAndAdministrativeExpenses": 0,
    "sellingAndMarketingExpenses": 0,
    "sellingGeneralAndAdministrativeExpenses": 717000000,
    "otherExpenses": 0,
    "operatingExpenses": 717000000,
    "costAndExpenses": 717000000,
    "interestIncome": 0,
    "interestExpense": 0,
    "depreciationAndAmortization": 15900000,
    "ebitda": 277900000,
    "ebitdaratio": 0.3846366782,
    "operatingIncome": 262000000,
    "operatingIncomeRatio": 0.3626297578,
    "totalOtherIncomeExpensesNet": -500000,
    "incomeBeforeTax": 261500000,
    "incomeBeforeTaxRatio": 0.3619377163,
    "incomeTaxExpense": 91400000,
    "netIncome": 175500000,
    "netIncomeRatio": 0.2429065744,
    "eps": 0.21,
    "epsdiluted": 0.21,
    "weightedAverageShsOut": 797800000,
    "weightedAverageShsOutDil": 797800000,
    "link": null,
    "finalLink": null
  },
  {
    "date": "2007-03-31",
    "symbol": "IVZ",
    "reportedCurrency": "USD",
    "cik": "0000914208",
    "fillingDate": "2007-04-27",
    "acceptedDate": "2007-04-27 16:35:15",
    "calendarYear": "2007",
    "period": "Q1",
    "revenue": 670700000,
    "costOfRevenue": 0,
    "grossProfit": 900200000,
    "grossProfitRatio": 1.3421798121,
    "researchAndDevelopmentExpenses": 0,
    "generalAndAdministrativeExpenses": 0,
    "sellingAndMarketingExpenses": 0,
    "sellingGeneralAndAdministrativeExpenses": 668100000,
    "otherExpenses": 0,
    "operatingExpenses": 668100000,
    "costAndExpenses": 668100000,
    "interestIncome": 0,
    "interestExpense": 0,
    "depreciationAndAmortization": 16300000,
    "ebitda": 248400000,
    "ebitdaratio": 0.3703593261,
    "operatingIncome": 232100000,
    "operatingIncomeRatio": 0.346056359,
    "totalOtherIncomeExpensesNet": 600000,
    "incomeBeforeTax": 232700000,
    "incomeBeforeTaxRatio": 0.3469509468,
    "incomeTaxExpense": 81900000,
    "netIncome": 155200000,
    "netIncomeRatio": 0.2314000298,
    "eps": 0.18,
    "epsdiluted": 0.18,
    "weightedAverageShsOut": 831889059,
    "weightedAverageShsOutDil": 831889059,
    "link": "https://www.sec.gov/Archives/edgar/data/914208/000091420807000033/0000914208-07-000033-index.htm",
    "finalLink": "https://www.sec.gov/Archives/edgar/data/914208/000091420807000033/0000914208-07-000033.txt"
  },
  {
    "date": "2006-12-31",
    "symbol": "IVZ",
    "reportedCurrency": "USD",
    "cik": "0000914208",
    "fillingDate": "2007-04-10",
    "acceptedDate": "2007-04-10 08:02:02",
    "calendarYear": "2006",
    "period": "Q4",
    "revenue": 655300000,
    "costOfRevenue": 0,
    "grossProfit": 655300000,
    "grossProfitRatio": 1,
    "researchAndDevelopmentExpenses": 0,
    "generalAndAdministrativeExpenses": 0,
    "sellingAndMarketingExpenses": 0,
    "sellingGeneralAndAdministrativeExpenses": 405000000,
    "otherExpenses": 0,
    "operatingExpenses": 405000000,
    "costAndExpenses": 405000000,
    "interestIncome": 0,
    "interestExpense": 0,
    "depreciationAndAmortization": 166200000,
    "ebitda": 416500000,
    "ebitdaratio": 0.6355867542,
    "operatingIncome": 250300000,
    "operatingIncomeRatio": 0.3819624599,
    "totalOtherIncomeExpensesNet": -2100000,
    "incomeBeforeTax": 248200000,
    "incomeBeforeTaxRatio": 0.3787578208,
    "incomeTaxExpense": 85300000,
    "netIncome": 163500000,
    "netIncomeRatio": 0.2495040439,
    "eps": 0.21,
    "epsdiluted": 0.21,
    "weightedAverageShsOut": 790300000,
    "weightedAverageShsOutDil": 790300000,
    "link": "https://www.sec.gov/Archives/edgar/data/914208/000095014407003246/0000950144-07-003246-index.htm",
    "finalLink": "https://www.sec.gov/Archives/edgar/data/914208/000095014407003246/g06401e20vf.htm"
  },
  {
    "date": "2006-09-30",
    "symbol": "IVZ",
    "reportedCurrency": "USD",
    "cik": "0000914208",
    "fillingDate": "2006-10-06",
    "acceptedDate": "2006-10-06 12:07:41",
    "calendarYear": "2006",
    "period": "Q3",
    "revenue": 587100000,
    "costOfRevenue": 0,
    "grossProfit": 587100000,
    "grossProfitRatio": 1,
    "researchAndDevelopmentExpenses": 0,
    "generalAndAdministrativeExpenses": 0,
    "sellingAndMarketingExpenses": 0,
    "sellingGeneralAndAdministrativeExpenses": 430300000,
    "otherExpenses": 0,
    "operatingExpenses": 430300000,
    "costAndExpenses": 430300000,
    "interestIncome": 0,
    "interestExpense": 0,
    "depreciationAndAmortization": 80600000,
    "ebitda": 237400000,
    "ebitdaratio": 0.4043604156,
    "operatingIncome": 156800000,
    "operatingIncomeRatio": 0.2670754556,
    "totalOtherIncomeExpensesNet": -6300000,
    "incomeBeforeTax": 150500000,
    "incomeBeforeTaxRatio": 0.2563447454,
    "incomeTaxExpense": 48300000,
    "netIncome": 102000000,
    "netIncomeRatio": 0.1737353091,
    "eps": 0.13,
    "epsdiluted": 0.13,
    "weightedAverageShsOut": 790300000,
    "weightedAverageShsOutDil": 809600000,
    "link": "https://www.sec.gov/Archives/edgar/data/914208/000119312506204204/0001193125-06-204204-index.htm",
    "finalLink": "https://www.sec.gov/Archives/edgar/data/914208/000119312506204204/0001193125-06-204204.txt"
  },
  {
    "date": "2006-06-30",
    "symbol": "IVZ",
    "reportedCurrency": "USD",
    "cik": "0000914208",
    "fillingDate": "2006-07-28",
    "acceptedDate": "2006-07-28 13:55:07",
    "calendarYear": "2006",
    "period": "Q2",
    "revenue": 588052000,
    "costOfRevenue": 0,
    "grossProfit": 588100000,
    "grossProfitRatio": 1.0000816254,
    "researchAndDevelopmentExpenses": 0,
    "generalAndAdministrativeExpenses": 0,
    "sellingAndMarketingExpenses": 0,
    "sellingGeneralAndAdministrativeExpenses": 396400000,
    "otherExpenses": 0,
    "operatingExpenses": 396400000,
    "costAndExpenses": 396400000,
    "interestIncome": 0,
    "interestExpense": 0,
    "depreciationAndAmortization": 0,
    "ebitda": 191700000,
    "ebitdaratio": 0.325991579,
    "operatingIncome": 191700000,
    "operatingIncomeRatio": 0.325991579,
    "totalOtherIncomeExpensesNet": -7500000,
    "incomeBeforeTax": 184200000,
    "incomeBeforeTaxRatio": 0.3132376048,
    "incomeTaxExpense": 66800000,
    "netIncome": 117100000,
    "netIncomeRatio": 0.1991320495,
    "eps": 0.15,
    "epsdiluted": 0.14,
    "weightedAverageShsOut": 790574000,
    "weightedAverageShsOutDil": 818534616,
    "link": "https://www.sec.gov/Archives/edgar/data/914208/000091420806000062/0000914208-06-000062-index.htm",
    "finalLink": "https://www.sec.gov/Archives/edgar/data/914208/000091420806000062/0000914208-06-000062.txt"
  },
  {
    "date": "2006-03-31",
    "symbol": "IVZ",
    "reportedCurrency": "USD",
    "cik": "0000914208",
    "fillingDate": "2006-06-22",
    "acceptedDate": "2006-06-21 18:10:20",
    "calendarYear": "2006",
    "period": "Q1",
    "revenue": 584119000,
    "costOfRevenue": 253360000,
    "grossProfit": 330759000,
    "grossProfitRatio": 0.566252767,
    "researchAndDevelopmentExpenses": 0,
    "generalAndAdministrativeExpenses": 107960000,
    "sellingAndMarketingExpenses": 36163000,
    "sellingGeneralAndAdministrativeExpenses": 144123000,
    "otherExpenses": 0,
    "operatingExpenses": 144123000,
    "costAndExpenses": 397483000,
    "interestIncome": 0,
    "interestExpense": 0,
    "depreciationAndAmortization": 0,
    "ebitda": 186636000,
    "ebitdaratio": 0.3195170847,
    "operatingIncome": 186636000,
    "operatingIncomeRatio": 0.3195170847,
    "totalOtherIncomeExpensesNet": -14939000,
    "incomeBeforeTax": 171697000,
    "incomeBeforeTaxRatio": 0.2939418167,
    "incomeTaxExpense": 63430000,
    "netIncome": 107571000,
    "netIncomeRatio": 0.1841593922,
    "eps": 0.14,
    "epsdiluted": 0.13,
    "weightedAverageShsOut": 790848000,
    "weightedAverageShsOutDil": 827469231,
    "link": "https://www.sec.gov/Archives/edgar/data/914208/000119312506133447/0001193125-06-133447-index.htm",
    "finalLink": "https://www.sec.gov/Archives/edgar/data/914208/000119312506133447/0001193125-06-133447.txt"
  },
  {
    "date": "2005-12-31",
    "symbol": "IVZ",
    "reportedCurrency": "USD",
    "cik": "0000914208",
    "fillingDate": "2006-04-11",
    "acceptedDate": "2006-04-11 12:24:19",
    "calendarYear": "2005",
    "period": "Q4",
    "revenue": 614198000,
    "costOfRevenue": 0,
    "grossProfit": 614198000,
    "grossProfitRatio": 1,
    "researchAndDevelopmentExpenses": 0,
    "generalAndAdministrativeExpenses": 0,
    "sellingAndMarketingExpenses": 0,
    "sellingGeneralAndAdministrativeExpenses": 0,
    "otherExpenses": 551329000,
    "operatingExpenses": 551329000,
    "costAndExpenses": 551329000,
    "interestIncome": 0,
    "interestExpense": 0,
    "depreciationAndAmortization": 36685000,
    "ebitda": 175244000,
    "ebitdaratio": 0.2853216715,
    "operatingIncome": 62869000,
    "operatingIncomeRatio": 0.1023594997,
    "totalOtherIncomeExpensesNet": -32361000,
    "incomeBeforeTax": 30508000,
    "incomeBeforeTaxRatio": 0.0496712786,
    "incomeTaxExpense": 27683000,
    "netIncome": 2540000,
    "netIncomeRatio": 0.0041354742,
    "eps": 0.0032,
    "epsdiluted": 0.0032,
    "weightedAverageShsOut": 794052000,
    "weightedAverageShsOutDil": 794052000,
    "link": "https://www.sec.gov/Archives/edgar/data/914208/000095012906003850/0000950129-06-003850-index.htm",
    "finalLink": "https://www.sec.gov/Archives/edgar/data/914208/000095012906003850/0000950129-06-003850.txt"
  },
  {
    "date": "2005-09-30",
    "symbol": "IVZ",
    "reportedCurrency": "USD",
    "cik": "0000914208",
    "fillingDate": "2005-10-27",
    "acceptedDate": "2005-10-27 11:51:44",
    "calendarYear": "2005",
    "period": "Q3",
    "revenue": 533687000,
    "costOfRevenue": 420896000,
    "grossProfit": 112791000,
    "grossProfitRatio": 0.2113429782,
    "researchAndDevelopmentExpenses": 0,
    "generalAndAdministrativeExpenses": 0,
    "sellingAndMarketingExpenses": 0,
    "sellingGeneralAndAdministrativeExpenses": 423100000,
    "otherExpenses": -420896000,
    "operatingExpenses": 2204000,
    "costAndExpenses": 423100000,
    "interestIncome": 0,
    "interestExpense": 0,
    "depreciationAndAmortization": 18033000,
    "ebitda": 131133000,
    "ebitdaratio": 0.2457114376,
    "operatingIncome": 113100000,
    "operatingIncomeRatio": 0.2119219692,
    "totalOtherIncomeExpensesNet": 6000000,
    "incomeBeforeTax": 119100000,
    "incomeBeforeTaxRatio": 0.223164514,
    "incomeTaxExpense": 43816000,
    "netIncome": 74900000,
    "netIncomeRatio": 0.1403444341,
    "eps": 0.0944,
    "epsdiluted": 0.0928,
    "weightedAverageShsOut": 794100000,
    "weightedAverageShsOutDil": 807500000,
    "link": "https://www.sec.gov/Archives/edgar/data/914208/000091420805000223/0000914208-05-000223-index.htm",
    "finalLink": "https://www.sec.gov/Archives/edgar/data/914208/000091420805000223/0000914208-05-000223.txt"
  },
  {
    "date": "2005-06-30",
    "symbol": "IVZ",
    "reportedCurrency": "USD",
    "cik": "0000914208",
    "fillingDate": "2005-08-02",
    "acceptedDate": "2005-08-02 09:18:00",
    "calendarYear": "2005",
    "period": "Q2",
    "revenue": 528582000,
    "costOfRevenue": 399207000,
    "grossProfit": 129375000,
    "grossProfitRatio": 0.2447586183,
    "researchAndDevelopmentExpenses": 0,
    "generalAndAdministrativeExpenses": 0,
    "sellingAndMarketingExpenses": 0,
    "sellingGeneralAndAdministrativeExpenses": 413879000,
    "otherExpenses": -376857000,
    "operatingExpenses": 37022000,
    "costAndExpenses": 436229000,
    "interestIncome": 0,
    "interestExpense": 0,
    "depreciationAndAmortization": 21101000,
    "ebitda": 132665000,
    "ebitdaratio": 0.2509828182,
    "operatingIncome": 111564000,
    "operatingIncomeRatio": 0.2110628058,
    "totalOtherIncomeExpensesNet": 0,
    "incomeBeforeTax": 111564000,
    "incomeBeforeTaxRatio": 0.2110628058,
    "incomeTaxExpense": 39919000,
    "netIncome": 71269000,
    "netIncomeRatio": 0.1348305466,
    "eps": 0.09,
    "epsdiluted": 0.09,
    "weightedAverageShsOut": 793822000,
    "weightedAverageShsOutDil": 801164000,
    "link": "https://www.sec.gov/Archives/edgar/data/914208/000091420805000184/0000914208-05-000184-index.htm",
    "finalLink": "https://www.sec.gov/Archives/edgar/data/914208/000091420805000184/0000914208-05-000184.txt"
  },
  {
    "date": "2005-03-31",
    "symbol": "IVZ",
    "reportedCurrency": "USD",
    "cik": "0000914208",
    "fillingDate": "2005-04-26",
    "acceptedDate": "2005-04-26 12:42:31",
    "calendarYear": "2005",
    "period": "Q1",
    "revenue": 540453000,
    "costOfRevenue": 410385000,
    "grossProfit": 130068000,
    "grossProfitRatio": 0.2406647757,
    "researchAndDevelopmentExpenses": 0,
    "generalAndAdministrativeExpenses": 0,
    "sellingAndMarketingExpenses": 0,
    "sellingGeneralAndAdministrativeExpenses": 0,
    "otherExpenses": 1000,
    "operatingExpenses": 1000,
    "costAndExpenses": 410386000,
    "interestIncome": 0,
    "interestExpense": 0,
    "depreciationAndAmortization": 21066000,
    "ebitda": 151133000,
    "ebitdaratio": 0.2796413379,
    "operatingIncome": 130067000,
    "operatingIncomeRatio": 0.2406629254,
    "totalOtherIncomeExpensesNet": -18427000,
    "incomeBeforeTax": 111640000,
    "incomeBeforeTaxRatio": 0.2065674536,
    "incomeTaxExpense": 39894000,
    "netIncome": 71599000,
    "netIncomeRatio": 0.1324796051,
    "eps": 0.0902,
    "epsdiluted": 0.0894,
    "weightedAverageShsOut": 793434000,
    "weightedAverageShsOutDil": 800668000,
    "link": "https://www.sec.gov/Archives/edgar/data/914208/000091420805000126/0000914208-05-000126-index.htm",
    "finalLink": "https://www.sec.gov/Archives/edgar/data/914208/000091420805000126/0000914208-05-000126.txt"
  },
  {
    "date": "2004-12-31",
    "symbol": "IVZ",
    "reportedCurrency": "USD",
    "cik": "0000914208",
    "fillingDate": "2005-06-29",
    "acceptedDate": "2005-06-29 12:50:55",
    "calendarYear": "2004",
    "period": "Q4",
    "revenue": 666039000,
    "costOfRevenue": 498846000,
    "grossProfit": 167193000,
    "grossProfitRatio": 0.2510258408,
    "researchAndDevelopmentExpenses": 0,
    "generalAndAdministrativeExpenses": 0,
    "sellingAndMarketingExpenses": 0,
    "sellingGeneralAndAdministrativeExpenses": 0,
    "otherExpenses": 121604000,
    "operatingExpenses": 121604000,
    "costAndExpenses": 620450000,
    "interestIncome": 0,
    "interestExpense": 0,
    "depreciationAndAmortization": 121991000,
    "ebitda": 167580000,
    "ebitdaratio": 0.2516068879,
    "operatingIncome": 45589000,
    "operatingIncomeRatio": 0.0684479437,
    "totalOtherIncomeExpensesNet": -20808000,
    "incomeBeforeTax": 24781000,
    "incomeBeforeTaxRatio": 0.0372065299,
    "incomeTaxExpense": 45000000,
    "netIncome": 17125000,
    "netIncomeRatio": 0.0257117076,
    "eps": 0.0213,
    "epsdiluted": 0.0213,
    "weightedAverageShsOut": 804260000,
    "weightedAverageShsOutDil": 804260000,
    "link": "https://www.sec.gov/Archives/edgar/data/914208/000091420805000161/0000914208-05-000161-index.htm",
    "finalLink": "https://www.sec.gov/Archives/edgar/data/914208/000091420805000161/form20f-2004.txt"
  },
  {
    "date": "2004-09-30",
    "symbol": "IVZ",
    "reportedCurrency": "USD",
    "cik": "0000914208",
    "fillingDate": "2004-10-28",
    "acceptedDate": "2004-10-28 08:32:28",
    "calendarYear": "2004",
    "period": "Q3",
    "revenue": 509086000,
    "costOfRevenue": 415780000,
    "grossProfit": 93308000,
    "grossProfitRatio": 0.1832853388,
    "researchAndDevelopmentExpenses": 0,
    "generalAndAdministrativeExpenses": 0,
    "sellingAndMarketingExpenses": 0,
    "sellingGeneralAndAdministrativeExpenses": 0,
    "otherExpenses": 415319000,
    "operatingExpenses": 415319000,
    "costAndExpenses": 831099000,
    "interestIncome": 0,
    "interestExpense": 0,
    "depreciationAndAmortization": -111982000,
    "ebitda": -322011000,
    "ebitdaratio": -0.6325277065,
    "operatingIncome": -322011000,
    "operatingIncomeRatio": -0.6325277065,
    "totalOtherIncomeExpensesNet": -12019000,
    "incomeBeforeTax": -334030000,
    "incomeBeforeTaxRatio": -0.6561366842,
    "incomeTaxExpense": -65839000,
    "netIncome": -269023000,
    "netIncomeRatio": -0.5284431314,
    "eps": -0.34,
    "epsdiluted": -0.34,
    "weightedAverageShsOut": 804260000,
    "weightedAverageShsOutDil": 806180000,
    "link": "https://www.sec.gov/Archives/edgar/data/914208/000091420804000216/0000914208-04-000216-index.htm",
    "finalLink": "https://www.sec.gov/Archives/edgar/data/914208/000091420804000216/0000914208-04-000216.txt"
  },
  {
    "date": "2004-06-30",
    "symbol": "IVZ",
    "reportedCurrency": "USD",
    "cik": "0000914208",
    "fillingDate": "2004-07-29",
    "acceptedDate": "2004-07-29 11:03:43",
    "calendarYear": "2004",
    "period": "Q2",
    "revenue": 524984000,
    "costOfRevenue": 385740000,
    "grossProfit": 139244000,
    "grossProfitRatio": 0.26523475,
    "researchAndDevelopmentExpenses": 0,
    "generalAndAdministrativeExpenses": 0,
    "sellingAndMarketingExpenses": 0,
    "sellingGeneralAndAdministrativeExpenses": 0,
    "otherExpenses": 69875000,
    "operatingExpenses": 69875000,
    "costAndExpenses": 455615000,
    "interestIncome": 0,
    "interestExpense": 0,
    "depreciationAndAmortization": 88939000,
    "ebitda": 158308000,
    "ebitdaratio": 0.3015482377,
    "operatingIncome": 69369000,
    "operatingIncomeRatio": 0.1321354556,
    "totalOtherIncomeExpensesNet": -16338000,
    "incomeBeforeTax": 53031000,
    "incomeBeforeTaxRatio": 0.1010145071,
    "incomeTaxExpense": 43043000,
    "netIncome": 9988000,
    "netIncomeRatio": 0.0190253417,
    "eps": 0.0124,
    "epsdiluted": 0.0123,
    "weightedAverageShsOut": 804416000,
    "weightedAverageShsOutDil": 812040000,
    "link": "https://www.sec.gov/Archives/edgar/data/914208/000091420804000169/0000914208-04-000169-index.htm",
    "finalLink": "https://www.sec.gov/Archives/edgar/data/914208/000091420804000169/0000914208-04-000169.txt"
  },
  {
    "date": "2004-03-31",
    "symbol": "IVZ",
    "reportedCurrency": "USD",
    "cik": "0000914208",
    "fillingDate": "2004-04-27",
    "acceptedDate": "2004-04-27 08:18:19",
    "calendarYear": "2004",
    "period": "Q1",
    "revenue": 531282000,
    "costOfRevenue": 392459000,
    "grossProfit": 138823000,
    "grossProfitRatio": 0.261298143,
    "researchAndDevelopmentExpenses": 0,
    "generalAndAdministrativeExpenses": 0,
    "sellingAndMarketingExpenses": 0,
    "sellingGeneralAndAdministrativeExpenses": 0,
    "otherExpenses": 69266000,
    "operatingExpenses": 69266000,
    "costAndExpenses": 461725000,
    "interestIncome": 0,
    "interestExpense": 0,
    "depreciationAndAmortization": 90254000,
    "ebitda": 159811000,
    "ebitdaratio": 0.300802587,
    "operatingIncome": 69557000,
    "operatingIncomeRatio": 0.1309229373,
    "totalOtherIncomeExpensesNet": -6241000,
    "incomeBeforeTax": 63316000,
    "incomeBeforeTaxRatio": 0.1191758802,
    "incomeTaxExpense": 46403000,
    "netIncome": 16758000,
    "netIncomeRatio": 0.0315425706,
    "eps": 0.0209,
    "epsdiluted": 0.0207,
    "weightedAverageShsOut": 802354000,
    "weightedAverageShsOutDil": 811458000,
    "link": "https://www.sec.gov/Archives/edgar/data/914208/000091420804000102/0000914208-04-000102-index.htm",
    "finalLink": "https://www.sec.gov/Archives/edgar/data/914208/000091420804000102/0000914208-04-000102.txt"
  },
  {
    "date": "2003-12-31",
    "symbol": "IVZ",
    "reportedCurrency": "USD",
    "cik": "0000914208",
    "fillingDate": "2004-04-29",
    "acceptedDate": "2004-04-29 14:42:55",
    "calendarYear": "2003",
    "period": "Q4",
    "revenue": 640530000,
    "costOfRevenue": 454105000,
    "grossProfit": 186425000,
    "grossProfitRatio": 0.2910480383,
    "researchAndDevelopmentExpenses": 0,
    "generalAndAdministrativeExpenses": 0,
    "sellingAndMarketingExpenses": 0,
    "sellingGeneralAndAdministrativeExpenses": 0,
    "otherExpenses": 127809000,
    "operatingExpenses": 127809000,
    "costAndExpenses": 581914000,
    "interestIncome": 0,
    "interestExpense": 0,
    "depreciationAndAmortization": 81927000,
    "ebitda": 140543000,
    "ebitdaratio": 0.219416733,
    "operatingIncome": 58616000,
    "operatingIncomeRatio": 0.0915117169,
    "totalOtherIncomeExpensesNet": -17158000,
    "incomeBeforeTax": 41458000,
    "incomeBeforeTaxRatio": 0.064724525,
    "incomeTaxExpense": 37294000,
    "netIncome": 4165000,
    "netIncomeRatio": 0.0065024277,
    "eps": 0.0052,
    "epsdiluted": 0.0052,
    "weightedAverageShsOut": 802944000,
    "weightedAverageShsOutDil": 802944000,
    "link": "https://www.sec.gov/Archives/edgar/data/914208/000091420804000106/0000914208-04-000106-index.htm",
    "finalLink": "https://www.sec.gov/Archives/edgar/data/914208/000091420804000106/form20f-2003.txt"
  },
  {
    "date": "2003-09-30",
    "symbol": "IVZ",
    "reportedCurrency": "USD",
    "cik": "0000914208",
    "fillingDate": "2003-10-23",
    "acceptedDate": "2003-10-23 14:58:28",
    "calendarYear": "2003",
    "period": "Q3",
    "revenue": 505919000,
    "costOfRevenue": 360575000,
    "grossProfit": 145344000,
    "grossProfitRatio": 0.2872870954,
    "researchAndDevelopmentExpenses": 0,
    "generalAndAdministrativeExpenses": 0,
    "sellingAndMarketingExpenses": 0,
    "sellingGeneralAndAdministrativeExpenses": 0,
    "otherExpenses": 61682000,
    "operatingExpenses": 61682000,
    "costAndExpenses": 422257000,
    "interestIncome": 0,
    "interestExpense": 0,
    "depreciationAndAmortization": 92771000,
    "ebitda": 176433000,
    "ebitdaratio": 0.3487376438,
    "operatingIncome": 83662000,
    "operatingIncomeRatio": 0.1653663926,
    "totalOtherIncomeExpensesNet": -16985000,
    "incomeBeforeTax": 66677000,
    "incomeBeforeTaxRatio": 0.1317938247,
    "incomeTaxExpense": 39157000,
    "netIncome": 27519000,
    "netIncomeRatio": 0.0543940828,
    "eps": 0.0343,
    "epsdiluted": 0.0338,
    "weightedAverageShsOut": 802944000,
    "weightedAverageShsOutDil": 813128000,
    "link": "https://www.sec.gov/Archives/edgar/data/914208/000091420803000177/0000914208-03-000177-index.htm",
    "finalLink": "https://www.sec.gov/Archives/edgar/data/914208/000091420803000177/0000914208-03-000177.txt"
  },
  {
    "date": "2003-06-30",
    "symbol": "IVZ",
    "reportedCurrency": "USD",
    "cik": "0000914208",
    "fillingDate": "2003-08-01",
    "acceptedDate": "2003-08-01 13:24:42",
    "calendarYear": "2003",
    "period": "Q2",
    "revenue": 466401000,
    "costOfRevenue": 342841000,
    "grossProfit": 123560000,
    "grossProfitRatio": 0.264922245,
    "researchAndDevelopmentExpenses": 0,
    "generalAndAdministrativeExpenses": 0,
    "sellingAndMarketingExpenses": 0,
    "sellingGeneralAndAdministrativeExpenses": 0,
    "otherExpenses": 82295000,
    "operatingExpenses": 82295000,
    "costAndExpenses": 425136000,
    "interestIncome": 0,
    "interestExpense": 0,
    "depreciationAndAmortization": 95799000,
    "ebitda": 137064000,
    "ebitdaratio": 0.2938758708,
    "operatingIncome": 41265000,
    "operatingIncomeRatio": 0.0884753678,
    "totalOtherIncomeExpensesNet": -102745000,
    "incomeBeforeTax": -61480000,
    "incomeBeforeTaxRatio": -0.1318178992,
    "incomeTaxExpense": -5374000,
    "netIncome": -56106000,
    "netIncomeRatio": -0.1202956254,
    "eps": -0.0699,
    "epsdiluted": -0.0696,
    "weightedAverageShsOut": 803120000,
    "weightedAverageShsOutDil": 805866000,
    "link": "https://www.sec.gov/Archives/edgar/data/914208/000091420803000105/0000914208-03-000105-index.htm",
    "finalLink": "https://www.sec.gov/Archives/edgar/data/914208/000091420803000105/0000914208-03-000105.txt"
  },
  {
    "date": "2003-03-31",
    "symbol": "IVZ",
    "reportedCurrency": "USD",
    "cik": "0000914208",
    "fillingDate": "2003-04-29",
    "acceptedDate": "2003-04-29 13:13:36",
    "calendarYear": "2003",
    "period": "Q1",
    "revenue": 427969000,
    "costOfRevenue": 334383000,
    "grossProfit": 93586000,
    "grossProfitRatio": 0.2186747171,
    "researchAndDevelopmentExpenses": 0,
    "generalAndAdministrativeExpenses": 0,
    "sellingAndMarketingExpenses": 0,
    "sellingGeneralAndAdministrativeExpenses": 0,
    "otherExpenses": 59021000,
    "operatingExpenses": 59021000,
    "costAndExpenses": 393404000,
    "interestIncome": 0,
    "interestExpense": 0,
    "depreciationAndAmortization": 86070000,
    "ebitda": 120635000,
    "ebitdaratio": 0.281877893,
    "operatingIncome": 34565000,
    "operatingIncomeRatio": 0.0807651956,
    "totalOtherIncomeExpensesNet": -16945000,
    "incomeBeforeTax": 17620000,
    "incomeBeforeTaxRatio": 0.0411712063,
    "incomeTaxExpense": 23452000,
    "netIncome": -5832000,
    "netIncomeRatio": -0.0136271552,
    "eps": -0.0072,
    "epsdiluted": -0.0072,
    "weightedAverageShsOut": 804578000,
    "weightedAverageShsOutDil": 809000000,
    "link": "https://www.sec.gov/Archives/edgar/data/914208/000091420803000062/0000914208-03-000062-index.htm",
    "finalLink": "https://www.sec.gov/Archives/edgar/data/914208/000091420803000062/0000914208-03-000062.txt"
  },
  {
    "date": "2002-12-31",
    "symbol": "IVZ",
    "reportedCurrency": "USD",
    "cik": "0000914208",
    "fillingDate": "2003-03-27",
    "acceptedDate": "2003-03-27 16:34:34",
    "calendarYear": "2002",
    "period": "Q4",
    "revenue": 515489000,
    "costOfRevenue": 388325000,
    "grossProfit": 127164000,
    "grossProfitRatio": 0.2466861563,
    "researchAndDevelopmentExpenses": 0,
    "generalAndAdministrativeExpenses": 0,
    "sellingAndMarketingExpenses": 0,
    "sellingGeneralAndAdministrativeExpenses": 0,
    "otherExpenses": 147730000,
    "operatingExpenses": 147730000,
    "costAndExpenses": 536055000,
    "interestIncome": 0,
    "interestExpense": 0,
    "depreciationAndAmortization": 93393000,
    "ebitda": 72827000,
    "ebitdaratio": 0.1412775054,
    "operatingIncome": -20566000,
    "operatingIncomeRatio": -0.0398960987,
    "totalOtherIncomeExpensesNet": -22549000,
    "incomeBeforeTax": -43115000,
    "incomeBeforeTaxRatio": -0.0836390301,
    "incomeTaxExpense": 20504000,
    "netIncome": -63618000,
    "netIncomeRatio": -0.1234129147,
    "eps": -0.0791,
    "epsdiluted": -0.0791,
    "weightedAverageShsOut": 804578000,
    "weightedAverageShsOutDil": 804578000,
    "link": "https://www.sec.gov/Archives/edgar/data/914208/000091420803000054/0000914208-03-000054-index.htm",
    "finalLink": "https://www.sec.gov/Archives/edgar/data/914208/000091420803000054/form20f-2002.txt"
  },
  {
    "date": "2002-09-30",
    "symbol": "IVZ",
    "reportedCurrency": "USD",
    "cik": "0000914208",
    "fillingDate": "2002-10-24",
    "acceptedDate": "2002-10-24 12:04:09",
    "calendarYear": "2002",
    "period": "Q3",
    "revenue": 481973000,
    "costOfRevenue": 351658000,
    "grossProfit": 130315000,
    "grossProfitRatio": 0.2703782162,
    "researchAndDevelopmentExpenses": 0,
    "generalAndAdministrativeExpenses": 0,
    "sellingAndMarketingExpenses": 0,
    "sellingGeneralAndAdministrativeExpenses": 0,
    "otherExpenses": 57683000,
    "operatingExpenses": 57683000,
    "costAndExpenses": 409341000,
    "interestIncome": 0,
    "interestExpense": 0,
    "depreciationAndAmortization": 84403000,
    "ebitda": 157035000,
    "ebitdaratio": 0.3258170063,
    "operatingIncome": 72632000,
    "operatingIncomeRatio": 0.1506972382,
    "totalOtherIncomeExpensesNet": -19553000,
    "incomeBeforeTax": 53079000,
    "incomeBeforeTaxRatio": 0.1101285757,
    "incomeTaxExpense": 33892000,
    "netIncome": 19186000,
    "netIncomeRatio": 0.0398072091,
    "eps": 0.0237,
    "epsdiluted": 0.0236,
    "weightedAverageShsOut": 809578000,
    "weightedAverageShsOutDil": 812724000,
    "link": "https://www.sec.gov/Archives/edgar/data/914208/000091420802000018/0000914208-02-000018-index.htm",
    "finalLink": "https://www.sec.gov/Archives/edgar/data/914208/000091420802000018/0000914208-02-000018.txt"
  },
  {
    "date": "2002-06-30",
    "symbol": "IVZ",
    "reportedCurrency": "USD",
    "cik": "0000914208",
    "fillingDate": "2002-08-02",
    "acceptedDate": "2002-08-02 14:58:53",
    "calendarYear": "2002",
    "period": "Q2",
    "revenue": 564952000,
    "costOfRevenue": 399395000,
    "grossProfit": 165557000,
    "grossProfitRatio": 0.2930461349,
    "researchAndDevelopmentExpenses": 0,
    "generalAndAdministrativeExpenses": 0,
    "sellingAndMarketingExpenses": 0,
    "sellingGeneralAndAdministrativeExpenses": 0,
    "otherExpenses": 87159000,
    "operatingExpenses": 87159000,
    "costAndExpenses": 486554000,
    "interestIncome": 0,
    "interestExpense": 0,
    "depreciationAndAmortization": 85296000,
    "ebitda": 163694000,
    "ebitdaratio": 0.2897485096,
    "operatingIncome": 78398000,
    "operatingIncomeRatio": 0.1387693114,
    "totalOtherIncomeExpensesNet": -19974000,
    "incomeBeforeTax": 58424000,
    "incomeBeforeTaxRatio": 0.1034140954,
    "incomeTaxExpense": 35592000,
    "netIncome": 22832000,
    "netIncomeRatio": 0.0404140529,
    "eps": 0.0281,
    "epsdiluted": 0.0277,
    "weightedAverageShsOut": 812528000,
    "weightedAverageShsOutDil": 824324000,
    "link": "https://www.sec.gov/Archives/edgar/data/914208/000095012902003828/0000950129-02-003828-index.htm",
    "finalLink": "https://www.sec.gov/Archives/edgar/data/914208/000095012902003828/0000950129-02-003828.txt"
  },
  {
    "date": "2002-03-31",
    "symbol": "IVZ",
    "reportedCurrency": "USD",
    "cik": "0000914208",
    "fillingDate": "2002-04-24",
    "acceptedDate": "2002-04-24 00:00:00",
    "calendarYear": "2002",
    "period": "Q1",
    "revenue": 538406000,
    "costOfRevenue": 388966000,
    "grossProfit": 149440000,
    "grossProfitRatio": 0.2775600569,
    "researchAndDevelopmentExpenses": 0,
    "generalAndAdministrativeExpenses": 0,
    "sellingAndMarketingExpenses": 0,
    "sellingGeneralAndAdministrativeExpenses": 0,
    "otherExpenses": 52504000,
    "operatingExpenses": 52504000,
    "costAndExpenses": 441470000,
    "interestIncome": 0,
    "interestExpense": 0,
    "depreciationAndAmortization": 74754000,
    "ebitda": 171690000,
    "ebitdaratio": 0.3188857479,
    "operatingIncome": 96936000,
    "operatingIncomeRatio": 0.1800425701,
    "totalOtherIncomeExpensesNet": -10526000,
    "incomeBeforeTax": 86410000,
    "incomeBeforeTaxRatio": 0.1604922679,
    "incomeTaxExpense": 42507000,
    "netIncome": 43904000,
    "netIncomeRatio": 0.0815444107,
    "eps": 0.0541,
    "epsdiluted": 0.0529,
    "weightedAverageShsOut": 811888000,
    "weightedAverageShsOutDil": 829724000,
    "link": "https://www.sec.gov/Archives/edgar/data/914208/000095012902002086/0000950129-02-002086-index.htm",
    "finalLink": "https://www.sec.gov/Archives/edgar/data/914208/000095012902002086/0000950129-02-002086.txt"
  },
  {
    "date": "2001-12-31",
    "symbol": "IVZ",
    "reportedCurrency": "USD",
    "cik": "0000914208",
    "fillingDate": "2002-04-04",
    "acceptedDate": "2002-04-04 00:00:00",
    "calendarYear": "2001",
    "period": "Q4",
    "revenue": 531050000,
    "costOfRevenue": 382554000,
    "grossProfit": 148496000,
    "grossProfitRatio": 0.2796271538,
    "researchAndDevelopmentExpenses": 0,
    "generalAndAdministrativeExpenses": 0,
    "sellingAndMarketingExpenses": 0,
    "sellingGeneralAndAdministrativeExpenses": 0,
    "otherExpenses": 139403000,
    "operatingExpenses": 139403000,
    "costAndExpenses": 521957000,
    "interestIncome": 0,
    "interestExpense": 0,
    "depreciationAndAmortization": 74029000,
    "ebitda": 83122000,
    "ebitdaratio": 0.1565238678,
    "operatingIncome": 9093000,
    "operatingIncomeRatio": 0.0171226815,
    "totalOtherIncomeExpensesNet": -13336000,
    "incomeBeforeTax": -4243000,
    "incomeBeforeTaxRatio": -0.0079898315,
    "incomeTaxExpense": 4603000,
    "netIncome": 38834000,
    "netIncomeRatio": 0.0731268242,
    "eps": 0.048,
    "epsdiluted": 0.048,
    "weightedAverageShsOut": 808794000,
    "weightedAverageShsOutDil": 808794000,
    "link": "https://www.sec.gov/Archives/edgar/data/914208/000093176302001134/0000931763-02-001134-index.htm",
    "finalLink": "https://www.sec.gov/Archives/edgar/data/914208/000093176302001134/d20f.txt"
  },
  {
    "date": "2001-09-30",
    "symbol": "IVZ",
    "reportedCurrency": "USD",
    "cik": "0000914208",
    "fillingDate": "2001-10-25",
    "acceptedDate": "2001-10-25 00:00:00",
    "calendarYear": "2001",
    "period": "Q3",
    "revenue": 570745000,
    "costOfRevenue": 389479000,
    "grossProfit": 181266000,
    "grossProfitRatio": 0.3175954235,
    "researchAndDevelopmentExpenses": 0,
    "generalAndAdministrativeExpenses": 0,
    "sellingAndMarketingExpenses": 0,
    "sellingGeneralAndAdministrativeExpenses": 0,
    "otherExpenses": 52378000,
    "operatingExpenses": 52378000,
    "costAndExpenses": 441857000,
    "interestIncome": 0,
    "interestExpense": 0,
    "depreciationAndAmortization": 83285000,
    "ebitda": 212173000,
    "ebitdaratio": 0.3717474529,
    "operatingIncome": 128888000,
    "operatingIncomeRatio": 0.2258241421,
    "totalOtherIncomeExpensesNet": -19081000,
    "incomeBeforeTax": 109807000,
    "incomeBeforeTaxRatio": 0.1923923994,
    "incomeTaxExpense": 51631000,
    "netIncome": 35287000,
    "netIncomeRatio": 0.0618262096,
    "eps": 0.0436,
    "epsdiluted": 0.0425,
    "weightedAverageShsOut": 808794000,
    "weightedAverageShsOutDil": 829340000,
    "link": "https://www.sec.gov/Archives/edgar/data/914208/000095012901503635/0000950129-01-503635-index.htm",
    "finalLink": "https://www.sec.gov/Archives/edgar/data/914208/000095012901503635/0000950129-01-503635.txt"
  },
  {
    "date": "2001-06-30",
    "symbol": "IVZ",
    "reportedCurrency": "USD",
    "cik": "0000914208",
    "fillingDate": "2001-08-02",
    "acceptedDate": "2001-08-02 00:00:00",
    "calendarYear": "2001",
    "period": "Q2",
    "revenue": 602582000,
    "costOfRevenue": 394331000,
    "grossProfit": 208251000,
    "grossProfitRatio": 0.3455977776,
    "researchAndDevelopmentExpenses": 0,
    "generalAndAdministrativeExpenses": 0,
    "sellingAndMarketingExpenses": 0,
    "sellingGeneralAndAdministrativeExpenses": 0,
    "otherExpenses": 46969000,
    "operatingExpenses": 46969000,
    "costAndExpenses": 441300000,
    "interestIncome": 0,
    "interestExpense": 0,
    "depreciationAndAmortization": 72314000,
    "ebitda": 233596000,
    "ebitdaratio": 0.3876584432,
    "operatingIncome": 161282000,
    "operatingIncomeRatio": 0.2676515395,
    "totalOtherIncomeExpensesNet": -16429000,
    "incomeBeforeTax": 144853000,
    "incomeBeforeTaxRatio": 0.2403872004,
    "incomeTaxExpense": 60583000,
    "netIncome": 66421000,
    "netIncomeRatio": 0.1102273218,
    "eps": 0.0825,
    "epsdiluted": 0.0792,
    "weightedAverageShsOut": 805454000,
    "weightedAverageShsOutDil": 838808000,
    "link": "https://www.sec.gov/Archives/edgar/data/914208/000095012901502269/0000950129-01-502269-index.htm",
    "finalLink": "https://www.sec.gov/Archives/edgar/data/914208/000095012901502269/0000950129-01-502269.txt"
  },
  {
    "date": "2001-03-31",
    "symbol": "IVZ",
    "reportedCurrency": "USD",
    "cik": "0000914208",
    "fillingDate": "2001-04-24",
    "acceptedDate": "2001-04-24 00:00:00",
    "calendarYear": "2001",
    "period": "Q1",
    "revenue": 605622000,
    "costOfRevenue": 398313000,
    "grossProfit": 207309000,
    "grossProfitRatio": 0.342307578,
    "researchAndDevelopmentExpenses": 0,
    "generalAndAdministrativeExpenses": 0,
    "sellingAndMarketingExpenses": 0,
    "sellingGeneralAndAdministrativeExpenses": 0,
    "otherExpenses": 45089000,
    "operatingExpenses": 45089000,
    "costAndExpenses": 443402000,
    "interestIncome": 0,
    "interestExpense": 0,
    "depreciationAndAmortization": 69689000,
    "ebitda": 231909000,
    "ebitdaratio": 0.3829269743,
    "operatingIncome": 162220000,
    "operatingIncomeRatio": 0.267856848,
    "totalOtherIncomeExpensesNet": -16024000,
    "incomeBeforeTax": 146196000,
    "incomeBeforeTaxRatio": 0.2413980998,
    "incomeTaxExpense": 61212000,
    "netIncome": 79022000,
    "netIncomeRatio": 0.1304807289,
    "eps": 0.0989,
    "epsdiluted": 0.0945,
    "weightedAverageShsOut": 798664000,
    "weightedAverageShsOutDil": 836516000,
    "link": "https://www.sec.gov/Archives/edgar/data/914208/000095012901500097/0000950129-01-500097-index.htm",
    "finalLink": "https://www.sec.gov/Archives/edgar/data/914208/000095012901500097/0000950129-01-500097.txt"
  },
  {
    "date": "2000-12-31",
    "symbol": "IVZ",
    "reportedCurrency": "USD",
    "cik": "0000914208",
    "fillingDate": "2001-05-17",
    "acceptedDate": "2001-05-17 00:00:00",
    "calendarYear": "2000",
    "period": "Q4",
    "revenue": 665704000,
    "costOfRevenue": 405699000,
    "grossProfit": 260005000,
    "grossProfitRatio": 0.3905714852,
    "researchAndDevelopmentExpenses": 0,
    "generalAndAdministrativeExpenses": 0,
    "sellingAndMarketingExpenses": 0,
    "sellingGeneralAndAdministrativeExpenses": 0,
    "otherExpenses": 57394000,
    "operatingExpenses": 57394000,
    "costAndExpenses": 463093000,
    "interestIncome": 0,
    "interestExpense": 0,
    "depreciationAndAmortization": 57394000,
    "ebitda": 260005000,
    "ebitdaratio": 0.3905714852,
    "operatingIncome": 202611000,
    "operatingIncomeRatio": 0.30435599,
    "totalOtherIncomeExpensesNet": -17583000,
    "incomeBeforeTax": 185028000,
    "incomeBeforeTaxRatio": 0.2779433502,
    "incomeTaxExpense": 68675000,
    "netIncome": 89705000,
    "netIncomeRatio": 0.134752082,
    "eps": 0.14,
    "epsdiluted": 0.14,
    "weightedAverageShsOut": 645609976,
    "weightedAverageShsOutDil": 659944000,
    "link": "https://www.sec.gov/Archives/edgar/data/914208/000095012901500891/0000950129-01-500891-index.htm",
    "finalLink": "https://www.sec.gov/Archives/edgar/data/914208/000095012901500891/h86436e20-f.txt"
  },
  {
    "date": "2000-09-30",
    "symbol": "IVZ",
    "reportedCurrency": "USD",
    "cik": "0000914208",
    "fillingDate": "2000-10-19",
    "acceptedDate": "2000-10-19 00:00:00",
    "calendarYear": "2000",
    "period": "Q3",
    "revenue": 657476000,
    "costOfRevenue": 388428000,
    "grossProfit": 269048000,
    "grossProfitRatio": 0.4092134162,
    "researchAndDevelopmentExpenses": 0,
    "generalAndAdministrativeExpenses": 0,
    "sellingAndMarketingExpenses": 0,
    "sellingGeneralAndAdministrativeExpenses": 0,
    "otherExpenses": 43933000,
    "operatingExpenses": 43933000,
    "costAndExpenses": 432361000,
    "interestIncome": 0,
    "interestExpense": 0,
    "depreciationAndAmortization": 43933000,
    "ebitda": 269048000,
    "ebitdaratio": 0.4092134162,
    "operatingIncome": 225115000,
    "operatingIncomeRatio": 0.3423927261,
    "totalOtherIncomeExpensesNet": -15173000,
    "incomeBeforeTax": 209942000,
    "incomeBeforeTaxRatio": 0.3193150777,
    "incomeTaxExpense": 75213000,
    "netIncome": 112578000,
    "netIncomeRatio": 0.1712275429,
    "eps": 0.17,
    "epsdiluted": 0.16,
    "weightedAverageShsOut": 659944000,
    "weightedAverageShsOutDil": 701972000,
    "link": "https://www.sec.gov/Archives/edgar/data/914208/000095012900005023/0000950129-00-005023-index.htm",
    "finalLink": "https://www.sec.gov/Archives/edgar/data/914208/000095012900005023/0000950129-00-005023.txt"
  },
  {
    "date": "2000-06-30",
    "symbol": "IVZ",
    "reportedCurrency": "USD",
    "cik": "0000914208",
    "fillingDate": "2000-06-30",
    "acceptedDate": "2000-06-30 00:00:00",
    "calendarYear": "2000",
    "period": "Q2",
    "revenue": 583377000,
    "costOfRevenue": 359744000,
    "grossProfit": 223633000,
    "grossProfitRatio": 0.3833421612,
    "researchAndDevelopmentExpenses": 0,
    "generalAndAdministrativeExpenses": 0,
    "sellingAndMarketingExpenses": 0,
    "sellingGeneralAndAdministrativeExpenses": 0,
    "otherExpenses": 30539000,
    "operatingExpenses": 30539000,
    "costAndExpenses": 390283000,
    "interestIncome": 0,
    "interestExpense": 0,
    "depreciationAndAmortization": 30539000,
    "ebitda": 223633000,
    "ebitdaratio": 0.3833421612,
    "operatingIncome": 193094000,
    "operatingIncomeRatio": 0.3309935085,
    "totalOtherIncomeExpensesNet": -8345000,
    "incomeBeforeTax": 184749000,
    "incomeBeforeTaxRatio": 0.316688865,
    "incomeTaxExpense": 63521000,
    "netIncome": 121228000,
    "netIncomeRatio": 0.207803873,
    "eps": 0.19,
    "epsdiluted": 0.18,
    "weightedAverageShsOut": 650090000,
    "weightedAverageShsOutDil": 679635000,
    "link": null,
    "finalLink": null
  },
  {
    "date": "2000-03-31",
    "symbol": "IVZ",
    "reportedCurrency": "USD",
    "cik": "0000914208",
    "fillingDate": "2000-06-23",
    "acceptedDate": "2000-06-23 00:00:00",
    "calendarYear": "2000",
    "period": "Q1",
    "revenue": 588787000,
    "costOfRevenue": 360832000,
    "grossProfit": 227955000,
    "grossProfitRatio": 0.3871603823,
    "researchAndDevelopmentExpenses": 0,
    "generalAndAdministrativeExpenses": 0,
    "sellingAndMarketingExpenses": 0,
    "sellingGeneralAndAdministrativeExpenses": 0,
    "otherExpenses": 32642000,
    "operatingExpenses": 32642000,
    "costAndExpenses": 393474000,
    "interestIncome": 0,
    "interestExpense": 0,
    "depreciationAndAmortization": 32642000,
    "ebitda": 227955000,
    "ebitdaratio": 0.3871603823,
    "operatingIncome": 195313000,
    "operatingIncomeRatio": 0.3317209789,
    "totalOtherIncomeExpensesNet": -11511000,
    "incomeBeforeTax": 183802000,
    "incomeBeforeTaxRatio": 0.3121706152,
    "incomeTaxExpense": 63558000,
    "netIncome": 120244000,
    "netIncomeRatio": 0.204223259,
    "eps": 0.19,
    "epsdiluted": 0.18,
    "weightedAverageShsOut": 648680000,
    "weightedAverageShsOutDil": 677850000,
    "link": "https://www.sec.gov/Archives/edgar/data/914208/000095012900003380/0000950129-00-003380-index.htm",
    "finalLink": "https://www.sec.gov/Archives/edgar/data/914208/000095012900003380/0000950129-00-003380.txt"
  },
  {
    "date": "1999-12-31",
    "symbol": "IVZ",
    "reportedCurrency": "USD",
    "cik": "0000914208",
    "fillingDate": "2000-05-02",
    "acceptedDate": "2000-05-02 00:00:00",
    "calendarYear": "1999",
    "period": "Q4",
    "revenue": 454003000,
    "costOfRevenue": 279973000,
    "grossProfit": 174030000,
    "grossProfitRatio": 0.3833234582,
    "researchAndDevelopmentExpenses": 0,
    "generalAndAdministrativeExpenses": 0,
    "sellingAndMarketingExpenses": 0,
    "sellingGeneralAndAdministrativeExpenses": 0,
    "otherExpenses": 43704000,
    "operatingExpenses": 43704000,
    "costAndExpenses": 323677000,
    "interestIncome": 0,
    "interestExpense": 0,
    "depreciationAndAmortization": 43704000,
    "ebitda": 174030000,
    "ebitdaratio": 0.3833234582,
    "operatingIncome": 130326000,
    "operatingIncomeRatio": 0.2870597771,
    "totalOtherIncomeExpensesNet": -9286000,
    "incomeBeforeTax": 121040000,
    "incomeBeforeTaxRatio": 0.2666061678,
    "incomeTaxExpense": 40828000,
    "netIncome": 80212000,
    "netIncomeRatio": 0.1766772466,
    "eps": 0.13,
    "epsdiluted": 0.13,
    "weightedAverageShsOut": 633500000,
    "weightedAverageShsOutDil": 633500000,
    "link": "https://www.sec.gov/Archives/edgar/data/914208/000095012900002132/0000950129-00-002132-index.htm",
    "finalLink": "https://www.sec.gov/Archives/edgar/data/914208/000095012900002132/0000950129-00-002132.txt"
  },
  {
    "date": "1999-09-30",
    "symbol": "IVZ",
    "reportedCurrency": "USD",
    "cik": "0000914208",
    "fillingDate": "1999-09-30",
    "acceptedDate": "1999-09-29 20:00:00",
    "calendarYear": "1999",
    "period": "Q3",
    "revenue": 455300000,
    "costOfRevenue": 220800000,
    "grossProfit": 234500000,
    "grossProfitRatio": 0.5150450253,
    "researchAndDevelopmentExpenses": 0,
    "generalAndAdministrativeExpenses": 0,
    "sellingAndMarketingExpenses": 0,
    "sellingGeneralAndAdministrativeExpenses": 0,
    "otherExpenses": 94500000,
    "operatingExpenses": 94500000,
    "costAndExpenses": 315300000,
    "interestIncome": 0,
    "interestExpense": 0,
    "depreciationAndAmortization": 94500000,
    "ebitda": 234500000,
    "ebitdaratio": 0.5150450253,
    "operatingIncome": 140000000,
    "operatingIncomeRatio": 0.3074895673,
    "totalOtherIncomeExpensesNet": -13800000,
    "incomeBeforeTax": 126200000,
    "incomeBeforeTaxRatio": 0.2771798814,
    "incomeTaxExpense": 46100000,
    "netIncome": 80100000,
    "netIncomeRatio": 0.1759279596,
    "eps": 0.13,
    "epsdiluted": 0.12,
    "weightedAverageShsOut": 633500000,
    "weightedAverageShsOutDil": 666842105,
    "link": "",
    "finalLink": ""
  },
  {
    "date": "1999-06-30",
    "symbol": "IVZ",
    "reportedCurrency": "USD",
    "cik": "0000914208",
    "fillingDate": "1999-06-30",
    "acceptedDate": "1999-06-29 20:00:00",
    "calendarYear": "1999",
    "period": "Q2",
    "revenue": 408900000,
    "costOfRevenue": 274400000,
    "grossProfit": 134476000,
    "grossProfitRatio": 0.328872585,
    "researchAndDevelopmentExpenses": 0,
    "generalAndAdministrativeExpenses": 0,
    "sellingAndMarketingExpenses": 0,
    "sellingGeneralAndAdministrativeExpenses": 0,
    "otherExpenses": 14200000,
    "operatingExpenses": 14200000,
    "costAndExpenses": 288600000,
    "interestIncome": 0,
    "interestExpense": 0,
    "depreciationAndAmortization": 14200000,
    "ebitda": 134476000,
    "ebitdaratio": 0.328872585,
    "operatingIncome": 120276000,
    "operatingIncomeRatio": 0.2941452678,
    "totalOtherIncomeExpensesNet": -14276000,
    "incomeBeforeTax": 106000000,
    "incomeBeforeTaxRatio": 0.2592320861,
    "incomeTaxExpense": 39100000,
    "netIncome": 66900000,
    "netIncomeRatio": 0.1636096845,
    "eps": 0.11,
    "epsdiluted": 0.1,
    "weightedAverageShsOut": 637142857,
    "weightedAverageShsOutDil": 669000000,
    "link": "",
    "finalLink": ""
  },
  {
    "date": "1999-03-31",
    "symbol": "IVZ",
    "reportedCurrency": "USD",
    "cik": "0000914208",
    "fillingDate": "1999-03-31",
    "acceptedDate": "1999-03-30 19:00:00",
    "calendarYear": "1999",
    "period": "Q1",
    "revenue": 388500000,
    "costOfRevenue": 261500000,
    "grossProfit": 126979000,
    "grossProfitRatio": 0.3268442728,
    "researchAndDevelopmentExpenses": 0,
    "generalAndAdministrativeExpenses": 0,
    "sellingAndMarketingExpenses": 0,
    "sellingGeneralAndAdministrativeExpenses": 0,
    "otherExpenses": 14700000,
    "operatingExpenses": 14700000,
    "costAndExpenses": 276200000,
    "interestIncome": 0,
    "interestExpense": 0,
    "depreciationAndAmortization": 14700000,
    "ebitda": 126979000,
    "ebitdaratio": 0.3268442728,
    "operatingIncome": 112279000,
    "operatingIncomeRatio": 0.289006435,
    "totalOtherIncomeExpensesNet": -14779000,
    "incomeBeforeTax": 97500000,
    "incomeBeforeTaxRatio": 0.250965251,
    "incomeTaxExpense": 36500000,
    "netIncome": 61000000,
    "netIncomeRatio": 0.157014157,
    "eps": 0.0963,
    "epsdiluted": 0.0939,
    "weightedAverageShsOut": 633571429,
    "weightedAverageShsOutDil": 649500000,
    "link": "",
    "finalLink": ""
  },
  {
    "date": "1998-12-31",
    "symbol": "IVZ",
    "reportedCurrency": "USD",
    "cik": "0000914208",
    "fillingDate": "1999-03-31",
    "acceptedDate": "1999-03-31 00:00:00",
    "calendarYear": "1998",
    "period": "Q4",
    "revenue": 345500000,
    "costOfRevenue": 201400000,
    "grossProfit": 144100000,
    "grossProfitRatio": 0.4170767004,
    "researchAndDevelopmentExpenses": 0,
    "generalAndAdministrativeExpenses": 0,
    "sellingAndMarketingExpenses": 0,
    "sellingGeneralAndAdministrativeExpenses": 0,
    "otherExpenses": 59300000,
    "operatingExpenses": 59300000,
    "costAndExpenses": 260700000,
    "interestIncome": 0,
    "interestExpense": 0,
    "depreciationAndAmortization": 59300000,
    "ebitda": 144100000,
    "ebitdaratio": 0.4170767004,
    "operatingIncome": 84800000,
    "operatingIncomeRatio": 0.2454413893,
    "totalOtherIncomeExpensesNet": 55300000,
    "incomeBeforeTax": 140100000,
    "incomeBeforeTaxRatio": 0.4054992764,
    "incomeTaxExpense": 24300000,
    "netIncome": 48100000,
    "netIncomeRatio": 0.1392185239,
    "eps": 0.0763,
    "epsdiluted": 0.0763,
    "weightedAverageShsOut": 630000000,
    "weightedAverageShsOutDil": 630000000,
    "link": "https://www.sec.gov/Archives/edgar/data/914208/000095012999001320/0000950129-99-001320-index.htm",
    "finalLink": "https://www.sec.gov/Archives/edgar/data/914208/0000950129-99-001320.txt"
  },
  {
    "date": "1998-09-30",
    "symbol": "IVZ",
    "reportedCurrency": "USD",
    "cik": "0000914208",
    "fillingDate": "1998-09-30",
    "acceptedDate": "1998-09-29 20:00:00",
    "calendarYear": "1998",
    "period": "Q3",
    "revenue": 384500000,
    "costOfRevenue": 268100000,
    "grossProfit": 116400000,
    "grossProfitRatio": 0.3027308192,
    "researchAndDevelopmentExpenses": 0,
    "generalAndAdministrativeExpenses": 0,
    "sellingAndMarketingExpenses": 0,
    "sellingGeneralAndAdministrativeExpenses": 0,
    "otherExpenses": 14600000,
    "operatingExpenses": 14600000,
    "costAndExpenses": 282700000,
    "interestIncome": 0,
    "interestExpense": 0,
    "depreciationAndAmortization": 14600000,
    "ebitda": 116400000,
    "ebitdaratio": 0.3027308192,
    "operatingIncome": 101800000,
    "operatingIncomeRatio": 0.2647594278,
    "totalOtherIncomeExpensesNet": -19000000,
    "incomeBeforeTax": 82800000,
    "incomeBeforeTaxRatio": 0.2153446034,
    "incomeTaxExpense": 32400000,
    "netIncome": 50400000,
    "netIncomeRatio": 0.1310793238,
    "eps": 0.08,
    "epsdiluted": 0.08,
    "weightedAverageShsOut": 630000000,
    "weightedAverageShsOutDil": 630000000,
    "link": "",
    "finalLink": ""
  },
  {
    "date": "1998-06-30",
    "symbol": "IVZ",
    "reportedCurrency": "USD",
    "cik": "0000914208",
    "fillingDate": "1998-06-30",
    "acceptedDate": "1998-06-29 20:00:00",
    "calendarYear": "1998",
    "period": "Q2",
    "revenue": 319100000,
    "costOfRevenue": 212900000,
    "grossProfit": 106200000,
    "grossProfitRatio": 0.332811031,
    "researchAndDevelopmentExpenses": 0,
    "generalAndAdministrativeExpenses": 0,
    "sellingAndMarketingExpenses": 0,
    "sellingGeneralAndAdministrativeExpenses": 0,
    "otherExpenses": 0,
    "operatingExpenses": 0,
    "costAndExpenses": 212900000,
    "interestIncome": 0,
    "interestExpense": 0,
    "depreciationAndAmortization": 0,
    "ebitda": 106200000,
    "ebitdaratio": 0.332811031,
    "operatingIncome": 106200000,
    "operatingIncomeRatio": 0.332811031,
    "totalOtherIncomeExpensesNet": -76300000,
    "incomeBeforeTax": 29900000,
    "incomeBeforeTaxRatio": 0.0937010342,
    "incomeTaxExpense": 34900000,
    "netIncome": -5000000,
    "netIncomeRatio": -0.0156690693,
    "eps": -0.01,
    "epsdiluted": -0.0081,
    "weightedAverageShsOut": 500000000,
    "weightedAverageShsOutDil": 616000000,
    "link": "",
    "finalLink": ""
  },
  {
    "date": "1998-03-31",
    "symbol": "IVZ",
    "reportedCurrency": "USD",
    "cik": "0000914208",
    "fillingDate": "1998-03-31",
    "acceptedDate": "1998-03-30 19:00:00",
    "calendarYear": "1998",
    "period": "Q1",
    "revenue": 270700000,
    "costOfRevenue": 175700000,
    "grossProfit": 95000000,
    "grossProfitRatio": 0.3509420022,
    "researchAndDevelopmentExpenses": 0,
    "generalAndAdministrativeExpenses": 0,
    "sellingAndMarketingExpenses": 0,
    "sellingGeneralAndAdministrativeExpenses": 0,
    "otherExpenses": 0,
    "operatingExpenses": 0,
    "costAndExpenses": 175700000,
    "interestIncome": 0,
    "interestExpense": 0,
    "depreciationAndAmortization": 0,
    "ebitda": 95000000,
    "ebitdaratio": 0.3509420022,
    "operatingIncome": 95000000,
    "operatingIncomeRatio": 0.3509420022,
    "totalOtherIncomeExpensesNet": -1700000,
    "incomeBeforeTax": 93300000,
    "incomeBeforeTaxRatio": 0.3446619874,
    "incomeTaxExpense": 31700000,
    "netIncome": 61600000,
    "netIncomeRatio": 0.2275581825,
    "eps": 0.11,
    "epsdiluted": 0.1,
    "weightedAverageShsOut": 560000000,
    "weightedAverageShsOutDil": 616000000,
    "link": "",
    "finalLink": ""
  },
  {
    "date": "1997-12-31",
    "symbol": "IVZ",
    "reportedCurrency": "USD",
    "cik": "0000914208",
    "fillingDate": "1997-12-31",
    "acceptedDate": "1997-12-30 19:00:00",
    "calendarYear": "1997",
    "period": "Q4",
    "revenue": 223800000,
    "costOfRevenue": 0,
    "grossProfit": 223800000,
    "grossProfitRatio": 1,
    "researchAndDevelopmentExpenses": 0,
    "generalAndAdministrativeExpenses": 0,
    "sellingAndMarketingExpenses": 0,
    "sellingGeneralAndAdministrativeExpenses": 0,
    "otherExpenses": 569200000,
    "operatingExpenses": 569200000,
    "costAndExpenses": 569200000,
    "interestIncome": 0,
    "interestExpense": 0,
    "depreciationAndAmortization": 0,
    "ebitda": -345400000,
    "ebitdaratio": -1.5433422699,
    "operatingIncome": -345400000,
    "operatingIncomeRatio": -1.5433422699,
    "totalOtherIncomeExpensesNet": 345400000,
    "incomeBeforeTax": 0,
    "incomeBeforeTaxRatio": 0,
    "incomeTaxExpense": -49200000,
    "netIncome": 49200000,
    "netIncomeRatio": 0.2198391421,
    "eps": 0.0948,
    "epsdiluted": 0.0948,
    "weightedAverageShsOut": 518918919,
    "weightedAverageShsOutDil": 518918919,
    "link": "",
    "finalLink": ""
  },
  {
    "date": "1997-09-30",
    "symbol": "IVZ",
    "reportedCurrency": "USD",
    "cik": "0000914208",
    "fillingDate": "1997-09-30",
    "acceptedDate": "1997-09-29 20:00:00",
    "calendarYear": "1997",
    "period": "Q3",
    "revenue": 217600000,
    "costOfRevenue": 0,
    "grossProfit": 217600000,
    "grossProfitRatio": 1,
    "researchAndDevelopmentExpenses": 0,
    "generalAndAdministrativeExpenses": 0,
    "sellingAndMarketingExpenses": 0,
    "sellingGeneralAndAdministrativeExpenses": 0,
    "otherExpenses": 0,
    "operatingExpenses": 0,
    "costAndExpenses": 0,
    "interestIncome": 0,
    "interestExpense": 0,
    "depreciationAndAmortization": 0,
    "ebitda": 217600000,
    "ebitdaratio": 1,
    "operatingIncome": 217600000,
    "operatingIncomeRatio": 1,
    "totalOtherIncomeExpensesNet": -217600000,
    "incomeBeforeTax": 0,
    "incomeBeforeTaxRatio": 0,
    "incomeTaxExpense": -48000000,
    "netIncome": 48000000,
    "netIncomeRatio": 0.2205882353,
    "eps": 0.0925,
    "epsdiluted": 0.085,
    "weightedAverageShsOut": 518918919,
    "weightedAverageShsOutDil": 564705882,
    "link": "",
    "finalLink": ""
  },
  {
    "date": "1997-06-30",
    "symbol": "IVZ",
    "reportedCurrency": "USD",
    "cik": "0000914208",
    "fillingDate": "1997-06-30",
    "acceptedDate": "1997-06-29 20:00:00",
    "calendarYear": "1997",
    "period": "Q2",
    "revenue": 217600000,
    "costOfRevenue": 0,
    "grossProfit": 217600000,
    "grossProfitRatio": 1,
    "researchAndDevelopmentExpenses": 0,
    "generalAndAdministrativeExpenses": 0,
    "sellingAndMarketingExpenses": 0,
    "sellingGeneralAndAdministrativeExpenses": 0,
    "otherExpenses": 0,
    "operatingExpenses": 0,
    "costAndExpenses": 0,
    "interestIncome": 0,
    "interestExpense": 0,
    "depreciationAndAmortization": 0,
    "ebitda": 217600000,
    "ebitdaratio": 1,
    "operatingIncome": 217600000,
    "operatingIncomeRatio": 1,
    "totalOtherIncomeExpensesNet": -217600000,
    "incomeBeforeTax": 0,
    "incomeBeforeTaxRatio": 0,
    "incomeTaxExpense": -48000000,
    "netIncome": 48000000,
    "netIncomeRatio": 0.2205882353,
    "eps": 0.0654,
    "epsdiluted": 0.0654,
    "weightedAverageShsOut": 734200000,
    "weightedAverageShsOutDil": 734200000,
    "link": "",
    "finalLink": ""
  },
  {
    "date": "1997-03-31",
    "symbol": "IVZ",
    "reportedCurrency": "USD",
    "cik": "0000914208",
    "fillingDate": "1997-03-31",
    "acceptedDate": "1997-03-30 19:00:00",
    "calendarYear": "1997",
    "period": "Q1",
    "revenue": 217600000,
    "costOfRevenue": 0,
    "grossProfit": 217600000,
    "grossProfitRatio": 1,
    "researchAndDevelopmentExpenses": 0,
    "generalAndAdministrativeExpenses": 0,
    "sellingAndMarketingExpenses": 0,
    "sellingGeneralAndAdministrativeExpenses": 0,
    "otherExpenses": 0,
    "operatingExpenses": 0,
    "costAndExpenses": 0,
    "interestIncome": 0,
    "interestExpense": 0,
    "depreciationAndAmortization": 0,
    "ebitda": 217600000,
    "ebitdaratio": 1,
    "operatingIncome": 217600000,
    "operatingIncomeRatio": 1,
    "totalOtherIncomeExpensesNet": -217600000,
    "incomeBeforeTax": 0,
    "incomeBeforeTaxRatio": 0,
    "incomeTaxExpense": -48000000,
    "netIncome": 48000000,
    "netIncomeRatio": 0.2205882353,
    "eps": 0.0654,
    "epsdiluted": 0.0654,
    "weightedAverageShsOut": 734200000,
    "weightedAverageShsOutDil": 734200000,
    "link": "",
    "finalLink": ""
  }
]