[
  {
    "date": "2024-12-31",
    "symbol": "IVZ",
    "reportedCurrency": "USD",
    "cik": "0000914208",
    "fillingDate": "2025-02-25",
    "acceptedDate": "2025-02-25 13:27:00",
    "calendarYear": "2024",
    "period": "FY",
    "revenue": 6067000000,
    "costOfRevenue": 4039800000,
    "grossProfit": 2027200000,
    "grossProfitRatio": 0.3341354871,
    "researchAndDevelopmentExpenses": 0,
    "generalAndAdministrativeExpenses": 594700000,
    "sellingAndMarketingExpenses": 81300000,
    "sellingGeneralAndAdministrativeExpenses": 676000000,
    "otherExpenses": 519100000,
    "operatingExpenses": 1195100000,
    "costAndExpenses": 5234900000,
    "interestIncome": 58900000,
    "interestExpense": 58000000,
    "depreciationAndAmortization": 179600000,
    "ebitda": 1242900000,
    "ebitdaratio": 0.2048623702,
    "operatingIncome": 832100000,
    "operatingIncomeRatio": 0.1371518048,
    "totalOtherIncomeExpensesNet": 173200000,
    "incomeBeforeTax": 1005300000,
    "incomeBeforeTaxRatio": 0.1656996868,
    "incomeTaxExpense": 252900000,
    "netIncome": 774800000,
    "netIncomeRatio": 0.1277072688,
    "eps": 1.18,
    "epsdiluted": 1.18,
    "weightedAverageShsOut": 457000000,
    "weightedAverageShsOutDil": 457700000,
    "link": "https://www.sec.gov/Archives/edgar/data/914208/000091420825000114/0000914208-25-000114-index.htm",
    "finalLink": "https://www.sec.gov/Archives/edgar/data/914208/000091420825000114/ivz-20241231.htm"
  },
  {
    "date": "2023-12-31",
    "symbol": "IVZ",
    "reportedCurrency": "USD",
    "cik": "0000914208",
    "fillingDate": "2024-02-21",
    "acceptedDate": "2024-02-21 14:26:50",
    "calendarYear": "2023",
    "period": "FY",
    "revenue": 5716400000,
    "costOfRevenue": 3711000000,
    "grossProfit": 2005400000,
    "grossProfitRatio": 0.3508151984,
    "researchAndDevelopmentExpenses": 0,
    "generalAndAdministrativeExpenses": 567600000,
    "sellingAndMarketingExpenses": 82100000,
    "sellingGeneralAndAdministrativeExpenses": 649700000,
    "otherExpenses": 1790500000,
    "operatingExpenses": 2440200000,
    "costAndExpenses": 6151200000,
    "interestIncome": 47800000,
    "interestExpense": 70500000,
    "depreciationAndAmortization": 1298800000,
    "ebitda": 1131400000,
    "ebitdaratio": 0.1979217689,
    "operatingIncome": -434800000,
    "operatingIncomeRatio": -0.0760618571,
    "totalOtherIncomeExpensesNet": 196900000,
    "incomeBeforeTax": -237900000,
    "incomeBeforeTaxRatio": -0.0416171017,
    "incomeTaxExpense": -69700000,
    "netIncome": -96900000,
    "netIncomeRatio": -0.016951228,
    "eps": -0.73,
    "epsdiluted": -0.73,
    "weightedAverageShsOut": 454800000,
    "weightedAverageShsOutDil": 456200000,
    "link": "https://www.sec.gov/Archives/edgar/data/914208/000091420824000219/0000914208-24-000219-index.htm",
    "finalLink": "https://www.sec.gov/Archives/edgar/data/914208/000091420824000219/ivz-20231231.htm"
  },
  {
    "date": "2022-12-31",
    "symbol": "IVZ",
    "reportedCurrency": "USD",
    "cik": "0000914208",
    "fillingDate": "2023-02-23",
    "acceptedDate": "2023-02-22 17:46:55",
    "calendarYear": "2022",
    "period": "FY",
    "revenue": 6048900000,
    "costOfRevenue": 3611300000,
    "grossProfit": 2437600000,
    "grossProfitRatio": 0.4029823604,
    "researchAndDevelopmentExpenses": 0,
    "generalAndAdministrativeExpenses": 493600000,
    "sellingAndMarketingExpenses": 94600000,
    "sellingGeneralAndAdministrativeExpenses": 588200000,
    "otherExpenses": 531700000,
    "operatingExpenses": 1119900000,
    "costAndExpenses": 4731200000,
    "interestIncome": 24400000,
    "interestExpense": 85200000,
    "depreciationAndAmortization": 195300000,
    "ebitda": 1528200000,
    "ebitdaratio": 0.252640976,
    "operatingIncome": 1317700000,
    "operatingIncomeRatio": 0.2178412604,
    "totalOtherIncomeExpensesNet": -70000000,
    "incomeBeforeTax": 1247700000,
    "incomeBeforeTaxRatio": 0.2062689084,
    "incomeTaxExpense": 322200000,
    "netIncome": 920700000,
    "netIncomeRatio": 0.1522094926,
    "eps": 1.5,
    "epsdiluted": 1.49,
    "weightedAverageShsOut": 457500000,
    "weightedAverageShsOutDil": 459500000,
    "link": "https://www.sec.gov/Archives/edgar/data/914208/000091420823000297/0000914208-23-000297-index.htm",
    "finalLink": "https://www.sec.gov/Archives/edgar/data/914208/000091420823000297/ivz-20221231.htm"
  },
  {
    "date": "2021-12-31",
    "symbol": "IVZ",
    "reportedCurrency": "USD",
    "cik": "0000914208",
    "fillingDate": "2022-02-18",
    "acceptedDate": "2022-02-18 07:12:27",
    "calendarYear": "2021",
    "period": "FY",
    "revenue": 6894500000,
    "costOfRevenue": 4060600000,
    "grossProfit": 2833900000,
    "grossProfitRatio": 0.4110377837,
    "researchAndDevelopmentExpenses": 0,
    "generalAndAdministrativeExpenses": 424100000,
    "sellingAndMarketingExpenses": 98600000,
    "sellingGeneralAndAdministrativeExpenses": 522700000,
    "otherExpenses": 523000000,
    "operatingExpenses": 1045700000,
    "costAndExpenses": 5106300000,
    "interestIncome": 25200000,
    "interestExpense": 94700000,
    "depreciationAndAmortization": 205300000,
    "ebitda": 2800500000,
    "ebitdaratio": 0.4061933425,
    "operatingIncome": 1788200000,
    "operatingIncomeRatio": 0.2593661614,
    "totalOtherIncomeExpensesNet": 712300000,
    "incomeBeforeTax": 2500500000,
    "incomeBeforeTaxRatio": 0.3626803974,
    "incomeTaxExpense": 531100000,
    "netIncome": 1629800000,
    "netIncomeRatio": 0.2363913264,
    "eps": 3.01,
    "epsdiluted": 2.99,
    "weightedAverageShsOut": 462800000,
    "weightedAverageShsOutDil": 465400000,
    "link": "https://www.sec.gov/Archives/edgar/data/914208/000091420822000319/0000914208-22-000319-index.htm",
    "finalLink": "https://www.sec.gov/Archives/edgar/data/914208/000091420822000319/ivz-20211231.htm"
  },
  {
    "date": "2020-12-31",
    "symbol": "IVZ",
    "reportedCurrency": "USD",
    "cik": "0000914208",
    "fillingDate": "2021-02-19",
    "acceptedDate": "2021-02-19 07:49:21",
    "calendarYear": "2020",
    "period": "FY",
    "revenue": 6145600000,
    "costOfRevenue": 3755500000,
    "grossProfit": 2390100000,
    "grossProfitRatio": 0.3889123926,
    "researchAndDevelopmentExpenses": 0,
    "generalAndAdministrativeExpenses": 480800000,
    "sellingAndMarketingExpenses": 83300000,
    "sellingGeneralAndAdministrativeExpenses": 564100000,
    "otherExpenses": 905600000,
    "operatingExpenses": 1469700000,
    "costAndExpenses": 5225200000,
    "interestIncome": 20500000,
    "interestExpense": 129300000,
    "depreciationAndAmortization": 203500000,
    "ebitda": 1401900000,
    "ebitdaratio": 0.2281144233,
    "operatingIncome": 920400000,
    "operatingIncomeRatio": 0.149765686,
    "totalOtherIncomeExpensesNet": 148700000,
    "incomeBeforeTax": 1069100000,
    "incomeBeforeTaxRatio": 0.1739618589,
    "incomeTaxExpense": 261600000,
    "netIncome": 761600000,
    "netIncomeRatio": 0.1239260609,
    "eps": 1.14,
    "epsdiluted": 1.13,
    "weightedAverageShsOut": 459500000,
    "weightedAverageShsOutDil": 462500000,
    "link": "https://www.sec.gov/Archives/edgar/data/914208/000091420821000331/0000914208-21-000331-index.htm",
    "finalLink": "https://www.sec.gov/Archives/edgar/data/914208/000091420821000331/ivz-20201231.htm"
  },
  {
    "date": "2019-12-31",
    "symbol": "IVZ",
    "reportedCurrency": "USD",
    "cik": "0000914208",
    "fillingDate": "2020-03-02",
    "acceptedDate": "2020-03-02 06:06:35",
    "calendarYear": "2019",
    "period": "FY",
    "revenue": 6117400000,
    "costOfRevenue": 3602300000,
    "grossProfit": 2515100000,
    "grossProfitRatio": 0.4111387191,
    "researchAndDevelopmentExpenses": 0,
    "generalAndAdministrativeExpenses": 404200000,
    "sellingAndMarketingExpenses": 135600000,
    "sellingGeneralAndAdministrativeExpenses": 539800000,
    "otherExpenses": 1167100000,
    "operatingExpenses": 1706900000,
    "costAndExpenses": 5309200000,
    "interestIncome": 28500000,
    "interestExpense": 135700000,
    "depreciationAndAmortization": 177600000,
    "ebitda": 1286200000,
    "ebitdaratio": 0.2102527217,
    "operatingIncome": 808200000,
    "operatingIncomeRatio": 0.1321149508,
    "totalOtherIncomeExpensesNet": 164700000,
    "incomeBeforeTax": 972900000,
    "incomeBeforeTaxRatio": 0.1590381535,
    "incomeTaxExpense": 235100000,
    "netIncome": 688300000,
    "netIncomeRatio": 0.1125151208,
    "eps": 1.29,
    "epsdiluted": 1.28,
    "weightedAverageShsOut": 437800000,
    "weightedAverageShsOutDil": 440500000,
    "link": "https://www.sec.gov/Archives/edgar/data/914208/000091420820000245/0000914208-20-000245-index.htm",
    "finalLink": "https://www.sec.gov/Archives/edgar/data/914208/000091420820000245/a201910-k.htm"
  },
  {
    "date": "2018-12-31",
    "symbol": "IVZ",
    "reportedCurrency": "USD",
    "cik": "0000914208",
    "fillingDate": "2019-02-22",
    "acceptedDate": "2019-02-21 21:51:55",
    "calendarYear": "2018",
    "period": "FY",
    "revenue": 5314100000,
    "costOfRevenue": 3102600000,
    "grossProfit": 2211500000,
    "grossProfitRatio": 0.4161570162,
    "researchAndDevelopmentExpenses": 0,
    "generalAndAdministrativeExpenses": 324400000,
    "sellingAndMarketingExpenses": 134800000,
    "sellingGeneralAndAdministrativeExpenses": 459200000,
    "otherExpenses": 547400000,
    "operatingExpenses": 1006600000,
    "costAndExpenses": 4109200000,
    "interestIncome": 21300000,
    "interestExpense": 111500000,
    "depreciationAndAmortization": 142100000,
    "ebitda": 1391700000,
    "ebitdaratio": 0.2618881843,
    "operatingIncome": 1204900000,
    "operatingIncomeRatio": 0.2267364182,
    "totalOtherIncomeExpensesNet": -66800000,
    "incomeBeforeTax": 1138100000,
    "incomeBeforeTaxRatio": 0.2141660864,
    "incomeTaxExpense": 255000000,
    "netIncome": 882800000,
    "netIncomeRatio": 0.166124085,
    "eps": 2.14,
    "epsdiluted": 2.14,
    "weightedAverageShsOut": 399800000,
    "weightedAverageShsOutDil": 412500000,
    "link": "https://www.sec.gov/Archives/edgar/data/914208/000091420819000195/0000914208-19-000195-index.htm",
    "finalLink": "https://www.sec.gov/Archives/edgar/data/914208/000091420819000195/a201810-k.htm"
  },
  {
    "date": "2017-12-31",
    "symbol": "IVZ",
    "reportedCurrency": "USD",
    "cik": "0000914208",
    "fillingDate": "2018-02-23",
    "acceptedDate": "2018-02-23 12:10:39",
    "calendarYear": "2017",
    "period": "FY",
    "revenue": 5160300000,
    "costOfRevenue": 2986100000,
    "grossProfit": 2174200000,
    "grossProfitRatio": 0.4213320931,
    "researchAndDevelopmentExpenses": 0,
    "generalAndAdministrativeExpenses": 306900000,
    "sellingAndMarketingExpenses": 121800000,
    "sellingGeneralAndAdministrativeExpenses": 428700000,
    "otherExpenses": 466400000,
    "operatingExpenses": 895100000,
    "costAndExpenses": 3881200000,
    "interestIncome": 13400000,
    "interestExpense": 94800000,
    "depreciationAndAmortization": 116800000,
    "ebitda": 1640800000,
    "ebitdaratio": 0.3179660097,
    "operatingIncome": 1279100000,
    "operatingIncomeRatio": 0.2478731857,
    "totalOtherIncomeExpensesNet": 150100000,
    "incomeBeforeTax": 1429200000,
    "incomeBeforeTaxRatio": 0.2769606418,
    "incomeTaxExpense": 268200000,
    "netIncome": 1127300000,
    "netIncomeRatio": 0.2184562913,
    "eps": 2.75,
    "epsdiluted": 2.75,
    "weightedAverageShsOut": 409400000,
    "weightedAverageShsOutDil": 409900000,
    "link": "https://www.sec.gov/Archives/edgar/data/914208/000091420818000255/0000914208-18-000255-index.htm",
    "finalLink": "https://www.sec.gov/Archives/edgar/data/914208/000091420818000255/a201710-k.htm"
  },
  {
    "date": "2016-12-31",
    "symbol": "IVZ",
    "reportedCurrency": "USD",
    "cik": "0000914208",
    "fillingDate": "2017-02-23",
    "acceptedDate": "2017-02-23 12:11:17",
    "calendarYear": "2016",
    "period": "FY",
    "revenue": 4734400000,
    "costOfRevenue": 2776600000,
    "grossProfit": 1957800000,
    "grossProfitRatio": 0.4135265292,
    "researchAndDevelopmentExpenses": 0,
    "generalAndAdministrativeExpenses": 294400000,
    "sellingAndMarketingExpenses": 114800000,
    "sellingGeneralAndAdministrativeExpenses": 409200000,
    "otherExpenses": 396200000,
    "operatingExpenses": 805400000,
    "costAndExpenses": 3582000000,
    "interestIncome": 12200000,
    "interestExpense": 93400000,
    "depreciationAndAmortization": 101200000,
    "ebitda": 1401200000,
    "ebitdaratio": 0.2959614735,
    "operatingIncome": 1152400000,
    "operatingIncomeRatio": 0.2434099358,
    "totalOtherIncomeExpensesNet": 54200000,
    "incomeBeforeTax": 1206600000,
    "incomeBeforeTaxRatio": 0.2548580602,
    "incomeTaxExpense": 338300000,
    "netIncome": 854200000,
    "netIncomeRatio": 0.1804241298,
    "eps": 2.12,
    "epsdiluted": 2.12,
    "weightedAverageShsOut": 414700053,
    "weightedAverageShsOutDil": 415000000,
    "link": "https://www.sec.gov/Archives/edgar/data/914208/000091420817000328/0000914208-17-000328-index.htm",
    "finalLink": "https://www.sec.gov/Archives/edgar/data/914208/000091420817000328/a201610-k.htm"
  },
  {
    "date": "2015-12-31",
    "symbol": "IVZ",
    "reportedCurrency": "USD",
    "cik": "0000914208",
    "fillingDate": "2016-02-19",
    "acceptedDate": "2016-02-19 11:33:01",
    "calendarYear": "2015",
    "period": "FY",
    "revenue": 5122900000,
    "costOfRevenue": 2975400000,
    "grossProfit": 2147500000,
    "grossProfitRatio": 0.4191961584,
    "researchAndDevelopmentExpenses": 0,
    "generalAndAdministrativeExpenses": 361700000,
    "sellingAndMarketingExpenses": 115400000,
    "sellingGeneralAndAdministrativeExpenses": 477100000,
    "otherExpenses": 312000000,
    "operatingExpenses": 789100000,
    "costAndExpenses": 3764500000,
    "interestIncome": 13000000,
    "interestExpense": 81700000,
    "depreciationAndAmortization": 93600000,
    "ebitda": 1537400000,
    "ebitdaratio": 0.300103457,
    "operatingIncome": 1358400000,
    "operatingIncomeRatio": 0.2651623104,
    "totalOtherIncomeExpensesNet": 3700000,
    "incomeBeforeTax": 1362100000,
    "incomeBeforeTaxRatio": 0.2658845576,
    "incomeTaxExpense": 398000000,
    "netIncome": 968100000,
    "netIncomeRatio": 0.1889749946,
    "eps": 2.32,
    "epsdiluted": 2.31,
    "weightedAverageShsOut": 428900095,
    "weightedAverageShsOutDil": 429300000,
    "link": "https://www.sec.gov/Archives/edgar/data/914208/000091420816000846/0000914208-16-000846-index.htm",
    "finalLink": "https://www.sec.gov/Archives/edgar/data/914208/000091420816000846/a201510-k.htm"
  },
  {
    "date": "2014-12-31",
    "symbol": "IVZ",
    "reportedCurrency": "USD",
    "cik": "0000914208",
    "fillingDate": "2015-02-20",
    "acceptedDate": "2015-02-20 12:00:39",
    "calendarYear": "2014",
    "period": "FY",
    "revenue": 5147100000,
    "costOfRevenue": 3025200000,
    "grossProfit": 2121900000,
    "grossProfitRatio": 0.4122515591,
    "researchAndDevelopmentExpenses": 0,
    "generalAndAdministrativeExpenses": 396500000,
    "sellingAndMarketingExpenses": 112100000,
    "sellingGeneralAndAdministrativeExpenses": 508600000,
    "otherExpenses": 336400000,
    "operatingExpenses": 845000000,
    "costAndExpenses": 3870200000,
    "interestIncome": 13100000,
    "interestExpense": 73100000,
    "depreciationAndAmortization": 89400000,
    "ebitda": 1557600000,
    "ebitdaratio": 0.3026170076,
    "operatingIncome": 1276900000,
    "operatingIncomeRatio": 0.2480814439,
    "totalOtherIncomeExpensesNet": 118200000,
    "incomeBeforeTax": 1395100000,
    "incomeBeforeTaxRatio": 0.2710458316,
    "incomeTaxExpense": 390600000,
    "netIncome": 991500000,
    "netIncomeRatio": 0.1926327447,
    "eps": 2.34,
    "epsdiluted": 2.27,
    "weightedAverageShsOut": 435000065,
    "weightedAverageShsOutDil": 435600000,
    "link": "https://www.sec.gov/Archives/edgar/data/914208/000091420815000293/0000914208-15-000293-index.htm",
    "finalLink": "https://www.sec.gov/Archives/edgar/data/914208/000091420815000293/a201410-kxbrl.htm"
  },
  {
    "date": "2013-12-31",
    "symbol": "IVZ",
    "reportedCurrency": "USD",
    "cik": "0000914208",
    "fillingDate": "2014-02-21",
    "acceptedDate": "2014-02-21 11:52:12",
    "calendarYear": "2013",
    "period": "FY",
    "revenue": 4644600000,
    "costOfRevenue": 2818500000,
    "grossProfit": 1826100000,
    "grossProfitRatio": 0.3931662576,
    "researchAndDevelopmentExpenses": 11700000,
    "generalAndAdministrativeExpenses": 311300000,
    "sellingAndMarketingExpenses": 98600000,
    "sellingGeneralAndAdministrativeExpenses": 409900000,
    "otherExpenses": 296000000,
    "operatingExpenses": 705900000,
    "costAndExpenses": 3524400000,
    "interestIncome": 200000000,
    "interestExpense": 167900000,
    "depreciationAndAmortization": 88400000,
    "ebitda": 1511500000,
    "ebitdaratio": 0.3254316841,
    "operatingIncome": 1120200000,
    "operatingIncomeRatio": 0.2411833096,
    "totalOtherIncomeExpensesNet": 135000000,
    "incomeBeforeTax": 1255200000,
    "incomeBeforeTaxRatio": 0.2702493218,
    "incomeTaxExpense": 336900000,
    "netIncome": 940300000,
    "netIncomeRatio": 0.2024501572,
    "eps": 2.18,
    "epsdiluted": 2.17,
    "weightedAverageShsOut": 447500000,
    "weightedAverageShsOutDil": 448500000,
    "link": "https://www.sec.gov/Archives/edgar/data/914208/000091420814000271/0000914208-14-000271-index.htm",
    "finalLink": "https://www.sec.gov/Archives/edgar/data/914208/000091420814000271/a201310-k.htm"
  },
  {
    "date": "2012-12-31",
    "symbol": "IVZ",
    "reportedCurrency": "USD",
    "cik": "0000914208",
    "fillingDate": "2013-02-22",
    "acceptedDate": "2013-02-22 13:22:43",
    "calendarYear": "2012",
    "period": "FY",
    "revenue": 4050400000,
    "costOfRevenue": 2536200000,
    "grossProfit": 1514200000,
    "grossProfitRatio": 0.3738396208,
    "researchAndDevelopmentExpenses": 0,
    "generalAndAdministrativeExpenses": 296100000,
    "sellingAndMarketingExpenses": 103000000,
    "sellingGeneralAndAdministrativeExpenses": 398300000,
    "otherExpenses": 273300000,
    "operatingExpenses": 671600000,
    "costAndExpenses": 3207800000,
    "interestIncome": 268300000,
    "interestExpense": 220600000,
    "depreciationAndAmortization": 95000000,
    "ebitda": 1146200000,
    "ebitdaratio": 0.2829843966,
    "operatingIncome": 842600000,
    "operatingIncomeRatio": 0.2080288367,
    "totalOtherIncomeExpensesNet": 16900000,
    "incomeBeforeTax": 859500000,
    "incomeBeforeTaxRatio": 0.2122012641,
    "incomeTaxExpense": 272200000,
    "netIncome": 677100000,
    "netIncomeRatio": 0.1671686747,
    "eps": 1.5,
    "epsdiluted": 1.49,
    "weightedAverageShsOut": 452300000,
    "weightedAverageShsOutDil": 453800000,
    "link": "https://www.sec.gov/Archives/edgar/data/914208/000091420813000308/0000914208-13-000308-index.htm",
    "finalLink": "https://www.sec.gov/Archives/edgar/data/914208/000091420813000308/a201210-k.htm"
  },
  {
    "date": "2011-12-31",
    "symbol": "IVZ",
    "reportedCurrency": "USD",
    "cik": "0000914208",
    "fillingDate": "2012-10-30",
    "acceptedDate": "2012-10-30 16:42:56",
    "calendarYear": "2011",
    "period": "FY",
    "revenue": 4092200000,
    "costOfRevenue": 2460100000,
    "grossProfit": 1522200000,
    "grossProfitRatio": 0.3719759543,
    "researchAndDevelopmentExpenses": 0,
    "generalAndAdministrativeExpenses": 282500000,
    "sellingAndMarketingExpenses": 86000000,
    "sellingGeneralAndAdministrativeExpenses": 367800000,
    "otherExpenses": 272300000,
    "operatingExpenses": 640100000,
    "costAndExpenses": 3100200000,
    "interestIncome": 318200000,
    "interestExpense": 248800000,
    "depreciationAndAmortization": 117400000,
    "ebitda": 1258300000,
    "ebitdaratio": 0.3074874151,
    "operatingIncome": 898100000,
    "operatingIncomeRatio": 0.2194663017,
    "totalOtherIncomeExpensesNet": 10000000,
    "incomeBeforeTax": 908100000,
    "incomeBeforeTaxRatio": 0.2219099751,
    "incomeTaxExpense": 286100000,
    "netIncome": 729700000,
    "netIncomeRatio": 0.1783148429,
    "eps": 1.58,
    "epsdiluted": 1.57,
    "weightedAverageShsOut": 462900000,
    "weightedAverageShsOutDil": 464700000,
    "link": "https://www.sec.gov/Archives/edgar/data/914208/000091420812000528/0000914208-12-000528-index.htm",
    "finalLink": "https://www.sec.gov/Archives/edgar/data/914208/000091420812000528/a201110-kamended.htm"
  },
  {
    "date": "2010-12-31",
    "symbol": "IVZ",
    "reportedCurrency": "USD",
    "cik": "0000914208",
    "fillingDate": "2011-02-25",
    "acceptedDate": "2011-02-25 16:03:08",
    "calendarYear": "2010",
    "period": "FY",
    "revenue": 3487700000,
    "costOfRevenue": 2168700000,
    "grossProfit": 1319000000,
    "grossProfitRatio": 0.3781861972,
    "researchAndDevelopmentExpenses": 0,
    "generalAndAdministrativeExpenses": 262200000,
    "sellingAndMarketingExpenses": 159600000,
    "sellingGeneralAndAdministrativeExpenses": 340700000,
    "otherExpenses": 388400000,
    "operatingExpenses": 729100000,
    "costAndExpenses": 2897800000,
    "interestIncome": 251300000,
    "interestExpense": 177200000,
    "depreciationAndAmortization": 96700000,
    "ebitda": 1107700000,
    "ebitdaratio": 0.317601858,
    "operatingIncome": 589900000,
    "operatingIncomeRatio": 0.1691372538,
    "totalOtherIncomeExpensesNet": 243900000,
    "incomeBeforeTax": 833800000,
    "incomeBeforeTaxRatio": 0.2390687272,
    "incomeTaxExpense": 197000000,
    "netIncome": 465700000,
    "netIncomeRatio": 0.1335263928,
    "eps": 1.01,
    "epsdiluted": 1.01,
    "weightedAverageShsOut": 460400000,
    "weightedAverageShsOutDil": 463200000,
    "link": "https://www.sec.gov/Archives/edgar/data/914208/000095012311018684/0000950123-11-018684-index.htm",
    "finalLink": "https://www.sec.gov/Archives/edgar/data/914208/000095012311018684/g26096e10vk.htm"
  },
  {
    "date": "2009-12-31",
    "symbol": "IVZ",
    "reportedCurrency": "USD",
    "cik": "0000914208",
    "fillingDate": "2010-02-26",
    "acceptedDate": "2010-02-26 14:16:44",
    "calendarYear": "2009",
    "period": "FY",
    "revenue": 2627300000,
    "costOfRevenue": 0,
    "grossProfit": 2627300000,
    "grossProfitRatio": 1,
    "researchAndDevelopmentExpenses": 0,
    "generalAndAdministrativeExpenses": 2034100000,
    "sellingAndMarketingExpenses": 108900000,
    "sellingGeneralAndAdministrativeExpenses": 2143000000,
    "otherExpenses": 0,
    "operatingExpenses": 2143000000,
    "costAndExpenses": 2143000000,
    "interestIncome": 9800000,
    "interestExpense": 64500000,
    "depreciationAndAmortization": 77600000,
    "ebitda": 499600000,
    "ebitdaratio": 0.1901571956,
    "operatingIncome": 484300000,
    "operatingIncomeRatio": 0.1843337266,
    "totalOtherIncomeExpensesNet": -126800000,
    "incomeBeforeTax": 357500000,
    "incomeBeforeTaxRatio": 0.1360712519,
    "incomeTaxExpense": 148200000,
    "netIncome": 322500000,
    "netIncomeRatio": 0.1227495908,
    "eps": 0.77,
    "epsdiluted": 0.76,
    "weightedAverageShsOut": 417200000,
    "weightedAverageShsOutDil": 423600000,
    "link": "https://www.sec.gov/Archives/edgar/data/914208/000095012310017949/0000950123-10-017949-index.htm",
    "finalLink": "https://www.sec.gov/Archives/edgar/data/914208/000095012310017949/g21385e10vk.htm"
  },
  {
    "date": "2008-12-31",
    "symbol": "IVZ",
    "reportedCurrency": "USD",
    "cik": "0000914208",
    "fillingDate": "2009-02-27",
    "acceptedDate": "2009-02-27 09:33:53",
    "calendarYear": "2008",
    "period": "FY",
    "revenue": 3307600000,
    "costOfRevenue": 0,
    "grossProfit": 3307600000,
    "grossProfitRatio": 1,
    "researchAndDevelopmentExpenses": 0,
    "generalAndAdministrativeExpenses": 2411600000,
    "sellingAndMarketingExpenses": 148200000,
    "sellingGeneralAndAdministrativeExpenses": 2559800000,
    "otherExpenses": 0,
    "operatingExpenses": 2559800000,
    "costAndExpenses": 2559800000,
    "interestIncome": 37200000,
    "interestExpense": 76900000,
    "depreciationAndAmortization": 67600000,
    "ebitda": 801500000,
    "ebitdaratio": 0.2423207159,
    "operatingIncome": 747800000,
    "operatingIncomeRatio": 0.2260853791,
    "totalOtherIncomeExpensesNet": -90800000,
    "incomeBeforeTax": 657000000,
    "incomeBeforeTaxRatio": 0.1986334502,
    "incomeTaxExpense": 236000000,
    "netIncome": 481700000,
    "netIncomeRatio": 0.1456342968,
    "eps": 1.24,
    "epsdiluted": 1.21,
    "weightedAverageShsOut": 386400000,
    "weightedAverageShsOutDil": 397500000,
    "link": "https://www.sec.gov/Archives/edgar/data/914208/000091420809000511/0000914208-09-000511-index.htm",
    "finalLink": "https://www.sec.gov/Archives/edgar/data/914208/000091420809000511/form10k123108new.htm"
  },
  {
    "date": "2007-12-31",
    "symbol": "IVZ",
    "reportedCurrency": "USD",
    "cik": "0000914208",
    "fillingDate": "2008-02-29",
    "acceptedDate": "2008-02-29 12:08:44",
    "calendarYear": "2007",
    "period": "FY",
    "revenue": 3878900000,
    "costOfRevenue": 0,
    "grossProfit": 3878900000,
    "grossProfitRatio": 1,
    "researchAndDevelopmentExpenses": 0,
    "generalAndAdministrativeExpenses": 0,
    "sellingAndMarketingExpenses": 157600000,
    "sellingGeneralAndAdministrativeExpenses": 2642100000,
    "otherExpenses": 242500000,
    "operatingExpenses": 2884600000,
    "costAndExpenses": 2884600000,
    "interestIncome": 0,
    "interestExpense": 0,
    "depreciationAndAmortization": 64100000,
    "ebitda": 1058400000,
    "ebitdaratio": 0.2728608626,
    "operatingIncome": 994300000,
    "operatingIncomeRatio": 0.2563355591,
    "totalOtherIncomeExpensesNet": 249500000,
    "incomeBeforeTax": 1243800000,
    "incomeBeforeTaxRatio": 0.3206579185,
    "incomeTaxExpense": 357300000,
    "netIncome": 673600000,
    "netIncomeRatio": 0.1736574802,
    "eps": 1.75,
    "epsdiluted": 1.69,
    "weightedAverageShsOut": 386000000,
    "weightedAverageShsOutDil": 397900000,
    "link": "https://www.sec.gov/Archives/edgar/data/914208/000095014408001518/0000950144-08-001518-index.htm",
    "finalLink": "https://www.sec.gov/Archives/edgar/data/914208/000095014408001518/g11915e10vk.htm"
  },
  {
    "date": "2006-12-31",
    "symbol": "IVZ",
    "reportedCurrency": "USD",
    "cik": "0000914208",
    "fillingDate": "2007-04-10",
    "acceptedDate": "2007-04-10 08:02:02",
    "calendarYear": "2006",
    "period": "FY",
    "revenue": 3246700000,
    "costOfRevenue": 0,
    "grossProfit": 3246700000,
    "grossProfitRatio": 1,
    "researchAndDevelopmentExpenses": 0,
    "generalAndAdministrativeExpenses": 0,
    "sellingAndMarketingExpenses": 0,
    "sellingGeneralAndAdministrativeExpenses": 2243700000,
    "otherExpenses": 243800000,
    "operatingExpenses": 2487500000,
    "costAndExpenses": 2487500000,
    "interestIncome": 0,
    "interestExpense": 0,
    "depreciationAndAmortization": 67500000,
    "ebitda": 839800000,
    "ebitdaratio": 0.2586626421,
    "operatingIncome": 785400000,
    "operatingIncomeRatio": 0.2419071673,
    "totalOtherIncomeExpensesNet": -30800000,
    "incomeBeforeTax": 754600000,
    "incomeBeforeTaxRatio": 0.2324206117,
    "incomeTaxExpense": 263800000,
    "netIncome": 490100000,
    "netIncomeRatio": 0.1509532756,
    "eps": 0.62,
    "epsdiluted": 0.6,
    "weightedAverageShsOut": 791000000,
    "weightedAverageShsOutDil": 810700000,
    "link": "https://www.sec.gov/Archives/edgar/data/914208/000095014407003246/0000950144-07-003246-index.htm",
    "finalLink": "https://www.sec.gov/Archives/edgar/data/914208/000095014407003246/g06401e20vf.htm"
  },
  {
    "date": "2005-12-31",
    "symbol": "IVZ",
    "reportedCurrency": "USD",
    "cik": "0000914208",
    "fillingDate": "2006-06-23",
    "acceptedDate": "2006-06-23 16:32:20",
    "calendarYear": "2005",
    "period": "FY",
    "revenue": 2872600000,
    "costOfRevenue": 0,
    "grossProfit": 2872600000,
    "grossProfitRatio": 1,
    "researchAndDevelopmentExpenses": 0,
    "generalAndAdministrativeExpenses": 0,
    "sellingAndMarketingExpenses": 0,
    "sellingGeneralAndAdministrativeExpenses": 2114600000,
    "otherExpenses": 350100000,
    "operatingExpenses": 2464700000,
    "costAndExpenses": 2464700000,
    "interestIncome": 0,
    "interestExpense": 0,
    "depreciationAndAmortization": 94500000,
    "ebitda": 565000000,
    "ebitdaratio": 0.1966859291,
    "operatingIncome": 407900000,
    "operatingIncomeRatio": 0.1419967973,
    "totalOtherIncomeExpensesNet": -47822000,
    "incomeBeforeTax": 360078000,
    "incomeBeforeTaxRatio": 0.125349161,
    "incomeTaxExpense": 151100000,
    "netIncome": 212240000,
    "netIncomeRatio": 0.073884286,
    "eps": 0.27,
    "epsdiluted": 0.27,
    "weightedAverageShsOut": 794076000,
    "weightedAverageShsOutDil": 800776000,
    "link": "https://www.sec.gov/Archives/edgar/data/914208/000119312506135020/0001193125-06-135020-index.htm",
    "finalLink": "https://www.sec.gov/Archives/edgar/data/914208/000119312506135020/d20f.htm"
  },
  {
    "date": "2004-12-31",
    "symbol": "IVZ",
    "reportedCurrency": "USD",
    "cik": "0000914208",
    "fillingDate": "2005-06-29",
    "acceptedDate": "2005-06-29 12:50:55",
    "calendarYear": "2004",
    "period": "FY",
    "revenue": 2220982000,
    "costOfRevenue": 1648363000,
    "grossProfit": 572619000,
    "grossProfitRatio": 0.2578224407,
    "researchAndDevelopmentExpenses": 0,
    "generalAndAdministrativeExpenses": 0,
    "sellingAndMarketingExpenses": 0,
    "sellingGeneralAndAdministrativeExpenses": 2037136000,
    "otherExpenses": -1648363000,
    "operatingExpenses": 388773000,
    "costAndExpenses": 2037136000,
    "interestIncome": 0,
    "interestExpense": 0,
    "depreciationAndAmortization": 122500000,
    "ebitda": 209825000,
    "ebitdaratio": 0.0944739759,
    "operatingIncome": -208697000,
    "operatingIncomeRatio": -0.0939660925,
    "totalOtherIncomeExpensesNet": 247726000,
    "incomeBeforeTax": 39029000,
    "incomeBeforeTaxRatio": 0.0175728574,
    "incomeTaxExpense": 67706000,
    "netIncome": -36195000,
    "netIncomeRatio": -0.0162968453,
    "eps": -0.0453,
    "epsdiluted": -0.0451,
    "weightedAverageShsOut": 798847000,
    "weightedAverageShsOutDil": 802464000,
    "link": "https://www.sec.gov/Archives/edgar/data/914208/000091420805000161/0000914208-05-000161-index.htm",
    "finalLink": "https://www.sec.gov/Archives/edgar/data/914208/000091420805000161/form20f-2004.txt"
  },
  {
    "date": "2003-12-31",
    "symbol": "IVZ",
    "reportedCurrency": "USD",
    "cik": "0000914208",
    "fillingDate": "2004-04-29",
    "acceptedDate": "2004-04-29 14:42:55",
    "calendarYear": "2003",
    "period": "FY",
    "revenue": 2065302000,
    "costOfRevenue": 1510932000,
    "grossProfit": 554370000,
    "grossProfitRatio": 0.2684207927,
    "researchAndDevelopmentExpenses": 0,
    "generalAndAdministrativeExpenses": 0,
    "sellingAndMarketingExpenses": 0,
    "sellingGeneralAndAdministrativeExpenses": 0,
    "otherExpenses": 417182000,
    "operatingExpenses": 417182000,
    "costAndExpenses": 1928114000,
    "interestIncome": 0,
    "interestExpense": 0,
    "depreciationAndAmortization": 356567000,
    "ebitda": 493755000,
    "ebitdaratio": 0.239071574,
    "operatingIncome": 137188000,
    "operatingIncomeRatio": 0.0664251524,
    "totalOtherIncomeExpensesNet": -72281000,
    "incomeBeforeTax": 64907000,
    "incomeBeforeTaxRatio": 0.0314273651,
    "incomeTaxExpense": 95726000,
    "netIncome": -30819000,
    "netIncomeRatio": -0.0149222729,
    "eps": -0.0384,
    "epsdiluted": -0.0382,
    "weightedAverageShsOut": 803542000,
    "weightedAverageShsOutDil": 806528000,
    "link": "https://www.sec.gov/Archives/edgar/data/914208/000091420804000106/0000914208-04-000106-index.htm",
    "finalLink": "https://www.sec.gov/Archives/edgar/data/914208/000091420804000106/form20f-2003.txt"
  },
  {
    "date": "2002-12-31",
    "symbol": "IVZ",
    "reportedCurrency": "USD",
    "cik": "0000914208",
    "fillingDate": "2003-03-27",
    "acceptedDate": "2003-03-27 16:34:34",
    "calendarYear": "2002",
    "period": "FY",
    "revenue": 2167891000,
    "costOfRevenue": 1576592000,
    "grossProfit": 591299000,
    "grossProfitRatio": 0.2727531043,
    "researchAndDevelopmentExpenses": 0,
    "generalAndAdministrativeExpenses": 0,
    "sellingAndMarketingExpenses": 0,
    "sellingGeneralAndAdministrativeExpenses": 0,
    "otherExpenses": 352375000,
    "operatingExpenses": 352375000,
    "costAndExpenses": 1928967000,
    "interestIncome": 0,
    "interestExpense": 0,
    "depreciationAndAmortization": 337846000,
    "ebitda": 576770000,
    "ebitdaratio": 0.2660511991,
    "operatingIncome": 238924000,
    "operatingIncomeRatio": 0.1102103381,
    "totalOtherIncomeExpensesNet": -74124000,
    "incomeBeforeTax": 164800000,
    "incomeBeforeTaxRatio": 0.0760185821,
    "incomeTaxExpense": 137577000,
    "netIncome": 27223000,
    "netIncomeRatio": 0.0125573657,
    "eps": 0.0322,
    "epsdiluted": 0.0322,
    "weightedAverageShsOut": 845487297,
    "weightedAverageShsOutDil": 845487297,
    "link": "https://www.sec.gov/Archives/edgar/data/914208/000091420803000054/0000914208-03-000054-index.htm",
    "finalLink": "https://www.sec.gov/Archives/edgar/data/914208/000091420803000054/form20f-2002.txt"
  },
  {
    "date": "2001-12-31",
    "symbol": "IVZ",
    "reportedCurrency": "USD",
    "cik": "0000914208",
    "fillingDate": "2002-04-04",
    "acceptedDate": "2002-04-04 00:00:00",
    "calendarYear": "2001",
    "period": "FY",
    "revenue": 2358821000,
    "costOfRevenue": 1596704000,
    "grossProfit": 762117000,
    "grossProfitRatio": 0.3230923415,
    "researchAndDevelopmentExpenses": 0,
    "generalAndAdministrativeExpenses": 0,
    "sellingAndMarketingExpenses": 0,
    "sellingGeneralAndAdministrativeExpenses": 0,
    "otherExpenses": 287562000,
    "operatingExpenses": 287562000,
    "costAndExpenses": 1884266000,
    "interestIncome": 0,
    "interestExpense": 0,
    "depreciationAndAmortization": 299317000,
    "ebitda": 773872000,
    "ebitdaratio": 0.3280757633,
    "operatingIncome": 474555000,
    "operatingIncomeRatio": 0.2011831334,
    "totalOtherIncomeExpensesNet": -66181000,
    "incomeBeforeTax": 408374000,
    "incomeBeforeTaxRatio": 0.1731263203,
    "incomeTaxExpense": 182950000,
    "netIncome": 225424000,
    "netIncomeRatio": 0.0955663868,
    "eps": 0.28,
    "epsdiluted": 0.28,
    "weightedAverageShsOut": 815202965,
    "weightedAverageShsOutDil": 815202965,
    "link": "https://www.sec.gov/Archives/edgar/data/914208/000093176302001134/0000931763-02-001134-index.htm",
    "finalLink": "https://www.sec.gov/Archives/edgar/data/914208/000093176302001134/d20f.txt"
  },
  {
    "date": "2000-12-31",
    "symbol": "IVZ",
    "reportedCurrency": "USD",
    "cik": "0000914208",
    "fillingDate": "2001-05-17",
    "acceptedDate": "2001-05-17 00:00:00",
    "calendarYear": "2000",
    "period": "FY",
    "revenue": 2435175000,
    "costOfRevenue": 1474482000,
    "grossProfit": 960693000,
    "grossProfitRatio": 0.3945067603,
    "researchAndDevelopmentExpenses": 0,
    "generalAndAdministrativeExpenses": 0,
    "sellingAndMarketingExpenses": 0,
    "sellingGeneralAndAdministrativeExpenses": 0,
    "otherExpenses": 164508000,
    "operatingExpenses": 164508000,
    "costAndExpenses": 1638990000,
    "interestIncome": 0,
    "interestExpense": 0,
    "depreciationAndAmortization": 164508000,
    "ebitda": 960693000,
    "ebitdaratio": 0.3945067603,
    "operatingIncome": 796185000,
    "operatingIncomeRatio": 0.3269518618,
    "totalOtherIncomeExpensesNet": -51520000,
    "incomeBeforeTax": 744665000,
    "incomeBeforeTaxRatio": 0.3057952714,
    "incomeTaxExpense": 264456000,
    "netIncome": 431410000,
    "netIncomeRatio": 0.1771576991,
    "eps": 0.66,
    "epsdiluted": 0.63,
    "weightedAverageShsOut": 656360494,
    "weightedAverageShsOutDil": 687616652,
    "link": "https://www.sec.gov/Archives/edgar/data/914208/000095012901500891/0000950129-01-500891-index.htm",
    "finalLink": "https://www.sec.gov/Archives/edgar/data/914208/000095012901500891/h86436e20-f.txt"
  },
  {
    "date": "1999-12-31",
    "symbol": "IVZ",
    "reportedCurrency": "USD",
    "cik": "0000914208",
    "fillingDate": "2000-05-02",
    "acceptedDate": "2000-05-02 00:00:00",
    "calendarYear": "1999",
    "period": "FY",
    "revenue": 1732703000,
    "costOfRevenue": 1055273000,
    "grossProfit": 677430000,
    "grossProfitRatio": 0.3909671767,
    "researchAndDevelopmentExpenses": 0,
    "generalAndAdministrativeExpenses": 0,
    "sellingAndMarketingExpenses": 0,
    "sellingGeneralAndAdministrativeExpenses": 0,
    "otherExpenses": 166904000,
    "operatingExpenses": 166904000,
    "costAndExpenses": 1222177000,
    "interestIncome": 0,
    "interestExpense": 0,
    "depreciationAndAmortization": 166904000,
    "ebitda": 677430000,
    "ebitdaratio": 0.3909671767,
    "operatingIncome": 510526000,
    "operatingIncomeRatio": 0.2946413782,
    "totalOtherIncomeExpensesNet": -53186000,
    "incomeBeforeTax": 457340000,
    "incomeBeforeTaxRatio": 0.263945985,
    "incomeTaxExpense": 164828000,
    "netIncome": 292512000,
    "netIncomeRatio": 0.1688183145,
    "eps": 0.46,
    "epsdiluted": 0.44,
    "weightedAverageShsOut": 633500000,
    "weightedAverageShsOutDil": 666842105,
    "link": "https://www.sec.gov/Archives/edgar/data/914208/000095012900002132/0000950129-00-002132-index.htm",
    "finalLink": "https://www.sec.gov/Archives/edgar/data/914208/000095012900002132/0000950129-00-002132.txt"
  },
  {
    "date": "1998-12-31",
    "symbol": "IVZ",
    "reportedCurrency": "USD",
    "cik": "0000914208",
    "fillingDate": "1999-03-31",
    "acceptedDate": "1999-03-31 00:00:00",
    "calendarYear": "1998",
    "period": "FY",
    "revenue": 1331200000,
    "costOfRevenue": 860700000,
    "grossProfit": 470504000,
    "grossProfitRatio": 0.3534435096,
    "researchAndDevelopmentExpenses": 0,
    "generalAndAdministrativeExpenses": 0,
    "sellingAndMarketingExpenses": 0,
    "sellingGeneralAndAdministrativeExpenses": 0,
    "otherExpenses": 78700000,
    "operatingExpenses": 78700000,
    "costAndExpenses": 939400000,
    "interestIncome": 0,
    "interestExpense": 0,
    "depreciationAndAmortization": 78700000,
    "ebitda": 470504000,
    "ebitdaratio": 0.3534435096,
    "operatingIncome": 391804000,
    "operatingIncomeRatio": 0.2943239183,
    "totalOtherIncomeExpensesNet": -43204000,
    "incomeBeforeTax": 348600000,
    "incomeBeforeTaxRatio": 0.2618689904,
    "incomeTaxExpense": 124700000,
    "netIncome": 156200000,
    "netIncomeRatio": 0.1173377404,
    "eps": 0.25,
    "epsdiluted": 0.24,
    "weightedAverageShsOut": 633571429,
    "weightedAverageShsOutDil": 649500000,
    "link": "https://www.sec.gov/Archives/edgar/data/914208/000095012999001320/0000950129-99-001320-index.htm",
    "finalLink": "https://www.sec.gov/Archives/edgar/data/914208/0000950129-99-001320.txt"
  },
  {
    "date": "1997-12-31",
    "symbol": "IVZ",
    "reportedCurrency": "USD",
    "cik": "0000914208",
    "fillingDate": "1997-12-31",
    "acceptedDate": "1997-12-31 00:00:00",
    "calendarYear": "1997",
    "period": "FY",
    "revenue": 876600000,
    "costOfRevenue": 539100000,
    "grossProfit": 337500000,
    "grossProfitRatio": 0.3850102669,
    "researchAndDevelopmentExpenses": 0,
    "generalAndAdministrativeExpenses": 0,
    "sellingAndMarketingExpenses": 0,
    "sellingGeneralAndAdministrativeExpenses": 0,
    "otherExpenses": 30100000,
    "operatingExpenses": 30100000,
    "costAndExpenses": 569200000,
    "interestIncome": 0,
    "interestExpense": 0,
    "depreciationAndAmortization": 30100000,
    "ebitda": 337500000,
    "ebitdaratio": 0.3850102669,
    "operatingIncome": 307400000,
    "operatingIncomeRatio": 0.350673055,
    "totalOtherIncomeExpensesNet": -14600000,
    "incomeBeforeTax": 292800000,
    "incomeBeforeTaxRatio": 0.334017796,
    "incomeTaxExpense": 99600000,
    "netIncome": 193200000,
    "netIncomeRatio": 0.2203969884,
    "eps": 0.37,
    "epsdiluted": 0.34,
    "weightedAverageShsOut": 522162162,
    "weightedAverageShsOutDil": 568235294,
    "link": null,
    "finalLink": null
  }
]